año;mes;ccaa;producto;volumen_miles_de_kg;valor_miles_de_€;precio_medio_kg;penetración_%;consumo_per_capita;gasto_per_capita;date;Olas;Motivo_ola
2018;01;Nacional;Patatas;108430.72;84640.08;0.78;79.4;2.38;1.85;2018-01-01;Pre-covid;Pre-covid
2018;01;Nacional;Patatas frescas;79445.66;54688.29;0.69;68.46;1.74;1.2;2018-01-01;Pre-covid;Pre-covid
2018;01;Nacional;Patatas congeladas;3999.9;4857.79;1.21;12.06;0.09;0.11;2018-01-01;Pre-covid;Pre-covid
2018;01;Nacional;Patatas procesadas;4997.03;25094.0;5.02;45.94;0.11;0.55;2018-01-01;Pre-covid;Pre-covid
2018;01;Nacional;Hortalizas frescas;209957.24;376688.56;1.79;97.27;4.6;8.25;2018-01-01;Pre-covid;Pre-covid
2018;01;Nacional;Omates;39934.35;67517.73;1.69;77.9;0.88;1.48;2018-01-01;Pre-covid;Pre-covid
2018;01;Nacional;Cebollas;25922.07;26254.86;1.01;69.76;0.57;0.58;2018-01-01;Pre-covid;Pre-covid
2018;01;Nacional;Ajos;2572.64;10736.54;4.17;34.75;0.06;0.24;2018-01-01;Pre-covid;Pre-covid
2018;01;Nacional;Coles;7041.12;7624.86;1.08;23.93;0.15;0.17;2018-01-01;Pre-covid;Pre-covid
2018;01;Nacional;Pepinos;4143.06;6335.35;1.53;22.2;0.09;0.14;2018-01-01;Pre-covid;Pre-covid
2018;01;Nacional;Judias verdes;7030.04;20346.43;2.89;33.73;0.15;0.45;2018-01-01;Pre-covid;Pre-covid
2018;01;Nacional;Pimientos;15385.94;28593.29;1.86;61.36;0.34;0.63;2018-01-01;Pre-covid;Pre-covid
2018;01;Nacional;Champiñoneso setas;5755.65;20953.66;3.64;41.3;0.13;0.46;2018-01-01;Pre-covid;Pre-covid
2018;01;Nacional;Lechuga/esc /endivia;12038.11;33668.4;2.8;58.4;0.26;0.74;2018-01-01;Pre-covid;Pre-covid
2018;01;Nacional;Esparragos;1652.94;4690.18;2.84;7.72;0.04;0.1;2018-01-01;Pre-covid;Pre-covid
2018;01;Nacional;Verduras de hoja;4933.06;12175.73;2.47;27.23;0.11;0.27;2018-01-01;Pre-covid;Pre-covid
2018;01;Nacional;Berenjenas;4383.37;7675.76;1.75;27.33;0.1;0.17;2018-01-01;Pre-covid;Pre-covid
2018;01;Nacional;Zanahorias;13553.18;11335.57;0.84;57.48;0.3;0.25;2018-01-01;Pre-covid;Pre-covid
2018;01;Nacional;Calabacines;15570.6;22163.4;1.42;52.47;0.34;0.49;2018-01-01;Pre-covid;Pre-covid
2018;01;Nacional;Otr hortalizas/verd ;50041.09;96616.8;1.93;82.31;1.1;2.12;2018-01-01;Pre-covid;Pre-covid
2018;01;Nacional;Brocoli;6535.18;8832.66;1.35;28.53;0.14;0.19;2018-01-01;Pre-covid;Pre-covid
2018;01;Nacional;Alcachofas;8463.51;15419.97;1.82;26.25;0.19;0.34;2018-01-01;Pre-covid;Pre-covid
2018;01;Nacional;Verd /hort  iv gama;23884.5;62694.01;2.62;65.1;0.52;1.37;2018-01-01;Pre-covid;Pre-covid
2018;01;Andalucia;Patatas;22409.72;17255.05;0.77;82.96;2.58;1.99;2018-01-01;Pre-covid;Pre-covid
2018;01;Andalucia;Patatas frescas;15651.83;10399.72;0.66;71.12;1.8;1.2;2018-01-01;Pre-covid;Pre-covid
2018;01;Andalucia;Patatas congeladas;956.43;1142.88;1.19;16.79;0.11;0.13;2018-01-01;Pre-covid;Pre-covid
2018;01;Andalucia;Patatas procesadas;1160.29;5712.45;4.92;51.61;0.13;0.66;2018-01-01;Pre-covid;Pre-covid
2018;01;Andalucia;Hortalizas frescas;36232.06;61004.46;1.68;96.72;4.17;7.02;2018-01-01;Pre-covid;Pre-covid
2018;01;Andalucia;Omates;7480.28;11031.97;1.47;79.01;0.86;1.27;2018-01-01;Pre-covid;Pre-covid
2018;01;Andalucia;Cebollas;4717.41;4361.8;0.92;72.88;0.54;0.5;2018-01-01;Pre-covid;Pre-covid
2018;01;Andalucia;Ajos;538.35;2140.82;3.98;40.69;0.06;0.25;2018-01-01;Pre-covid;Pre-covid
2018;01;Andalucia;Coles;1066.82;1045.78;0.98;17.48;0.12;0.12;2018-01-01;Pre-covid;Pre-covid
2018;01;Andalucia;Pepinos;684.99;1071.88;1.56;25.45;0.08;0.12;2018-01-01;Pre-covid;Pre-covid
2018;01;Andalucia;Judias verdes;954.39;2086.55;2.19;32.32;0.11;0.24;2018-01-01;Pre-covid;Pre-covid
2018;01;Andalucia;Pimientos;2714.09;4886.53;1.8;63.87;0.31;0.56;2018-01-01;Pre-covid;Pre-covid
2018;01;Andalucia;Champiñoneso setas;908.6;3405.52;3.75;39.6;0.1;0.39;2018-01-01;Pre-covid;Pre-covid
2018;01;Andalucia;Lechuga/esc /endivia;1939.78;5624.43;2.9;57.76;0.22;0.65;2018-01-01;Pre-covid;Pre-covid
2018;01;Andalucia;Esparragos;276.53;645.45;2.33;7.35;0.03;0.07;2018-01-01;Pre-covid;Pre-covid
2018;01;Andalucia;Verduras de hoja;751.1;1862.74;2.48;26.36;0.09;0.21;2018-01-01;Pre-covid;Pre-covid
2018;01;Andalucia;Berenjenas;902.51;1462.52;1.62;30.99;0.1;0.17;2018-01-01;Pre-covid;Pre-covid
2018;01;Andalucia;Zanahorias;2245.92;1742.42;0.78;52.51;0.26;0.2;2018-01-01;Pre-covid;Pre-covid
2018;01;Andalucia;Calabacines;2693.93;3666.49;1.36;49.57;0.31;0.42;2018-01-01;Pre-covid;Pre-covid
2018;01;Andalucia;Otr hortalizas/verd ;8357.34;15969.56;1.91;83.0;0.96;1.84;2018-01-01;Pre-covid;Pre-covid
2018;01;Andalucia;Brocoli;972.91;1358.96;1.4;29.01;0.11;0.16;2018-01-01;Pre-covid;Pre-covid
2018;01;Andalucia;Alcachofas;1064.79;1844.68;1.73;22.93;0.12;0.21;2018-01-01;Pre-covid;Pre-covid
2018;01;Andalucia;Verd /hort  iv gama;4587.51;10886.52;2.37;64.84;0.53;1.25;2018-01-01;Pre-covid;Pre-covid
2018;01;Aragon;Patatas;2646.29;1981.31;0.75;72.65;2.02;1.51;2018-01-01;Pre-covid;Pre-covid
2018;01;Aragon;Patatas frescas;2075.29;1357.56;0.65;63.55;1.58;1.03;2018-01-01;Pre-covid;Pre-covid
2018;01;Aragon;Patatas congeladas;60.13;72.22;1.2;9.95;0.05;0.06;2018-01-01;Pre-covid;Pre-covid
2018;01;Aragon;Patatas procesadas;102.17;551.53;5.4;38.73;0.08;0.42;2018-01-01;Pre-covid;Pre-covid
2018;01;Aragon;Hortalizas frescas;6769.46;12339.94;1.82;98.32;5.16;9.4;2018-01-01;Pre-covid;Pre-covid
2018;01;Aragon;Omates;1151.9;2038.5;1.77;87.79;0.88;1.55;2018-01-01;Pre-covid;Pre-covid
2018;01;Aragon;Cebollas;771.52;809.92;1.05;73.15;0.59;0.62;2018-01-01;Pre-covid;Pre-covid
2018;01;Aragon;Ajos;63.53;254.52;4.01;31.91;0.05;0.19;2018-01-01;Pre-covid;Pre-covid
2018;01;Aragon;Coles;146.69;153.98;1.05;22.15;0.11;0.12;2018-01-01;Pre-covid;Pre-covid
2018;01;Aragon;Pepinos;176.04;275.83;1.57;24.84;0.13;0.21;2018-01-01;Pre-covid;Pre-covid
2018;01;Aragon;Judias verdes;284.13;828.97;2.92;36.54;0.22;0.63;2018-01-01;Pre-covid;Pre-covid
2018;01;Aragon;Pimientos;432.37;819.44;1.9;55.9;0.33;0.62;2018-01-01;Pre-covid;Pre-covid
2018;01;Aragon;Champiñoneso setas;155.3;607.19;3.91;51.25;0.12;0.46;2018-01-01;Pre-covid;Pre-covid
2018;01;Aragon;Lechuga/esc /endivia;530.03;1492.61;2.82;63.68;0.4;1.14;2018-01-01;Pre-covid;Pre-covid
2018;01;Aragon;Esparragos;50.02;208.75;4.17;11.71;0.04;0.16;2018-01-01;Pre-covid;Pre-covid
2018;01;Aragon;Verduras de hoja;348.55;597.62;1.71;32.98;0.27;0.46;2018-01-01;Pre-covid;Pre-covid
2018;01;Aragon;Berenjenas;85.81;155.21;1.81;21.06;0.07;0.12;2018-01-01;Pre-covid;Pre-covid
2018;01;Aragon;Zanahorias;381.09;310.82;0.82;57.95;0.29;0.24;2018-01-01;Pre-covid;Pre-covid
2018;01;Aragon;Calabacines;461.16;670.5;1.45;51.23;0.35;0.51;2018-01-01;Pre-covid;Pre-covid
2018;01;Aragon;Otr hortalizas/verd ;1731.33;3116.06;1.8;81.51;1.32;2.37;2018-01-01;Pre-covid;Pre-covid
2018;01;Aragon;Brocoli;346.39;386.78;1.12;36.87;0.26;0.29;2018-01-01;Pre-covid;Pre-covid
2018;01;Aragon;Alcachofas;140.93;252.21;1.79;18.23;0.11;0.19;2018-01-01;Pre-covid;Pre-covid
2018;01;Aragon;Verd /hort  iv gama;532.01;1563.43;2.94;63.62;0.41;1.19;2018-01-01;Pre-covid;Pre-covid
2018;01;Asturias;Patatas;2574.16;1997.07;0.78;76.07;2.37;1.84;2018-01-01;Pre-covid;Pre-covid
2018;01;Asturias;Patatas frescas;1949.01;1352.99;0.69;62.43;1.8;1.25;2018-01-01;Pre-covid;Pre-covid
2018;01;Asturias;Patatas congeladas;81.38;88.14;1.08;8.07;0.08;0.08;2018-01-01;Pre-covid;Pre-covid
2018;01;Asturias;Patatas procesadas;108.75;555.95;5.11;41.74;0.1;0.51;2018-01-01;Pre-covid;Pre-covid
2018;01;Asturias;Hortalizas frescas;3584.77;7172.12;2.0;97.28;3.31;6.62;2018-01-01;Pre-covid;Pre-covid
2018;01;Asturias;Omates;722.51;1309.88;1.81;72.83;0.67;1.21;2018-01-01;Pre-covid;Pre-covid
2018;01;Asturias;Cebollas;543.04;707.04;1.3;66.94;0.5;0.65;2018-01-01;Pre-covid;Pre-covid
2018;01;Asturias;Ajos;106.9;477.38;4.47;47.77;0.1;0.44;2018-01-01;Pre-covid;Pre-covid
2018;01;Asturias;Coles;125.08;148.32;1.19;18.61;0.12;0.14;2018-01-01;Pre-covid;Pre-covid
2018;01;Asturias;Pepinos;17.31;25.02;1.45;5.36;0.02;0.02;2018-01-01;Pre-covid;Pre-covid
2018;01;Asturias;Judias verdes;64.15;192.15;3.0;16.69;0.06;0.18;2018-01-01;Pre-covid;Pre-covid
2018;01;Asturias;Pimientos;281.42;573.99;2.04;59.03;0.26;0.53;2018-01-01;Pre-covid;Pre-covid
2018;01;Asturias;Champiñoneso setas;100.96;473.92;4.69;39.71;0.09;0.44;2018-01-01;Pre-covid;Pre-covid
2018;01;Asturias;Lechuga/esc /endivia;236.92;656.1;2.77;45.94;0.22;0.61;2018-01-01;Pre-covid;Pre-covid
2018;01;Asturias;Esparragos;19.72;39.82;2.02;3.72;0.02;0.04;2018-01-01;Pre-covid;Pre-covid
2018;01;Asturias;Verduras de hoja;45.16;200.34;4.44;18.27;0.04;0.18;2018-01-01;Pre-covid;Pre-covid
2018;01;Asturias;Berenjenas;80.31;163.98;2.04;15.36;0.07;0.15;2018-01-01;Pre-covid;Pre-covid
2018;01;Asturias;Zanahorias;221.66;214.26;0.97;50.13;0.2;0.2;2018-01-01;Pre-covid;Pre-covid
2018;01;Asturias;Calabacines;333.66;462.44;1.39;48.06;0.31;0.43;2018-01-01;Pre-covid;Pre-covid
2018;01;Asturias;Otr hortalizas/verd ;685.98;1527.47;2.23;71.29;0.63;1.41;2018-01-01;Pre-covid;Pre-covid
2018;01;Asturias;Brocoli;113.34;163.18;1.44;21.41;0.1;0.15;2018-01-01;Pre-covid;Pre-covid
2018;01;Asturias;Alcachofas;59.43;104.22;1.75;9.53;0.05;0.1;2018-01-01;Pre-covid;Pre-covid
2018;01;Asturias;Verd /hort  iv gama;437.4;1386.48;3.17;56.74;0.4;1.28;2018-01-01;Pre-covid;Pre-covid
2018;01;Baleares;Patatas;2612.78;2120.11;0.81;84.4;2.54;2.06;2018-01-01;Pre-covid;Pre-covid
2018;01;Baleares;Patatas frescas;1890.23;1403.53;0.74;75.16;1.83;1.36;2018-01-01;Pre-covid;Pre-covid
2018;01;Baleares;Patatas congeladas;84.77;113.89;1.34;12.65;0.08;0.11;2018-01-01;Pre-covid;Pre-covid
2018;01;Baleares;Patatas procesadas;127.56;602.7;4.72;44.5;0.12;0.59;2018-01-01;Pre-covid;Pre-covid
2018;01;Baleares;Hortalizas frescas;5149.1;9584.95;1.86;98.34;5.0;9.3;2018-01-01;Pre-covid;Pre-covid
2018;01;Baleares;Omates;965.86;1796.34;1.86;83.93;0.94;1.74;2018-01-01;Pre-covid;Pre-covid
2018;01;Baleares;Cebollas;878.0;905.23;1.03;81.61;0.85;0.88;2018-01-01;Pre-covid;Pre-covid
2018;01;Baleares;Ajos;42.86;198.42;4.63;28.91;0.04;0.19;2018-01-01;Pre-covid;Pre-covid
2018;01;Baleares;Coles;134.19;193.09;1.44;31.48;0.13;0.19;2018-01-01;Pre-covid;Pre-covid
2018;01;Baleares;Pepinos;112.33;208.5;1.86;18.71;0.11;0.2;2018-01-01;Pre-covid;Pre-covid
2018;01;Baleares;Judias verdes;154.1;458.82;2.98;44.65;0.15;0.45;2018-01-01;Pre-covid;Pre-covid
2018;01;Baleares;Pimientos;392.8;787.99;2.01;54.82;0.38;0.76;2018-01-01;Pre-covid;Pre-covid
2018;01;Baleares;Champiñoneso setas;194.17;655.11;3.37;49.26;0.19;0.64;2018-01-01;Pre-covid;Pre-covid
2018;01;Baleares;Lechuga/esc /endivia;279.64;819.08;2.93;63.61;0.27;0.8;2018-01-01;Pre-covid;Pre-covid
2018;01;Baleares;Esparragos;20.93;44.88;2.14;4.06;0.02;0.04;2018-01-01;Pre-covid;Pre-covid
2018;01;Baleares;Verduras de hoja;77.09;244.47;3.17;25.19;0.07;0.24;2018-01-01;Pre-covid;Pre-covid
2018;01;Baleares;Berenjenas;108.22;195.36;1.81;33.16;0.11;0.19;2018-01-01;Pre-covid;Pre-covid
2018;01;Baleares;Zanahorias;372.95;301.24;0.81;64.02;0.36;0.29;2018-01-01;Pre-covid;Pre-covid
2018;01;Baleares;Calabacines;243.9;403.12;1.65;48.07;0.24;0.39;2018-01-01;Pre-covid;Pre-covid
2018;01;Baleares;Otr hortalizas/verd ;1172.06;2373.3;2.02;86.79;1.14;2.3;2018-01-01;Pre-covid;Pre-covid
2018;01;Baleares;Brocoli;137.72;243.09;1.77;34.2;0.13;0.24;2018-01-01;Pre-covid;Pre-covid
2018;01;Baleares;Alcachofas;192.67;392.61;2.04;41.17;0.19;0.38;2018-01-01;Pre-covid;Pre-covid
2018;01;Baleares;Verd /hort  iv gama;934.99;2053.41;2.2;68.82;0.91;1.99;2018-01-01;Pre-covid;Pre-covid
2018;01;Canarias;Patatas;5413.88;4592.87;0.85;80.54;2.48;2.1;2018-01-01;Pre-covid;Pre-covid
2018;01;Canarias;Patatas frescas;4425.69;3669.47;0.83;66.35;2.02;1.68;2018-01-01;Pre-covid;Pre-covid
2018;01;Canarias;Patatas congeladas;237.55;246.81;1.04;10.56;0.11;0.11;2018-01-01;Pre-covid;Pre-covid
2018;01;Canarias;Patatas procesadas;150.13;676.59;4.51;36.37;0.07;0.31;2018-01-01;Pre-covid;Pre-covid
2018;01;Canarias;Hortalizas frescas;9826.05;18343.27;1.87;97.75;4.49;8.39;2018-01-01;Pre-covid;Pre-covid
2018;01;Canarias;Omates;1649.68;2692.34;1.63;80.95;0.75;1.23;2018-01-01;Pre-covid;Pre-covid
2018;01;Canarias;Cebollas;1325.56;1355.73;1.02;77.41;0.61;0.62;2018-01-01;Pre-covid;Pre-covid
2018;01;Canarias;Ajos;93.1;368.1;3.95;43.46;0.04;0.17;2018-01-01;Pre-covid;Pre-covid
2018;01;Canarias;Coles;205.6;275.62;1.34;24.52;0.09;0.13;2018-01-01;Pre-covid;Pre-covid
2018;01;Canarias;Pepinos;179.72;309.13;1.72;24.47;0.08;0.14;2018-01-01;Pre-covid;Pre-covid
2018;01;Canarias;Judias verdes;289.42;699.29;2.42;22.79;0.13;0.32;2018-01-01;Pre-covid;Pre-covid
2018;01;Canarias;Pimientos;1139.83;2075.8;1.82;78.82;0.52;0.95;2018-01-01;Pre-covid;Pre-covid
2018;01;Canarias;Champiñoneso setas;211.69;834.0;3.94;39.98;0.1;0.38;2018-01-01;Pre-covid;Pre-covid
2018;01;Canarias;Lechuga/esc /endivia;252.13;836.3;3.32;42.52;0.12;0.38;2018-01-01;Pre-covid;Pre-covid
2018;01;Canarias;Esparragos;27.81;84.85;3.05;3.48;0.01;0.04;2018-01-01;Pre-covid;Pre-covid
2018;01;Canarias;Verduras de hoja;95.91;414.51;4.32;17.55;0.04;0.19;2018-01-01;Pre-covid;Pre-covid
2018;01;Canarias;Berenjenas;94.69;198.31;2.09;17.2;0.04;0.09;2018-01-01;Pre-covid;Pre-covid
2018;01;Canarias;Zanahorias;768.91;775.6;1.01;71.0;0.35;0.35;2018-01-01;Pre-covid;Pre-covid
2018;01;Canarias;Calabacines;1309.37;1960.66;1.5;70.04;0.6;0.9;2018-01-01;Pre-covid;Pre-covid
2018;01;Canarias;Otr hortalizas/verd ;2182.63;5463.02;2.5;88.32;1.0;2.5;2018-01-01;Pre-covid;Pre-covid
2018;01;Canarias;Brocoli;87.48;204.28;2.34;12.89;0.04;0.09;2018-01-01;Pre-covid;Pre-covid
2018;01;Canarias;Alcachofas;4.33;16.44;3.8;0.54;0.0;0.01;2018-01-01;Pre-covid;Pre-covid
2018;01;Canarias;Verd /hort  iv gama;1511.13;3507.97;2.32;61.03;0.69;1.6;2018-01-01;Pre-covid;Pre-covid
2018;01;Cantabria;Patatas;1105.9;761.13;0.69;74.12;1.99;1.37;2018-01-01;Pre-covid;Pre-covid
2018;01;Cantabria;Patatas frescas;857.1;551.6;0.64;67.16;1.54;0.99;2018-01-01;Pre-covid;Pre-covid
2018;01;Cantabria;Patatas congeladas;26.83;36.23;1.35;7.44;0.05;0.07;2018-01-01;Pre-covid;Pre-covid
2018;01;Cantabria;Patatas procesadas;44.4;173.3;3.9;38.12;0.08;0.31;2018-01-01;Pre-covid;Pre-covid
2018;01;Cantabria;Hortalizas frescas;2167.68;3919.77;1.81;98.0;3.89;7.04;2018-01-01;Pre-covid;Pre-covid
2018;01;Cantabria;Omates;292.46;535.09;1.83;62.85;0.53;0.96;2018-01-01;Pre-covid;Pre-covid
2018;01;Cantabria;Cebollas;239.27;266.87;1.12;47.8;0.43;0.48;2018-01-01;Pre-covid;Pre-covid
2018;01;Cantabria;Ajos;33.46;148.06;4.43;22.72;0.06;0.27;2018-01-01;Pre-covid;Pre-covid
2018;01;Cantabria;Coles;57.16;59.24;1.04;19.74;0.1;0.11;2018-01-01;Pre-covid;Pre-covid
2018;01;Cantabria;Pepinos;43.73;71.29;1.63;20.34;0.08;0.13;2018-01-01;Pre-covid;Pre-covid
2018;01;Cantabria;Judias verdes;55.63;177.92;3.2;16.17;0.1;0.32;2018-01-01;Pre-covid;Pre-covid
2018;01;Cantabria;Pimientos;211.08;441.31;2.09;61.62;0.38;0.79;2018-01-01;Pre-covid;Pre-covid
2018;01;Cantabria;Champiñoneso setas;79.3;219.97;2.77;42.77;0.14;0.4;2018-01-01;Pre-covid;Pre-covid
2018;01;Cantabria;Lechuga/esc /endivia;116.52;311.12;2.67;60.4;0.21;0.56;2018-01-01;Pre-covid;Pre-covid
2018;01;Cantabria;Esparragos;0.57;4.76;8.33;0.74;0.0;0.01;2018-01-01;Pre-covid;Pre-covid
2018;01;Cantabria;Verduras de hoja;21.81;56.89;2.61;13.72;0.04;0.1;2018-01-01;Pre-covid;Pre-covid
2018;01;Cantabria;Berenjenas;42.76;84.79;1.98;23.11;0.08;0.15;2018-01-01;Pre-covid;Pre-covid
2018;01;Cantabria;Zanahorias;169.61;119.39;0.7;48.18;0.3;0.21;2018-01-01;Pre-covid;Pre-covid
2018;01;Cantabria;Calabacines;159.51;253.85;1.59;41.9;0.29;0.46;2018-01-01;Pre-covid;Pre-covid
2018;01;Cantabria;Otr hortalizas/verd ;644.81;1169.21;1.81;70.3;1.16;2.1;2018-01-01;Pre-covid;Pre-covid
2018;01;Cantabria;Brocoli;88.3;164.7;1.87;27.7;0.16;0.3;2018-01-01;Pre-covid;Pre-covid
2018;01;Cantabria;Alcachofas;17.3;34.18;1.98;8.05;0.03;0.06;2018-01-01;Pre-covid;Pre-covid
2018;01;Cantabria;Verd /hort  iv gama;241.26;572.1;2.37;72.49;0.43;1.03;2018-01-01;Pre-covid;Pre-covid
2018;01;Castilla la mancha;Patatas;4597.4;3445.59;0.75;75.59;2.19;1.64;2018-01-01;Pre-covid;Pre-covid
2018;01;Castilla la mancha;Patatas frescas;3210.36;2018.6;0.63;64.53;1.53;0.96;2018-01-01;Pre-covid;Pre-covid
2018;01;Castilla la mancha;Patatas congeladas;313.0;345.05;1.1;17.22;0.15;0.16;2018-01-01;Pre-covid;Pre-covid
2018;01;Castilla la mancha;Patatas procesadas;214.81;1081.95;5.04;50.65;0.1;0.52;2018-01-01;Pre-covid;Pre-covid
2018;01;Castilla la mancha;Hortalizas frescas;7783.55;13613.38;1.75;96.82;3.71;6.49;2018-01-01;Pre-covid;Pre-covid
2018;01;Castilla la mancha;Omates;1925.5;3019.56;1.57;76.16;0.92;1.44;2018-01-01;Pre-covid;Pre-covid
2018;01;Castilla la mancha;Cebollas;860.68;852.49;0.99;61.93;0.41;0.41;2018-01-01;Pre-covid;Pre-covid
2018;01;Castilla la mancha;Ajos;99.13;376.27;3.8;30.86;0.05;0.18;2018-01-01;Pre-covid;Pre-covid
2018;01;Castilla la mancha;Coles;181.18;173.26;0.96;14.08;0.09;0.08;2018-01-01;Pre-covid;Pre-covid
2018;01;Castilla la mancha;Pepinos;260.42;376.51;1.45;32.63;0.12;0.18;2018-01-01;Pre-covid;Pre-covid
2018;01;Castilla la mancha;Judias verdes;209.3;623.97;2.98;30.71;0.1;0.3;2018-01-01;Pre-covid;Pre-covid
2018;01;Castilla la mancha;Pimientos;634.8;1131.28;1.78;56.71;0.3;0.54;2018-01-01;Pre-covid;Pre-covid
2018;01;Castilla la mancha;Champiñoneso setas;277.74;1116.68;4.02;54.88;0.13;0.53;2018-01-01;Pre-covid;Pre-covid
2018;01;Castilla la mancha;Lechuga/esc /endivia;372.23;990.77;2.66;53.3;0.18;0.47;2018-01-01;Pre-covid;Pre-covid
2018;01;Castilla la mancha;Esparragos;118.14;280.63;2.38;11.6;0.06;0.13;2018-01-01;Pre-covid;Pre-covid
2018;01;Castilla la mancha;Verduras de hoja;185.97;438.88;2.36;26.96;0.09;0.21;2018-01-01;Pre-covid;Pre-covid
2018;01;Castilla la mancha;Berenjenas;126.39;245.37;1.94;20.14;0.06;0.12;2018-01-01;Pre-covid;Pre-covid
2018;01;Castilla la mancha;Zanahorias;453.73;365.0;0.8;55.61;0.22;0.17;2018-01-01;Pre-covid;Pre-covid
2018;01;Castilla la mancha;Calabacines;718.27;1031.37;1.44;59.59;0.34;0.49;2018-01-01;Pre-covid;Pre-covid
2018;01;Castilla la mancha;Otr hortalizas/verd ;1360.06;2591.36;1.91;72.78;0.65;1.24;2018-01-01;Pre-covid;Pre-covid
2018;01;Castilla la mancha;Brocoli;167.27;246.93;1.48;22.37;0.08;0.12;2018-01-01;Pre-covid;Pre-covid
2018;01;Castilla la mancha;Alcachofas;257.47;474.7;1.84;25.29;0.12;0.23;2018-01-01;Pre-covid;Pre-covid
2018;01;Castilla la mancha;Verd /hort  iv gama;869.26;2139.66;2.46;64.27;0.41;1.02;2018-01-01;Pre-covid;Pre-covid
2018;01;Castilla leon;Patatas;4092.65;2906.39;0.71;63.25;1.67;1.19;2018-01-01;Pre-covid;Pre-covid
2018;01;Castilla leon;Patatas frescas;3043.99;1801.08;0.59;50.77;1.24;0.74;2018-01-01;Pre-covid;Pre-covid
2018;01;Castilla leon;Patatas congeladas;127.83;161.58;1.26;8.22;0.05;0.07;2018-01-01;Pre-covid;Pre-covid
2018;01;Castilla leon;Patatas procesadas;184.16;943.73;5.12;33.07;0.08;0.39;2018-01-01;Pre-covid;Pre-covid
2018;01;Castilla leon;Hortalizas frescas;8783.29;15284.8;1.74;95.76;3.59;6.25;2018-01-01;Pre-covid;Pre-covid
2018;01;Castilla leon;Omates;1500.63;2438.2;1.62;69.58;0.61;1.0;2018-01-01;Pre-covid;Pre-covid
2018;01;Castilla leon;Cebollas;1061.73;1038.21;0.98;57.21;0.43;0.42;2018-01-01;Pre-covid;Pre-covid
2018;01;Castilla leon;Ajos;117.59;463.28;3.94;26.18;0.05;0.19;2018-01-01;Pre-covid;Pre-covid
2018;01;Castilla leon;Coles;383.01;415.04;1.08;26.19;0.16;0.17;2018-01-01;Pre-covid;Pre-covid
2018;01;Castilla leon;Pepinos;145.2;216.27;1.49;15.21;0.06;0.09;2018-01-01;Pre-covid;Pre-covid
2018;01;Castilla leon;Judias verdes;258.11;697.83;2.7;25.14;0.11;0.29;2018-01-01;Pre-covid;Pre-covid
2018;01;Castilla leon;Pimientos;776.89;1394.1;1.79;61.41;0.32;0.57;2018-01-01;Pre-covid;Pre-covid
2018;01;Castilla leon;Champiñoneso setas;260.52;857.84;3.29;34.09;0.11;0.35;2018-01-01;Pre-covid;Pre-covid
2018;01;Castilla leon;Lechuga/esc /endivia;714.31;1772.49;2.48;60.43;0.29;0.72;2018-01-01;Pre-covid;Pre-covid
2018;01;Castilla leon;Esparragos;135.32;514.25;3.8;4.61;0.06;0.21;2018-01-01;Pre-covid;Pre-covid
2018;01;Castilla leon;Verduras de hoja;159.67;421.75;2.64;20.59;0.07;0.17;2018-01-01;Pre-covid;Pre-covid
2018;01;Castilla leon;Berenjenas;147.57;258.42;1.75;19.37;0.06;0.11;2018-01-01;Pre-covid;Pre-covid
2018;01;Castilla leon;Zanahorias;766.19;552.67;0.72;53.26;0.31;0.23;2018-01-01;Pre-covid;Pre-covid
2018;01;Castilla leon;Calabacines;630.55;851.99;1.35;46.68;0.26;0.35;2018-01-01;Pre-covid;Pre-covid
2018;01;Castilla leon;Otr hortalizas/verd ;1726.0;3392.46;1.97;77.58;0.71;1.39;2018-01-01;Pre-covid;Pre-covid
2018;01;Castilla leon;Brocoli;277.2;388.95;1.4;23.42;0.11;0.16;2018-01-01;Pre-covid;Pre-covid
2018;01;Castilla leon;Alcachofas;166.21;315.34;1.9;12.21;0.07;0.13;2018-01-01;Pre-covid;Pre-covid
2018;01;Castilla leon;Verd /hort  iv gama;1118.68;3058.33;2.73;60.43;0.46;1.25;2018-01-01;Pre-covid;Pre-covid
2018;01;Cataluña;Patatas;19590.65;16083.99;0.82;86.85;2.83;2.32;2018-01-01;Pre-covid;Pre-covid
2018;01;Cataluña;Patatas frescas;14309.07;10328.3;0.72;79.47;2.07;1.49;2018-01-01;Pre-covid;Pre-covid
2018;01;Cataluña;Patatas congeladas;616.32;812.53;1.32;11.86;0.09;0.12;2018-01-01;Pre-covid;Pre-covid
2018;01;Cataluña;Patatas procesadas;933.05;4943.15;5.3;54.72;0.13;0.71;2018-01-01;Pre-covid;Pre-covid
2018;01;Cataluña;Hortalizas frescas;41332.1;78534.67;1.9;98.35;5.97;11.35;2018-01-01;Pre-covid;Pre-covid
2018;01;Cataluña;Omates;7779.26;15094.81;1.94;84.07;1.12;2.18;2018-01-01;Pre-covid;Pre-covid
2018;01;Cataluña;Cebollas;5204.71;5713.65;1.1;78.89;0.75;0.83;2018-01-01;Pre-covid;Pre-covid
2018;01;Cataluña;Ajos;403.37;1737.14;4.31;34.17;0.06;0.25;2018-01-01;Pre-covid;Pre-covid
2018;01;Cataluña;Coles;1333.92;1392.88;1.04;28.11;0.19;0.2;2018-01-01;Pre-covid;Pre-covid
2018;01;Cataluña;Pepinos;661.15;1040.8;1.57;22.68;0.1;0.15;2018-01-01;Pre-covid;Pre-covid
2018;01;Cataluña;Judias verdes;1695.4;6013.33;3.55;43.86;0.25;0.87;2018-01-01;Pre-covid;Pre-covid
2018;01;Cataluña;Pimientos;2556.71;4930.74;1.93;60.54;0.37;0.71;2018-01-01;Pre-covid;Pre-covid
2018;01;Cataluña;Champiñoneso setas;1067.81;3700.99;3.47;41.74;0.15;0.53;2018-01-01;Pre-covid;Pre-covid
2018;01;Cataluña;Lechuga/esc /endivia;2561.67;7287.17;2.84;65.93;0.37;1.05;2018-01-01;Pre-covid;Pre-covid
2018;01;Cataluña;Esparragos;408.44;869.51;2.13;9.53;0.06;0.13;2018-01-01;Pre-covid;Pre-covid
2018;01;Cataluña;Verduras de hoja;960.66;2391.02;2.49;30.21;0.14;0.35;2018-01-01;Pre-covid;Pre-covid
2018;01;Cataluña;Berenjenas;956.41;1738.83;1.82;41.14;0.14;0.25;2018-01-01;Pre-covid;Pre-covid
2018;01;Cataluña;Zanahorias;2165.8;1986.49;0.92;56.51;0.31;0.29;2018-01-01;Pre-covid;Pre-covid
2018;01;Cataluña;Calabacines;2594.5;3975.87;1.53;50.93;0.37;0.57;2018-01-01;Pre-covid;Pre-covid
2018;01;Cataluña;Otr hortalizas/verd ;10982.28;20661.43;1.88;88.51;1.59;2.99;2018-01-01;Pre-covid;Pre-covid
2018;01;Cataluña;Brocoli;1544.37;1833.26;1.19;34.88;0.22;0.26;2018-01-01;Pre-covid;Pre-covid
2018;01;Cataluña;Alcachofas;2527.17;5005.09;1.98;46.45;0.37;0.72;2018-01-01;Pre-covid;Pre-covid
2018;01;Cataluña;Verd /hort  iv gama;4523.53;12190.38;2.69;70.94;0.65;1.76;2018-01-01;Pre-covid;Pre-covid
2018;01;Extremadura;Patatas;2181.27;1542.54;0.71;79.27;1.85;1.31;2018-01-01;Pre-covid;Pre-covid
2018;01;Extremadura;Patatas frescas;1611.04;948.7;0.59;60.77;1.37;0.8;2018-01-01;Pre-covid;Pre-covid
2018;01;Extremadura;Patatas congeladas;127.8;137.47;1.08;12.7;0.11;0.12;2018-01-01;Pre-covid;Pre-covid
2018;01;Extremadura;Patatas procesadas;88.49;456.37;5.16;46.07;0.08;0.39;2018-01-01;Pre-covid;Pre-covid
2018;01;Extremadura;Hortalizas frescas;3930.43;6573.6;1.67;96.1;3.33;5.58;2018-01-01;Pre-covid;Pre-covid
2018;01;Extremadura;Omates;852.13;1288.35;1.51;78.05;0.72;1.09;2018-01-01;Pre-covid;Pre-covid
2018;01;Extremadura;Cebollas;481.33;482.73;1.0;61.46;0.41;0.41;2018-01-01;Pre-covid;Pre-covid
2018;01;Extremadura;Ajos;53.36;217.0;4.07;37.45;0.05;0.18;2018-01-01;Pre-covid;Pre-covid
2018;01;Extremadura;Coles;186.79;154.26;0.83;12.4;0.16;0.13;2018-01-01;Pre-covid;Pre-covid
2018;01;Extremadura;Pepinos;64.48;93.17;1.45;20.2;0.05;0.08;2018-01-01;Pre-covid;Pre-covid
2018;01;Extremadura;Judias verdes;78.4;206.2;2.63;21.8;0.07;0.17;2018-01-01;Pre-covid;Pre-covid
2018;01;Extremadura;Pimientos;248.91;448.95;1.8;53.42;0.21;0.38;2018-01-01;Pre-covid;Pre-covid
2018;01;Extremadura;Champiñoneso setas;92.89;311.71;3.36;41.53;0.08;0.26;2018-01-01;Pre-covid;Pre-covid
2018;01;Extremadura;Lechuga/esc /endivia;296.45;813.0;2.74;55.49;0.25;0.69;2018-01-01;Pre-covid;Pre-covid
2018;01;Extremadura;Esparragos;9.96;49.5;4.97;5.08;0.01;0.04;2018-01-01;Pre-covid;Pre-covid
2018;01;Extremadura;Verduras de hoja;107.18;254.89;2.38;25.12;0.09;0.22;2018-01-01;Pre-covid;Pre-covid
2018;01;Extremadura;Berenjenas;43.99;81.55;1.85;19.01;0.04;0.07;2018-01-01;Pre-covid;Pre-covid
2018;01;Extremadura;Zanahorias;236.01;205.79;0.87;47.45;0.2;0.17;2018-01-01;Pre-covid;Pre-covid
2018;01;Extremadura;Calabacines;271.23;352.72;1.3;46.61;0.23;0.3;2018-01-01;Pre-covid;Pre-covid
2018;01;Extremadura;Otr hortalizas/verd ;907.32;1613.78;1.78;69.48;0.77;1.37;2018-01-01;Pre-covid;Pre-covid
2018;01;Extremadura;Brocoli;205.68;228.09;1.11;23.65;0.17;0.19;2018-01-01;Pre-covid;Pre-covid
2018;01;Extremadura;Alcachofas;117.81;224.03;1.9;20.96;0.1;0.19;2018-01-01;Pre-covid;Pre-covid
2018;01;Extremadura;Verd /hort  iv gama;396.75;1108.63;2.79;66.5;0.34;0.94;2018-01-01;Pre-covid;Pre-covid
2018;01;Galicia;Patatas;5652.75;3867.87;0.68;61.01;2.04;1.4;2018-01-01;Pre-covid;Pre-covid
2018;01;Galicia;Patatas frescas;4598.08;2830.53;0.62;46.0;1.66;1.02;2018-01-01;Pre-covid;Pre-covid
2018;01;Galicia;Patatas congeladas;129.49;143.88;1.11;6.43;0.05;0.05;2018-01-01;Pre-covid;Pre-covid
2018;01;Galicia;Patatas procesadas;185.03;893.47;4.83;31.41;0.07;0.32;2018-01-01;Pre-covid;Pre-covid
2018;01;Galicia;Hortalizas frescas;10103.3;17445.45;1.73;96.57;3.65;6.3;2018-01-01;Pre-covid;Pre-covid
2018;01;Galicia;Omates;1528.42;2885.19;1.89;71.24;0.55;1.04;2018-01-01;Pre-covid;Pre-covid
2018;01;Galicia;Cebollas;938.46;1047.81;1.12;50.09;0.34;0.38;2018-01-01;Pre-covid;Pre-covid
2018;01;Galicia;Ajos;160.72;603.06;3.75;29.63;0.06;0.22;2018-01-01;Pre-covid;Pre-covid
2018;01;Galicia;Coles;931.61;1049.47;1.13;34.58;0.34;0.38;2018-01-01;Pre-covid;Pre-covid
2018;01;Galicia;Pepinos;77.33;107.24;1.39;7.36;0.03;0.04;2018-01-01;Pre-covid;Pre-covid
2018;01;Galicia;Judias verdes;310.69;791.97;2.55;23.56;0.11;0.29;2018-01-01;Pre-covid;Pre-covid
2018;01;Galicia;Pimientos;699.94;1353.06;1.93;55.54;0.25;0.49;2018-01-01;Pre-covid;Pre-covid
2018;01;Galicia;Champiñoneso setas;230.74;811.86;3.52;27.94;0.08;0.29;2018-01-01;Pre-covid;Pre-covid
2018;01;Galicia;Lechuga/esc /endivia;801.29;1805.54;2.25;54.91;0.29;0.65;2018-01-01;Pre-covid;Pre-covid
2018;01;Galicia;Esparragos;82.7;151.42;1.83;4.48;0.03;0.05;2018-01-01;Pre-covid;Pre-covid
2018;01;Galicia;Verduras de hoja;191.85;516.45;2.69;21.89;0.07;0.19;2018-01-01;Pre-covid;Pre-covid
2018;01;Galicia;Berenjenas;103.82;177.27;1.71;12.69;0.04;0.06;2018-01-01;Pre-covid;Pre-covid
2018;01;Galicia;Zanahorias;870.58;773.78;0.89;60.79;0.31;0.28;2018-01-01;Pre-covid;Pre-covid
2018;01;Galicia;Calabacines;590.82;823.81;1.39;37.77;0.21;0.3;2018-01-01;Pre-covid;Pre-covid
2018;01;Galicia;Otr hortalizas/verd ;2584.33;4547.52;1.76;75.43;0.93;1.64;2018-01-01;Pre-covid;Pre-covid
2018;01;Galicia;Brocoli;540.16;745.72;1.38;34.0;0.19;0.27;2018-01-01;Pre-covid;Pre-covid
2018;01;Galicia;Alcachofas;72.25;147.54;2.04;6.56;0.03;0.05;2018-01-01;Pre-covid;Pre-covid
2018;01;Galicia;Verd /hort  iv gama;944.58;2381.69;2.52;53.28;0.34;0.86;2018-01-01;Pre-covid;Pre-covid
2018;01;La rioja;Patatas;504.68;351.96;0.7;67.27;1.59;1.11;2018-01-01;Pre-covid;Pre-covid
2018;01;La rioja;Patatas frescas;402.25;238.73;0.59;51.59;1.27;0.75;2018-01-01;Pre-covid;Pre-covid
2018;01;La rioja;Patatas congeladas;10.32;11.86;1.15;5.61;0.03;0.04;2018-01-01;Pre-covid;Pre-covid
2018;01;La rioja;Patatas procesadas;18.42;101.37;5.5;32.21;0.06;0.32;2018-01-01;Pre-covid;Pre-covid
2018;01;La rioja;Hortalizas frescas;1043.57;1959.86;1.88;97.49;3.3;6.19;2018-01-01;Pre-covid;Pre-covid
2018;01;La rioja;Omates;119.21;208.97;1.75;62.55;0.38;0.66;2018-01-01;Pre-covid;Pre-covid
2018;01;La rioja;Cebollas;196.52;231.91;1.18;74.43;0.62;0.73;2018-01-01;Pre-covid;Pre-covid
2018;01;La rioja;Ajos;17.3;65.5;3.79;18.29;0.05;0.21;2018-01-01;Pre-covid;Pre-covid
2018;01;La rioja;Coles;20.64;22.25;1.08;10.08;0.07;0.07;2018-01-01;Pre-covid;Pre-covid
2018;01;La rioja;Pepinos;14.79;21.32;1.44;11.72;0.05;0.07;2018-01-01;Pre-covid;Pre-covid
2018;01;La rioja;Judias verdes;26.84;90.6;3.38;29.02;0.08;0.29;2018-01-01;Pre-covid;Pre-covid
2018;01;La rioja;Pimientos;54.54;110.63;2.03;47.6;0.17;0.35;2018-01-01;Pre-covid;Pre-covid
2018;01;La rioja;Champiñoneso setas;42.03;164.87;3.92;50.89;0.13;0.52;2018-01-01;Pre-covid;Pre-covid
2018;01;La rioja;Lechuga/esc /endivia;91.39;270.53;2.96;54.27;0.29;0.85;2018-01-01;Pre-covid;Pre-covid
2018;01;La rioja;Esparragos;1.47;10.32;7.01;1.72;0.0;0.03;2018-01-01;Pre-covid;Pre-covid
2018;01;La rioja;Verduras de hoja;39.82;73.47;1.85;19.07;0.13;0.23;2018-01-01;Pre-covid;Pre-covid
2018;01;La rioja;Berenjenas;10.52;15.25;1.45;8.96;0.03;0.05;2018-01-01;Pre-covid;Pre-covid
2018;01;La rioja;Zanahorias;90.04;64.34;0.71;53.15;0.28;0.2;2018-01-01;Pre-covid;Pre-covid
2018;01;La rioja;Calabacines;78.65;119.09;1.51;45.43;0.25;0.38;2018-01-01;Pre-covid;Pre-covid
2018;01;La rioja;Otr hortalizas/verd ;239.82;490.81;2.05;69.66;0.76;1.55;2018-01-01;Pre-covid;Pre-covid
2018;01;La rioja;Brocoli;11.12;17.76;1.6;7.42;0.04;0.06;2018-01-01;Pre-covid;Pre-covid
2018;01;La rioja;Alcachofas;19.85;49.04;2.47;5.56;0.06;0.15;2018-01-01;Pre-covid;Pre-covid
2018;01;La rioja;Verd /hort  iv gama;146.48;381.93;2.61;57.88;0.46;1.21;2018-01-01;Pre-covid;Pre-covid
2018;01;Madrid;Patatas;13979.29;10750.59;0.77;80.32;2.25;1.73;2018-01-01;Pre-covid;Pre-covid
2018;01;Madrid;Patatas frescas;9777.28;6670.92;0.68;70.85;1.57;1.07;2018-01-01;Pre-covid;Pre-covid
2018;01;Madrid;Patatas congeladas;571.01;674.64;1.18;11.79;0.09;0.11;2018-01-01;Pre-covid;Pre-covid
2018;01;Madrid;Patatas procesadas;726.2;3405.03;4.69;45.99;0.12;0.55;2018-01-01;Pre-covid;Pre-covid
2018;01;Madrid;Hortalizas frescas;29255.82;52669.04;1.8;97.12;4.7;8.46;2018-01-01;Pre-covid;Pre-covid
2018;01;Madrid;Omates;6008.99;10133.06;1.69;81.76;0.97;1.63;2018-01-01;Pre-covid;Pre-covid
2018;01;Madrid;Cebollas;3376.22;3231.32;0.96;72.37;0.54;0.52;2018-01-01;Pre-covid;Pre-covid
2018;01;Madrid;Ajos;335.86;1461.85;4.35;34.8;0.05;0.23;2018-01-01;Pre-covid;Pre-covid
2018;01;Madrid;Coles;1172.28;1351.53;1.15;29.32;0.19;0.22;2018-01-01;Pre-covid;Pre-covid
2018;01;Madrid;Pepinos;622.67;915.86;1.47;24.05;0.1;0.15;2018-01-01;Pre-covid;Pre-covid
2018;01;Madrid;Judias verdes;1137.17;3005.2;2.64;37.06;0.18;0.48;2018-01-01;Pre-covid;Pre-covid
2018;01;Madrid;Pimientos;2305.24;4353.59;1.89;65.52;0.37;0.7;2018-01-01;Pre-covid;Pre-covid
2018;01;Madrid;Champiñoneso setas;869.95;3121.12;3.59;41.06;0.14;0.5;2018-01-01;Pre-covid;Pre-covid
2018;01;Madrid;Lechuga/esc /endivia;1262.55;3851.03;3.05;52.4;0.2;0.62;2018-01-01;Pre-covid;Pre-covid
2018;01;Madrid;Esparragos;169.7;825.01;4.86;11.03;0.03;0.13;2018-01-01;Pre-covid;Pre-covid
2018;01;Madrid;Verduras de hoja;713.77;1873.58;2.62;30.62;0.11;0.3;2018-01-01;Pre-covid;Pre-covid
2018;01;Madrid;Berenjenas;600.85;1040.67;1.73;28.54;0.1;0.17;2018-01-01;Pre-covid;Pre-covid
2018;01;Madrid;Zanahorias;2010.4;1611.23;0.8;61.24;0.32;0.26;2018-01-01;Pre-covid;Pre-covid
2018;01;Madrid;Calabacines;2520.99;3450.99;1.37;60.6;0.41;0.55;2018-01-01;Pre-covid;Pre-covid
2018;01;Madrid;Otr hortalizas/verd ;6149.17;12443.0;2.02;83.45;0.99;2.0;2018-01-01;Pre-covid;Pre-covid
2018;01;Madrid;Brocoli;787.85;1172.03;1.49;28.78;0.13;0.19;2018-01-01;Pre-covid;Pre-covid
2018;01;Madrid;Alcachofas;857.4;1731.86;2.02;20.59;0.14;0.28;2018-01-01;Pre-covid;Pre-covid
2018;01;Madrid;Verd /hort  iv gama;3407.8;9440.7;2.77;68.45;0.55;1.52;2018-01-01;Pre-covid;Pre-covid
2018;01;Murcia;Patatas;3268.95;2823.0;0.86;82.18;2.3;1.98;2018-01-01;Pre-covid;Pre-covid
2018;01;Murcia;Patatas frescas;2433.88;1862.62;0.77;67.75;1.71;1.31;2018-01-01;Pre-covid;Pre-covid
2018;01;Murcia;Patatas congeladas;106.15;141.95;1.34;14.98;0.07;0.1;2018-01-01;Pre-covid;Pre-covid
2018;01;Murcia;Patatas procesadas;145.78;818.43;5.61;50.31;0.1;0.57;2018-01-01;Pre-covid;Pre-covid
2018;01;Murcia;Hortalizas frescas;6285.04;10445.54;1.66;94.68;4.41;7.33;2018-01-01;Pre-covid;Pre-covid
2018;01;Murcia;Omates;1390.69;2102.58;1.51;76.09;0.98;1.48;2018-01-01;Pre-covid;Pre-covid
2018;01;Murcia;Cebollas;721.03;715.86;0.99;65.24;0.51;0.5;2018-01-01;Pre-covid;Pre-covid
2018;01;Murcia;Ajos;130.27;510.63;3.92;53.49;0.09;0.36;2018-01-01;Pre-covid;Pre-covid
2018;01;Murcia;Coles;223.13;206.4;0.93;25.12;0.16;0.14;2018-01-01;Pre-covid;Pre-covid
2018;01;Murcia;Pepinos;122.21;153.42;1.26;19.47;0.09;0.11;2018-01-01;Pre-covid;Pre-covid
2018;01;Murcia;Judias verdes;165.67;496.38;3.0;33.77;0.12;0.35;2018-01-01;Pre-covid;Pre-covid
2018;01;Murcia;Pimientos;421.08;723.97;1.72;58.1;0.3;0.51;2018-01-01;Pre-covid;Pre-covid
2018;01;Murcia;Champiñoneso setas;145.6;453.75;3.12;33.94;0.1;0.32;2018-01-01;Pre-covid;Pre-covid
2018;01;Murcia;Lechuga/esc /endivia;314.27;874.45;2.78;51.43;0.22;0.61;2018-01-01;Pre-covid;Pre-covid
2018;01;Murcia;Esparragos;80.3;134.45;1.67;8.48;0.06;0.09;2018-01-01;Pre-covid;Pre-covid
2018;01;Murcia;Verduras de hoja;118.68;255.56;2.15;23.91;0.08;0.18;2018-01-01;Pre-covid;Pre-covid
2018;01;Murcia;Berenjenas;203.32;315.25;1.55;29.11;0.14;0.22;2018-01-01;Pre-covid;Pre-covid
2018;01;Murcia;Zanahorias;325.45;238.62;0.73;58.88;0.23;0.17;2018-01-01;Pre-covid;Pre-covid
2018;01;Murcia;Calabacines;422.78;551.55;1.3;49.7;0.3;0.39;2018-01-01;Pre-covid;Pre-covid
2018;01;Murcia;Otr hortalizas/verd ;1500.56;2712.68;1.81;76.62;1.05;1.9;2018-01-01;Pre-covid;Pre-covid
2018;01;Murcia;Brocoli;159.95;192.27;1.2;18.0;0.11;0.14;2018-01-01;Pre-covid;Pre-covid
2018;01;Murcia;Alcachofas;391.29;656.66;1.68;36.82;0.27;0.46;2018-01-01;Pre-covid;Pre-covid
2018;01;Murcia;Verd /hort  iv gama;504.93;1429.52;2.83;53.18;0.35;1.0;2018-01-01;Pre-covid;Pre-covid
2018;01;Navarra;Patatas;1033.2;768.77;0.74;65.59;1.74;1.3;2018-01-01;Pre-covid;Pre-covid
2018;01;Navarra;Patatas frescas;851.44;578.78;0.68;56.25;1.44;0.98;2018-01-01;Pre-covid;Pre-covid
2018;01;Navarra;Patatas congeladas;27.29;28.6;1.05;10.01;0.05;0.05;2018-01-01;Pre-covid;Pre-covid
2018;01;Navarra;Patatas procesadas;30.9;161.39;5.22;34.54;0.05;0.27;2018-01-01;Pre-covid;Pre-covid
2018;01;Navarra;Hortalizas frescas;2340.94;4277.04;1.83;97.83;3.95;7.22;2018-01-01;Pre-covid;Pre-covid
2018;01;Navarra;Omates;250.1;431.85;1.73;44.54;0.42;0.73;2018-01-01;Pre-covid;Pre-covid
2018;01;Navarra;Cebollas;293.33;294.19;1.0;53.48;0.5;0.5;2018-01-01;Pre-covid;Pre-covid
2018;01;Navarra;Ajos;16.92;87.5;5.17;16.1;0.03;0.15;2018-01-01;Pre-covid;Pre-covid
2018;01;Navarra;Coles;106.59;111.79;1.05;18.64;0.18;0.19;2018-01-01;Pre-covid;Pre-covid
2018;01;Navarra;Pepinos;32.75;45.86;1.4;13.36;0.06;0.08;2018-01-01;Pre-covid;Pre-covid
2018;01;Navarra;Judias verdes;113.71;404.78;3.56;47.43;0.19;0.68;2018-01-01;Pre-covid;Pre-covid
2018;01;Navarra;Pimientos;125.81;238.78;1.9;45.77;0.21;0.4;2018-01-01;Pre-covid;Pre-covid
2018;01;Navarra;Champiñoneso setas;48.16;204.18;4.24;34.56;0.08;0.34;2018-01-01;Pre-covid;Pre-covid
2018;01;Navarra;Lechuga/esc /endivia;259.1;598.52;2.31;71.24;0.44;1.01;2018-01-01;Pre-covid;Pre-covid
2018;01;Navarra;Esparragos;20.75;23.88;1.15;2.1;0.04;0.04;2018-01-01;Pre-covid;Pre-covid
2018;01;Navarra;Verduras de hoja;48.9;99.68;2.04;20.48;0.08;0.17;2018-01-01;Pre-covid;Pre-covid
2018;01;Navarra;Berenjenas;56.18;80.14;1.43;14.31;0.09;0.14;2018-01-01;Pre-covid;Pre-covid
2018;01;Navarra;Zanahorias;215.14;179.76;0.84;52.22;0.36;0.3;2018-01-01;Pre-covid;Pre-covid
2018;01;Navarra;Calabacines;171.58;240.14;1.4;45.07;0.29;0.41;2018-01-01;Pre-covid;Pre-covid
2018;01;Navarra;Otr hortalizas/verd ;581.93;1235.99;2.12;80.74;0.98;2.09;2018-01-01;Pre-covid;Pre-covid
2018;01;Navarra;Brocoli;143.44;166.4;1.16;28.78;0.24;0.28;2018-01-01;Pre-covid;Pre-covid
2018;01;Navarra;Alcachofas;36.09;58.87;1.63;14.29;0.06;0.1;2018-01-01;Pre-covid;Pre-covid
2018;01;Navarra;Verd /hort  iv gama;230.95;673.94;2.92;46.99;0.39;1.14;2018-01-01;Pre-covid;Pre-covid
2018;01;Pais vasco;Patatas;4901.9;4185.78;0.85;77.11;2.37;2.02;2018-01-01;Pre-covid;Pre-covid
2018;01;Pais vasco;Patatas frescas;3756.63;2788.38;0.74;66.57;1.81;1.35;2018-01-01;Pre-covid;Pre-covid
2018;01;Pais vasco;Patatas congeladas;83.64;118.59;1.42;5.98;0.04;0.06;2018-01-01;Pre-covid;Pre-covid
2018;01;Pais vasco;Patatas procesadas;212.33;1278.81;6.02;38.43;0.1;0.62;2018-01-01;Pre-covid;Pre-covid
2018;01;Pais vasco;Hortalizas frescas;9414.44;17942.29;1.91;96.55;4.55;8.67;2018-01-01;Pre-covid;Pre-covid
2018;01;Pais vasco;Omates;1510.85;2896.29;1.92;67.79;0.73;1.4;2018-01-01;Pre-covid;Pre-covid
2018;01;Pais vasco;Cebollas;1180.52;1384.12;1.17;72.4;0.57;0.67;2018-01-01;Pre-covid;Pre-covid
2018;01;Pais vasco;Ajos;117.63;552.41;4.7;35.93;0.06;0.27;2018-01-01;Pre-covid;Pre-covid
2018;01;Pais vasco;Coles;323.79;358.03;1.11;26.17;0.16;0.17;2018-01-01;Pre-covid;Pre-covid
2018;01;Pais vasco;Pepinos;126.36;196.93;1.56;17.72;0.06;0.1;2018-01-01;Pre-covid;Pre-covid
2018;01;Pais vasco;Judias verdes;512.25;1236.63;2.41;37.63;0.25;0.6;2018-01-01;Pre-covid;Pre-covid
2018;01;Pais vasco;Pimientos;723.84;1374.05;1.9;60.26;0.35;0.66;2018-01-01;Pre-covid;Pre-covid
2018;01;Pais vasco;Champiñoneso setas;300.97;1239.35;4.12;46.61;0.15;0.6;2018-01-01;Pre-covid;Pre-covid
2018;01;Pais vasco;Lechuga/esc /endivia;701.46;1788.8;2.55;66.07;0.34;0.86;2018-01-01;Pre-covid;Pre-covid
2018;01;Pais vasco;Esparragos;45.91;145.02;3.16;5.18;0.02;0.07;2018-01-01;Pre-covid;Pre-covid
2018;01;Pais vasco;Verduras de hoja;222.21;533.12;2.4;26.25;0.11;0.26;2018-01-01;Pre-covid;Pre-covid
2018;01;Pais vasco;Berenjenas;108.99;214.56;1.97;17.18;0.05;0.1;2018-01-01;Pre-covid;Pre-covid
2018;01;Pais vasco;Zanahorias;740.57;668.47;0.9;62.89;0.36;0.32;2018-01-01;Pre-covid;Pre-covid
2018;01;Pais vasco;Calabacines;793.91;1117.43;1.41;49.31;0.38;0.54;2018-01-01;Pre-covid;Pre-covid
2018;01;Pais vasco;Otr hortalizas/verd ;2005.18;4237.08;2.11;79.06;0.97;2.05;2018-01-01;Pre-covid;Pre-covid
2018;01;Pais vasco;Brocoli;265.94;395.24;1.49;27.27;0.13;0.19;2018-01-01;Pre-covid;Pre-covid
2018;01;Pais vasco;Alcachofas;262.59;518.32;1.97;24.7;0.13;0.25;2018-01-01;Pre-covid;Pre-covid
2018;01;Pais vasco;Verd /hort  iv gama;918.65;2445.1;2.66;58.35;0.44;1.18;2018-01-01;Pre-covid;Pre-covid
2018;01;Valencia;Patatas;11865.23;9206.05;0.78;84.92;2.51;1.95;2018-01-01;Pre-covid;Pre-covid
2018;01;Valencia;Patatas frescas;8602.49;5886.8;0.68;73.56;1.82;1.24;2018-01-01;Pre-covid;Pre-covid
2018;01;Valencia;Patatas congeladas;439.96;581.47;1.32;13.78;0.09;0.12;2018-01-01;Pre-covid;Pre-covid
2018;01;Valencia;Patatas procesadas;564.56;2737.78;4.85;49.64;0.12;0.58;2018-01-01;Pre-covid;Pre-covid
2018;01;Valencia;Hortalizas frescas;25955.62;45578.41;1.76;98.35;5.48;9.63;2018-01-01;Pre-covid;Pre-covid
2018;01;Valencia;Omates;4805.86;7614.75;1.58;78.56;1.02;1.61;2018-01-01;Pre-covid;Pre-covid
2018;01;Valencia;Cebollas;3132.74;2855.99;0.91;67.53;0.66;0.6;2018-01-01;Pre-covid;Pre-covid
2018;01;Valencia;Ajos;242.29;1074.59;4.44;30.68;0.05;0.23;2018-01-01;Pre-covid;Pre-covid
2018;01;Valencia;Coles;442.64;513.89;1.16;20.59;0.09;0.11;2018-01-01;Pre-covid;Pre-covid
2018;01;Valencia;Pepinos;801.59;1206.31;1.5;33.29;0.17;0.25;2018-01-01;Pre-covid;Pre-covid
2018;01;Valencia;Judias verdes;720.67;2335.83;3.24;37.86;0.15;0.49;2018-01-01;Pre-covid;Pre-covid
2018;01;Valencia;Pimientos;1666.61;2949.09;1.77;60.45;0.35;0.62;2018-01-01;Pre-covid;Pre-covid
2018;01;Valencia;Champiñoneso setas;769.22;2775.61;3.61;47.79;0.16;0.59;2018-01-01;Pre-covid;Pre-covid
2018;01;Valencia;Lechuga/esc /endivia;1308.37;3876.45;2.96;63.84;0.28;0.82;2018-01-01;Pre-covid;Pre-covid
2018;01;Valencia;Esparragos;184.69;657.69;3.56;9.33;0.04;0.14;2018-01-01;Pre-covid;Pre-covid
2018;01;Valencia;Verduras de hoja;844.72;1940.77;2.3;36.15;0.18;0.41;2018-01-01;Pre-covid;Pre-covid
2018;01;Valencia;Berenjenas;711.04;1248.27;1.76;32.51;0.15;0.26;2018-01-01;Pre-covid;Pre-covid
2018;01;Valencia;Zanahorias;1519.13;1225.69;0.81;59.11;0.32;0.26;2018-01-01;Pre-covid;Pre-covid
2018;01;Valencia;Calabacines;1575.77;2231.38;1.42;59.75;0.33;0.47;2018-01-01;Pre-covid;Pre-covid
2018;01;Valencia;Otr hortalizas/verd ;7230.29;13072.09;1.81;86.63;1.53;2.76;2018-01-01;Pre-covid;Pre-covid
2018;01;Valencia;Brocoli;686.05;925.01;1.35;30.37;0.14;0.2;2018-01-01;Pre-covid;Pre-covid
2018;01;Valencia;Alcachofas;2275.94;3594.19;1.58;45.74;0.48;0.76;2018-01-01;Pre-covid;Pre-covid
2018;01;Valencia;Verd /hort  iv gama;2578.57;7474.21;2.9;72.59;0.54;1.58;2018-01-01;Pre-covid;Pre-covid
2018;01;Nacional;Frutas frescas;324553.06;471462.16;1.45;95.16;7.11;10.33;2018-01-01;Pre-covid;Pre-covid
2018;01;Nacional;Naranjas;96414.9;88258.06;0.92;60.45;2.11;1.93;2018-01-01;Pre-covid;Pre-covid
2018;01;Nacional;Mandarinas;46857.48;63487.81;1.35;62.46;1.03;1.39;2018-01-01;Pre-covid;Pre-covid
2018;01;Nacional;Limones;9845.93;15014.88;1.52;34.77;0.22;0.33;2018-01-01;Pre-covid;Pre-covid
2018;01;Nacional;Platanos;51819.21;74986.61;1.45;80.36;1.14;1.64;2018-01-01;Pre-covid;Pre-covid
2018;01;Nacional;Manzanas;39451.08;56157.49;1.42;65.3;0.86;1.23;2018-01-01;Pre-covid;Pre-covid
2018;01;Nacional;Peras;20499.44;29642.59;1.45;48.5;0.45;0.65;2018-01-01;Pre-covid;Pre-covid
2018;01;Nacional;Melocotones;86.1;190.03;2.21;0.34;0.0;0.0;2018-01-01;Pre-covid;Pre-covid
2018;01;Nacional;Nectarinas;651.02;1149.49;1.77;2.49;0.01;0.03;2018-01-01;Pre-covid;Pre-covid
2018;01;Nacional;Albaricoques;135.82;248.22;1.83;0.91;0.0;0.01;2018-01-01;Pre-covid;Pre-covid
2018;01;Nacional;Fresas/freson;8068.65;28425.57;3.52;32.92;0.18;0.62;2018-01-01;Pre-covid;Pre-covid
2018;01;Nacional;Melon;5710.89;8844.92;1.55;9.14;0.13;0.19;2018-01-01;Pre-covid;Pre-covid
2018;01;Nacional;Sandia;266.36;330.45;1.24;0.54;0.01;0.01;2018-01-01;Pre-covid;Pre-covid
2018;01;Nacional;Ciruelas;319.91;704.48;2.2;1.86;0.01;0.02;2018-01-01;Pre-covid;Pre-covid
2018;01;Nacional;Cerezas;209.76;1053.96;5.02;1.4;0.0;0.02;2018-01-01;Pre-covid;Pre-covid
2018;01;Nacional;Uvas;3934.44;11780.84;2.99;19.03;0.09;0.26;2018-01-01;Pre-covid;Pre-covid
2018;01;Nacional;Kiwi;11896.95;30964.88;2.6;36.68;0.26;0.68;2018-01-01;Pre-covid;Pre-covid
2018;01;Nacional;Aguacate;4378.92;14662.16;3.35;23.49;0.1;0.32;2018-01-01;Pre-covid;Pre-covid
2018;01;Nacional;Piña;8911.77;12318.0;1.38;21.83;0.2;0.27;2018-01-01;Pre-covid;Pre-covid
2018;01;Nacional;Otras frutas frescas;15094.43;33241.73;2.2;39.17;0.33;0.73;2018-01-01;Pre-covid;Pre-covid
2018;01;Nacional;Pomelo;1221.08;1999.58;1.64;3.08;0.03;0.04;2018-01-01;Pre-covid;Pre-covid
2018;01;Nacional;Chirimoya;0.0;0.0;0.0;0.0;0.0;0.0;2018-01-01;Pre-covid;Pre-covid
2018;01;Nacional;Frutas iv gama;13972.33;22917.56;1.64;27.71;0.31;0.5;2018-01-01;Pre-covid;Pre-covid
2018;01;Andalucia;Frutas frescas;50553.34;71540.47;1.42;93.98;5.82;8.23;2018-01-01;Pre-covid;Pre-covid
2018;01;Andalucia;Naranjas;15136.02;13498.91;0.89;56.44;1.74;1.55;2018-01-01;Pre-covid;Pre-covid
2018;01;Andalucia;Mandarinas;6895.18;8673.74;1.26;56.79;0.79;1.0;2018-01-01;Pre-covid;Pre-covid
2018;01;Andalucia;Limones;1453.24;2132.6;1.47;31.34;0.17;0.25;2018-01-01;Pre-covid;Pre-covid
2018;01;Andalucia;Platanos;8689.49;11936.72;1.37;80.05;1.0;1.37;2018-01-01;Pre-covid;Pre-covid
2018;01;Andalucia;Manzanas;6206.0;8783.54;1.42;64.2;0.71;1.01;2018-01-01;Pre-covid;Pre-covid
2018;01;Andalucia;Peras;3042.8;4347.96;1.43;46.84;0.35;0.5;2018-01-01;Pre-covid;Pre-covid
2018;01;Andalucia;Melocotones;3.32;10.42;3.14;0.16;0.0;0.0;2018-01-01;Pre-covid;Pre-covid
2018;01;Andalucia;Nectarinas;178.83;222.49;1.24;2.91;0.02;0.03;2018-01-01;Pre-covid;Pre-covid
2018;01;Andalucia;Albaricoques;13.68;25.93;1.9;0.64;0.0;0.0;2018-01-01;Pre-covid;Pre-covid
2018;01;Andalucia;Fresas/freson;1433.76;5070.94;3.54;34.12;0.17;0.58;2018-01-01;Pre-covid;Pre-covid
2018;01;Andalucia;Melon;842.63;1382.51;1.64;8.72;0.1;0.16;2018-01-01;Pre-covid;Pre-covid
2018;01;Andalucia;Sandia;18.2;35.67;1.96;0.48;0.0;0.0;2018-01-01;Pre-covid;Pre-covid
2018;01;Andalucia;Ciruelas;31.25;61.65;1.97;1.64;0.0;0.01;2018-01-01;Pre-covid;Pre-covid
2018;01;Andalucia;Cerezas;6.45;30.47;4.72;0.56;0.0;0.0;2018-01-01;Pre-covid;Pre-covid
2018;01;Andalucia;Uvas;553.84;1613.94;2.91;15.71;0.06;0.19;2018-01-01;Pre-covid;Pre-covid
2018;01;Andalucia;Kiwi;1638.4;4361.75;2.66;33.67;0.19;0.5;2018-01-01;Pre-covid;Pre-covid
2018;01;Andalucia;Aguacate;756.15;2256.85;2.98;22.28;0.09;0.26;2018-01-01;Pre-covid;Pre-covid
2018;01;Andalucia;Piña;1451.33;1881.99;1.3;19.28;0.17;0.22;2018-01-01;Pre-covid;Pre-covid
2018;01;Andalucia;Otras frutas frescas;2202.76;5212.41;2.37;36.82;0.25;0.6;2018-01-01;Pre-covid;Pre-covid
2018;01;Andalucia;Pomelo;113.94;177.06;1.55;1.98;0.01;0.02;2018-01-01;Pre-covid;Pre-covid
2018;01;Andalucia;Chirimoya;0.0;0.0;0.0;0.0;0.0;0.0;2018-01-01;Pre-covid;Pre-covid
2018;01;Andalucia;Frutas iv gama;2716.43;4436.52;1.63;27.57;0.31;0.51;2018-01-01;Pre-covid;Pre-covid
2018;01;Aragon;Frutas frescas;9322.81;13640.69;1.46;96.62;7.1;10.39;2018-01-01;Pre-covid;Pre-covid
2018;01;Aragon;Naranjas;2590.25;2411.7;0.93;64.21;1.97;1.84;2018-01-01;Pre-covid;Pre-covid
2018;01;Aragon;Mandarinas;1790.39;2329.37;1.3;75.75;1.36;1.77;2018-01-01;Pre-covid;Pre-covid
2018;01;Aragon;Limones;225.84;358.19;1.59;32.77;0.17;0.27;2018-01-01;Pre-covid;Pre-covid
2018;01;Aragon;Platanos;1426.03;2022.15;1.42;80.35;1.09;1.54;2018-01-01;Pre-covid;Pre-covid
2018;01;Aragon;Manzanas;1101.13;1543.23;1.4;64.55;0.84;1.18;2018-01-01;Pre-covid;Pre-covid
2018;01;Aragon;Peras;606.73;855.37;1.41;50.42;0.46;0.65;2018-01-01;Pre-covid;Pre-covid
2018;01;Aragon;Melocotones;5.05;19.26;3.81;0.2;0.0;0.01;2018-01-01;Pre-covid;Pre-covid
2018;01;Aragon;Nectarinas;5.65;13.75;2.44;0.73;0.0;0.01;2018-01-01;Pre-covid;Pre-covid
2018;01;Aragon;Albaricoques;0.88;1.77;2.0;0.34;0.0;0.0;2018-01-01;Pre-covid;Pre-covid
2018;01;Aragon;Fresas/freson;259.66;745.9;2.87;36.2;0.2;0.57;2018-01-01;Pre-covid;Pre-covid
2018;01;Aragon;Melon;43.48;72.47;1.67;4.0;0.03;0.06;2018-01-01;Pre-covid;Pre-covid
2018;01;Aragon;Sandia;3.81;3.36;0.88;0.19;0.0;0.0;2018-01-01;Pre-covid;Pre-covid
2018;01;Aragon;Ciruelas;10.9;15.5;1.42;1.11;0.01;0.01;2018-01-01;Pre-covid;Pre-covid
2018;01;Aragon;Cerezas;0.0;0.0;0.0;0.0;0.0;0.0;2018-01-01;Pre-covid;Pre-covid
2018;01;Aragon;Uvas;109.4;325.61;2.98;16.93;0.08;0.25;2018-01-01;Pre-covid;Pre-covid
2018;01;Aragon;Kiwi;389.46;1131.76;2.91;44.41;0.3;0.86;2018-01-01;Pre-covid;Pre-covid
2018;01;Aragon;Aguacate;118.68;449.36;3.79;21.35;0.09;0.34;2018-01-01;Pre-covid;Pre-covid
2018;01;Aragon;Piña;243.1;357.39;1.47;31.13;0.19;0.27;2018-01-01;Pre-covid;Pre-covid
2018;01;Aragon;Otras frutas frescas;392.38;984.54;2.51;41.19;0.3;0.75;2018-01-01;Pre-covid;Pre-covid
2018;01;Aragon;Pomelo;32.63;49.16;1.51;6.45;0.02;0.04;2018-01-01;Pre-covid;Pre-covid
2018;01;Aragon;Chirimoya;0.0;0.0;0.0;0.0;0.0;0.0;2018-01-01;Pre-covid;Pre-covid
2018;01;Aragon;Frutas iv gama;436.71;613.17;1.4;29.59;0.33;0.47;2018-01-01;Pre-covid;Pre-covid
2018;01;Asturias;Frutas frescas;9031.92;13447.11;1.49;96.91;8.33;12.4;2018-01-01;Pre-covid;Pre-covid
2018;01;Asturias;Naranjas;2537.93;2400.01;0.95;75.53;2.34;2.21;2018-01-01;Pre-covid;Pre-covid
2018;01;Asturias;Mandarinas;1342.19;1999.36;1.49;70.2;1.24;1.84;2018-01-01;Pre-covid;Pre-covid
2018;01;Asturias;Limones;229.69;364.83;1.59;46.69;0.21;0.34;2018-01-01;Pre-covid;Pre-covid
2018;01;Asturias;Platanos;1605.92;2268.56;1.41;84.46;1.48;2.09;2018-01-01;Pre-covid;Pre-covid
2018;01;Asturias;Manzanas;1057.52;1589.72;1.5;61.36;0.98;1.47;2018-01-01;Pre-covid;Pre-covid
2018;01;Asturias;Peras;582.76;798.26;1.37;45.04;0.54;0.74;2018-01-01;Pre-covid;Pre-covid
2018;01;Asturias;Melocotones;1.51;2.18;1.44;0.42;0.0;0.0;2018-01-01;Pre-covid;Pre-covid
2018;01;Asturias;Nectarinas;30.45;82.08;2.7;6.28;0.03;0.08;2018-01-01;Pre-covid;Pre-covid
2018;01;Asturias;Albaricoques;0.0;0.0;0.0;0.0;0.0;0.0;2018-01-01;Pre-covid;Pre-covid
2018;01;Asturias;Fresas/freson;326.04;1066.02;3.27;44.51;0.3;0.98;2018-01-01;Pre-covid;Pre-covid
2018;01;Asturias;Melon;166.69;208.24;1.25;12.67;0.15;0.19;2018-01-01;Pre-covid;Pre-covid
2018;01;Asturias;Sandia;0.0;0.0;0.0;0.0;0.0;0.0;2018-01-01;Pre-covid;Pre-covid
2018;01;Asturias;Ciruelas;17.61;38.88;2.21;3.52;0.02;0.04;2018-01-01;Pre-covid;Pre-covid
2018;01;Asturias;Cerezas;17.8;69.9;3.93;6.9;0.02;0.06;2018-01-01;Pre-covid;Pre-covid
2018;01;Asturias;Uvas;103.46;250.04;2.42;30.97;0.1;0.23;2018-01-01;Pre-covid;Pre-covid
2018;01;Asturias;Kiwi;370.84;958.25;2.58;40.89;0.34;0.88;2018-01-01;Pre-covid;Pre-covid
2018;01;Asturias;Aguacate;96.89;382.32;3.95;14.8;0.09;0.35;2018-01-01;Pre-covid;Pre-covid
2018;01;Asturias;Piña;262.26;323.36;1.23;20.18;0.24;0.3;2018-01-01;Pre-covid;Pre-covid
2018;01;Asturias;Otras frutas frescas;282.38;645.09;2.28;35.5;0.26;0.59;2018-01-01;Pre-covid;Pre-covid
2018;01;Asturias;Pomelo;54.69;91.44;1.67;1.87;0.05;0.08;2018-01-01;Pre-covid;Pre-covid
2018;01;Asturias;Chirimoya;0.0;0.0;0.0;0.0;0.0;0.0;2018-01-01;Pre-covid;Pre-covid
2018;01;Asturias;Frutas iv gama;242.81;385.96;1.59;17.72;0.22;0.36;2018-01-01;Pre-covid;Pre-covid
2018;01;Baleares;Frutas frescas;6193.81;9991.63;1.61;92.79;6.01;9.7;2018-01-01;Pre-covid;Pre-covid
2018;01;Baleares;Naranjas;1239.74;1057.97;0.85;48.01;1.2;1.03;2018-01-01;Pre-covid;Pre-covid
2018;01;Baleares;Mandarinas;787.91;1059.87;1.35;49.62;0.76;1.03;2018-01-01;Pre-covid;Pre-covid
2018;01;Baleares;Limones;117.44;166.88;1.42;23.54;0.11;0.16;2018-01-01;Pre-covid;Pre-covid
2018;01;Baleares;Platanos;1296.76;1969.81;1.52;83.56;1.26;1.91;2018-01-01;Pre-covid;Pre-covid
2018;01;Baleares;Manzanas;807.32;1164.79;1.44;65.26;0.78;1.13;2018-01-01;Pre-covid;Pre-covid
2018;01;Baleares;Peras;453.89;704.65;1.55;49.03;0.44;0.68;2018-01-01;Pre-covid;Pre-covid
2018;01;Baleares;Melocotones;0.0;0.0;0.0;0.0;0.0;0.0;2018-01-01;Pre-covid;Pre-covid
2018;01;Baleares;Nectarinas;18.08;25.96;1.44;4.51;0.02;0.03;2018-01-01;Pre-covid;Pre-covid
2018;01;Baleares;Albaricoques;0.0;0.0;0.0;0.0;0.0;0.0;2018-01-01;Pre-covid;Pre-covid
2018;01;Baleares;Fresas/freson;138.25;608.33;4.4;26.0;0.13;0.59;2018-01-01;Pre-covid;Pre-covid
2018;01;Baleares;Melon;125.53;214.0;1.7;12.06;0.12;0.21;2018-01-01;Pre-covid;Pre-covid
2018;01;Baleares;Sandia;0.0;0.0;0.0;0.0;0.0;0.0;2018-01-01;Pre-covid;Pre-covid
2018;01;Baleares;Ciruelas;5.64;16.16;2.86;1.85;0.01;0.02;2018-01-01;Pre-covid;Pre-covid
2018;01;Baleares;Cerezas;0.0;0.0;0.0;0.0;0.0;0.0;2018-01-01;Pre-covid;Pre-covid
2018;01;Baleares;Uvas;163.85;638.36;3.9;23.03;0.16;0.62;2018-01-01;Pre-covid;Pre-covid
2018;01;Baleares;Kiwi;284.16;747.64;2.63;49.76;0.28;0.73;2018-01-01;Pre-covid;Pre-covid
2018;01;Baleares;Aguacate;140.97;454.6;3.22;24.74;0.14;0.44;2018-01-01;Pre-covid;Pre-covid
2018;01;Baleares;Piña;156.23;209.64;1.34;11.03;0.15;0.2;2018-01-01;Pre-covid;Pre-covid
2018;01;Baleares;Otras frutas frescas;458.01;952.98;2.08;37.94;0.44;0.93;2018-01-01;Pre-covid;Pre-covid
2018;01;Baleares;Pomelo;16.78;19.72;1.18;1.42;0.02;0.02;2018-01-01;Pre-covid;Pre-covid
2018;01;Baleares;Chirimoya;0.0;0.0;0.0;0.0;0.0;0.0;2018-01-01;Pre-covid;Pre-covid
2018;01;Baleares;Frutas iv gama;352.47;609.04;1.73;27.38;0.34;0.59;2018-01-01;Pre-covid;Pre-covid
2018;01;Canarias;Frutas frescas;14273.04;21124.04;1.48;95.4;6.53;9.66;2018-01-01;Pre-covid;Pre-covid
2018;01;Canarias;Naranjas;4225.66;3850.42;0.91;50.7;1.93;1.76;2018-01-01;Pre-covid;Pre-covid
2018;01;Canarias;Mandarinas;1520.43;2081.72;1.37;46.27;0.7;0.95;2018-01-01;Pre-covid;Pre-covid
2018;01;Canarias;Limones;442.5;650.27;1.47;36.96;0.2;0.3;2018-01-01;Pre-covid;Pre-covid
2018;01;Canarias;Platanos;2550.77;3128.76;1.23;73.59;1.17;1.43;2018-01-01;Pre-covid;Pre-covid
2018;01;Canarias;Manzanas;1782.08;2698.82;1.51;60.64;0.82;1.23;2018-01-01;Pre-covid;Pre-covid
2018;01;Canarias;Peras;1193.17;1922.72;1.61;50.88;0.55;0.88;2018-01-01;Pre-covid;Pre-covid
2018;01;Canarias;Melocotones;0.0;0.0;0.0;0.0;0.0;0.0;2018-01-01;Pre-covid;Pre-covid
2018;01;Canarias;Nectarinas;35.01;117.09;3.34;3.34;0.02;0.05;2018-01-01;Pre-covid;Pre-covid
2018;01;Canarias;Albaricoques;10.24;21.92;2.14;0.49;0.0;0.01;2018-01-01;Pre-covid;Pre-covid
2018;01;Canarias;Fresas/freson;178.99;746.02;4.17;24.35;0.08;0.34;2018-01-01;Pre-covid;Pre-covid
2018;01;Canarias;Melon;96.88;186.6;1.93;6.22;0.04;0.09;2018-01-01;Pre-covid;Pre-covid
2018;01;Canarias;Sandia;0.0;0.0;0.0;0.0;0.0;0.0;2018-01-01;Pre-covid;Pre-covid
2018;01;Canarias;Ciruelas;8.39;38.44;4.58;0.64;0.0;0.02;2018-01-01;Pre-covid;Pre-covid
2018;01;Canarias;Cerezas;3.5;37.58;10.73;1.27;0.0;0.02;2018-01-01;Pre-covid;Pre-covid
2018;01;Canarias;Uvas;162.3;490.34;3.02;14.44;0.07;0.22;2018-01-01;Pre-covid;Pre-covid
2018;01;Canarias;Kiwi;548.37;1358.58;2.48;30.06;0.25;0.62;2018-01-01;Pre-covid;Pre-covid
2018;01;Canarias;Aguacate;408.08;1543.68;3.78;32.2;0.19;0.71;2018-01-01;Pre-covid;Pre-covid
2018;01;Canarias;Piña;45.94;109.37;2.38;4.31;0.02;0.05;2018-01-01;Pre-covid;Pre-covid
2018;01;Canarias;Otras frutas frescas;1060.7;2141.72;2.02;49.99;0.49;0.98;2018-01-01;Pre-covid;Pre-covid
2018;01;Canarias;Pomelo;91.88;143.57;1.56;4.81;0.04;0.07;2018-01-01;Pre-covid;Pre-covid
2018;01;Canarias;Chirimoya;0.0;0.0;0.0;0.0;0.0;0.0;2018-01-01;Pre-covid;Pre-covid
2018;01;Canarias;Frutas iv gama;810.77;1122.7;1.38;25.48;0.37;0.51;2018-01-01;Pre-covid;Pre-covid
2018;01;Cantabria;Frutas frescas;4505.75;6133.0;1.36;95.01;8.1;11.02;2018-01-01;Pre-covid;Pre-covid
2018;01;Cantabria;Naranjas;1646.3;1580.62;0.96;66.43;2.96;2.84;2018-01-01;Pre-covid;Pre-covid
2018;01;Cantabria;Mandarinas;558.16;687.32;1.23;68.76;1.0;1.23;2018-01-01;Pre-covid;Pre-covid
2018;01;Cantabria;Limones;248.83;391.57;1.57;19.55;0.45;0.7;2018-01-01;Pre-covid;Pre-covid
2018;01;Cantabria;Platanos;667.4;957.47;1.43;84.85;1.2;1.72;2018-01-01;Pre-covid;Pre-covid
2018;01;Cantabria;Manzanas;548.23;721.75;1.32;61.08;0.99;1.3;2018-01-01;Pre-covid;Pre-covid
2018;01;Cantabria;Peras;331.59;498.99;1.5;53.6;0.6;0.9;2018-01-01;Pre-covid;Pre-covid
2018;01;Cantabria;Melocotones;0.0;0.0;0.0;0.0;0.0;0.0;2018-01-01;Pre-covid;Pre-covid
2018;01;Cantabria;Nectarinas;0.0;0.0;0.0;0.0;0.0;0.0;2018-01-01;Pre-covid;Pre-covid
2018;01;Cantabria;Albaricoques;0.0;0.0;0.0;0.0;0.0;0.0;2018-01-01;Pre-covid;Pre-covid
2018;01;Cantabria;Fresas/freson;108.04;351.53;3.25;39.41;0.19;0.63;2018-01-01;Pre-covid;Pre-covid
2018;01;Cantabria;Melon;29.32;44.15;1.51;4.6;0.05;0.08;2018-01-01;Pre-covid;Pre-covid
2018;01;Cantabria;Sandia;0.0;0.0;0.0;0.0;0.0;0.0;2018-01-01;Pre-covid;Pre-covid
2018;01;Cantabria;Ciruelas;0.0;0.0;0.0;0.0;0.0;0.0;2018-01-01;Pre-covid;Pre-covid
2018;01;Cantabria;Cerezas;0.0;0.0;0.0;0.0;0.0;0.0;2018-01-01;Pre-covid;Pre-covid
2018;01;Cantabria;Uvas;15.17;43.34;2.86;10.09;0.03;0.08;2018-01-01;Pre-covid;Pre-covid
2018;01;Cantabria;Kiwi;114.52;357.01;3.12;22.77;0.21;0.64;2018-01-01;Pre-covid;Pre-covid
2018;01;Cantabria;Aguacate;45.96;226.7;4.93;22.97;0.08;0.41;2018-01-01;Pre-covid;Pre-covid
2018;01;Cantabria;Piña;91.0;84.11;0.92;8.97;0.16;0.15;2018-01-01;Pre-covid;Pre-covid
2018;01;Cantabria;Otras frutas frescas;101.22;188.45;1.86;17.66;0.18;0.34;2018-01-01;Pre-covid;Pre-covid
2018;01;Cantabria;Pomelo;1.6;1.92;1.2;0.79;0.0;0.0;2018-01-01;Pre-covid;Pre-covid
2018;01;Cantabria;Chirimoya;0.0;0.0;0.0;0.0;0.0;0.0;2018-01-01;Pre-covid;Pre-covid
2018;01;Cantabria;Frutas iv gama;250.77;296.94;1.18;17.43;0.45;0.53;2018-01-01;Pre-covid;Pre-covid
2018;01;Castilla la mancha;Frutas frescas;14235.45;19375.39;1.36;95.84;6.79;9.24;2018-01-01;Pre-covid;Pre-covid
2018;01;Castilla la mancha;Naranjas;4321.99;3600.18;0.83;62.47;2.06;1.72;2018-01-01;Pre-covid;Pre-covid
2018;01;Castilla la mancha;Mandarinas;2361.54;2819.61;1.19;67.84;1.13;1.34;2018-01-01;Pre-covid;Pre-covid
2018;01;Castilla la mancha;Limones;332.56;512.16;1.54;42.69;0.16;0.24;2018-01-01;Pre-covid;Pre-covid
2018;01;Castilla la mancha;Platanos;2302.18;3332.01;1.45;79.93;1.1;1.59;2018-01-01;Pre-covid;Pre-covid
2018;01;Castilla la mancha;Manzanas;1635.16;2214.02;1.35;70.56;0.78;1.06;2018-01-01;Pre-covid;Pre-covid
2018;01;Castilla la mancha;Peras;771.11;1043.05;1.35;43.19;0.37;0.5;2018-01-01;Pre-covid;Pre-covid
2018;01;Castilla la mancha;Melocotones;3.61;5.05;1.4;0.24;0.0;0.0;2018-01-01;Pre-covid;Pre-covid
2018;01;Castilla la mancha;Nectarinas;14.86;25.23;1.7;2.08;0.01;0.01;2018-01-01;Pre-covid;Pre-covid
2018;01;Castilla la mancha;Albaricoques;0.0;0.0;0.0;0.0;0.0;0.0;2018-01-01;Pre-covid;Pre-covid
2018;01;Castilla la mancha;Fresas/freson;468.92;1496.93;3.19;36.54;0.22;0.71;2018-01-01;Pre-covid;Pre-covid
2018;01;Castilla la mancha;Melon;333.37;641.41;1.92;12.72;0.16;0.31;2018-01-01;Pre-covid;Pre-covid
2018;01;Castilla la mancha;Sandia;4.62;7.77;1.68;1.23;0.0;0.0;2018-01-01;Pre-covid;Pre-covid
2018;01;Castilla la mancha;Ciruelas;9.09;39.08;4.3;1.52;0.0;0.02;2018-01-01;Pre-covid;Pre-covid
2018;01;Castilla la mancha;Cerezas;9.46;38.08;4.03;1.46;0.0;0.02;2018-01-01;Pre-covid;Pre-covid
2018;01;Castilla la mancha;Uvas;100.55;310.11;3.08;14.96;0.05;0.15;2018-01-01;Pre-covid;Pre-covid
2018;01;Castilla la mancha;Kiwi;489.86;1177.04;2.4;34.44;0.23;0.56;2018-01-01;Pre-covid;Pre-covid
2018;01;Castilla la mancha;Aguacate;95.61;325.9;3.41;17.64;0.05;0.16;2018-01-01;Pre-covid;Pre-covid
2018;01;Castilla la mancha;Piña;388.26;529.52;1.36;18.53;0.19;0.25;2018-01-01;Pre-covid;Pre-covid
2018;01;Castilla la mancha;Otras frutas frescas;592.71;1258.23;2.12;35.6;0.28;0.6;2018-01-01;Pre-covid;Pre-covid
2018;01;Castilla la mancha;Pomelo;34.26;59.65;1.74;3.06;0.02;0.03;2018-01-01;Pre-covid;Pre-covid
2018;01;Castilla la mancha;Chirimoya;0.0;0.0;0.0;0.0;0.0;0.0;2018-01-01;Pre-covid;Pre-covid
2018;01;Castilla la mancha;Frutas iv gama;404.48;645.31;1.6;24.66;0.19;0.31;2018-01-01;Pre-covid;Pre-covid
2018;01;Castilla leon;Frutas frescas;19592.47;26058.87;1.33;95.64;8.01;10.65;2018-01-01;Pre-covid;Pre-covid
2018;01;Castilla leon;Naranjas;6338.92;5496.28;0.87;68.58;2.59;2.25;2018-01-01;Pre-covid;Pre-covid
2018;01;Castilla leon;Mandarinas;2718.62;3402.48;1.25;71.5;1.11;1.39;2018-01-01;Pre-covid;Pre-covid
2018;01;Castilla leon;Limones;410.34;685.49;1.67;33.1;0.17;0.28;2018-01-01;Pre-covid;Pre-covid
2018;01;Castilla leon;Platanos;2600.37;3605.78;1.39;77.72;1.06;1.47;2018-01-01;Pre-covid;Pre-covid
2018;01;Castilla leon;Manzanas;2507.78;3331.04;1.33;67.76;1.03;1.36;2018-01-01;Pre-covid;Pre-covid
2018;01;Castilla leon;Peras;1492.22;2022.44;1.36;61.15;0.61;0.83;2018-01-01;Pre-covid;Pre-covid
2018;01;Castilla leon;Melocotones;0.96;1.36;1.42;0.2;0.0;0.0;2018-01-01;Pre-covid;Pre-covid
2018;01;Castilla leon;Nectarinas;46.21;62.85;1.36;1.35;0.02;0.03;2018-01-01;Pre-covid;Pre-covid
2018;01;Castilla leon;Albaricoques;1.25;4.28;3.44;0.27;0.0;0.0;2018-01-01;Pre-covid;Pre-covid
2018;01;Castilla leon;Fresas/freson;427.2;1199.45;2.81;29.16;0.17;0.49;2018-01-01;Pre-covid;Pre-covid
2018;01;Castilla leon;Melon;293.47;431.49;1.47;6.4;0.12;0.18;2018-01-01;Pre-covid;Pre-covid
2018;01;Castilla leon;Sandia;100.26;52.8;0.53;1.36;0.04;0.02;2018-01-01;Pre-covid;Pre-covid
2018;01;Castilla leon;Ciruelas;16.13;30.01;1.86;3.28;0.01;0.01;2018-01-01;Pre-covid;Pre-covid
2018;01;Castilla leon;Cerezas;10.77;79.2;7.35;0.56;0.0;0.03;2018-01-01;Pre-covid;Pre-covid
2018;01;Castilla leon;Uvas;168.46;538.4;3.2;18.33;0.07;0.22;2018-01-01;Pre-covid;Pre-covid
2018;01;Castilla leon;Kiwi;673.82;1738.36;2.58;41.49;0.28;0.71;2018-01-01;Pre-covid;Pre-covid
2018;01;Castilla leon;Aguacate;234.18;714.64;3.05;24.54;0.1;0.29;2018-01-01;Pre-covid;Pre-covid
2018;01;Castilla leon;Piña;540.12;635.43;1.18;24.93;0.22;0.26;2018-01-01;Pre-covid;Pre-covid
2018;01;Castilla leon;Otras frutas frescas;1011.4;2027.09;2.0;45.19;0.41;0.83;2018-01-01;Pre-covid;Pre-covid
2018;01;Castilla leon;Pomelo;49.0;88.91;1.81;2.96;0.02;0.04;2018-01-01;Pre-covid;Pre-covid
2018;01;Castilla leon;Chirimoya;0.0;0.0;0.0;0.0;0.0;0.0;2018-01-01;Pre-covid;Pre-covid
2018;01;Castilla leon;Frutas iv gama;779.32;1088.45;1.4;24.25;0.32;0.44;2018-01-01;Pre-covid;Pre-covid
2018;01;Cataluña;Frutas frescas;54751.08;83756.69;1.53;95.84;7.91;12.11;2018-01-01;Pre-covid;Pre-covid
2018;01;Cataluña;Naranjas;15654.08;15872.27;1.01;65.77;2.26;2.29;2018-01-01;Pre-covid;Pre-covid
2018;01;Cataluña;Mandarinas;9251.31;13400.06;1.45;69.02;1.34;1.94;2018-01-01;Pre-covid;Pre-covid
2018;01;Cataluña;Limones;1335.55;2112.97;1.58;35.22;0.19;0.31;2018-01-01;Pre-covid;Pre-covid
2018;01;Cataluña;Platanos;8810.3;13674.93;1.55;83.67;1.27;1.98;2018-01-01;Pre-covid;Pre-covid
2018;01;Cataluña;Manzanas;6799.38;9827.36;1.45;66.77;0.98;1.42;2018-01-01;Pre-covid;Pre-covid
2018;01;Cataluña;Peras;3406.33;5108.16;1.5;48.37;0.49;0.74;2018-01-01;Pre-covid;Pre-covid
2018;01;Cataluña;Melocotones;21.08;49.63;2.35;0.44;0.0;0.01;2018-01-01;Pre-covid;Pre-covid
2018;01;Cataluña;Nectarinas;51.05;89.66;1.76;1.64;0.01;0.01;2018-01-01;Pre-covid;Pre-covid
2018;01;Cataluña;Albaricoques;17.62;41.46;2.35;0.91;0.0;0.01;2018-01-01;Pre-covid;Pre-covid
2018;01;Cataluña;Fresas/freson;1281.91;4730.33;3.69;34.24;0.19;0.68;2018-01-01;Pre-covid;Pre-covid
2018;01;Cataluña;Melon;1102.79;1906.57;1.73;10.1;0.16;0.28;2018-01-01;Pre-covid;Pre-covid
2018;01;Cataluña;Sandia;21.64;15.02;0.69;0.19;0.0;0.0;2018-01-01;Pre-covid;Pre-covid
2018;01;Cataluña;Ciruelas;28.72;61.78;2.15;1.48;0.0;0.01;2018-01-01;Pre-covid;Pre-covid
2018;01;Cataluña;Cerezas;12.91;119.02;9.22;1.08;0.0;0.02;2018-01-01;Pre-covid;Pre-covid
2018;01;Cataluña;Uvas;750.16;2390.64;3.19;22.51;0.11;0.35;2018-01-01;Pre-covid;Pre-covid
2018;01;Cataluña;Kiwi;1651.2;4768.88;2.89;38.22;0.24;0.69;2018-01-01;Pre-covid;Pre-covid
2018;01;Cataluña;Aguacate;691.14;2241.74;3.24;22.84;0.1;0.32;2018-01-01;Pre-covid;Pre-covid
2018;01;Cataluña;Piña;1623.48;2519.78;1.55;26.6;0.23;0.36;2018-01-01;Pre-covid;Pre-covid
2018;01;Cataluña;Otras frutas frescas;2240.44;4826.43;2.15;36.64;0.32;0.7;2018-01-01;Pre-covid;Pre-covid
2018;01;Cataluña;Pomelo;233.02;368.66;1.58;2.99;0.03;0.05;2018-01-01;Pre-covid;Pre-covid
2018;01;Cataluña;Chirimoya;0.0;0.0;0.0;0.0;0.0;0.0;2018-01-01;Pre-covid;Pre-covid
2018;01;Cataluña;Frutas iv gama;2624.76;4754.78;1.81;33.05;0.38;0.69;2018-01-01;Pre-covid;Pre-covid
2018;01;Extremadura;Frutas frescas;7845.53;9855.57;1.26;93.62;6.65;8.36;2018-01-01;Pre-covid;Pre-covid
2018;01;Extremadura;Naranjas;3243.68;2889.41;0.89;51.7;2.75;2.45;2018-01-01;Pre-covid;Pre-covid
2018;01;Extremadura;Mandarinas;842.01;1125.97;1.34;60.83;0.71;0.95;2018-01-01;Pre-covid;Pre-covid
2018;01;Extremadura;Limones;313.73;449.08;1.43;17.03;0.27;0.38;2018-01-01;Pre-covid;Pre-covid
2018;01;Extremadura;Platanos;1074.62;1450.03;1.35;83.03;0.91;1.23;2018-01-01;Pre-covid;Pre-covid
2018;01;Extremadura;Manzanas;735.63;941.72;1.28;58.2;0.62;0.8;2018-01-01;Pre-covid;Pre-covid
2018;01;Extremadura;Peras;414.1;536.8;1.3;51.27;0.35;0.46;2018-01-01;Pre-covid;Pre-covid
2018;01;Extremadura;Melocotones;0.0;0.0;0.0;0.0;0.0;0.0;2018-01-01;Pre-covid;Pre-covid
2018;01;Extremadura;Nectarinas;29.8;31.19;1.05;4.11;0.03;0.03;2018-01-01;Pre-covid;Pre-covid
2018;01;Extremadura;Albaricoques;0.0;0.0;0.0;0.0;0.0;0.0;2018-01-01;Pre-covid;Pre-covid
2018;01;Extremadura;Fresas/freson;116.33;336.86;2.9;26.25;0.1;0.29;2018-01-01;Pre-covid;Pre-covid
2018;01;Extremadura;Melon;70.85;78.89;1.11;8.67;0.06;0.07;2018-01-01;Pre-covid;Pre-covid
2018;01;Extremadura;Sandia;0.0;0.0;0.0;0.0;0.0;0.0;2018-01-01;Pre-covid;Pre-covid
2018;01;Extremadura;Ciruelas;3.44;12.36;3.59;1.4;0.0;0.01;2018-01-01;Pre-covid;Pre-covid
2018;01;Extremadura;Cerezas;2.83;8.85;3.13;1.48;0.0;0.01;2018-01-01;Pre-covid;Pre-covid
2018;01;Extremadura;Uvas;90.08;231.74;2.57;19.76;0.08;0.2;2018-01-01;Pre-covid;Pre-covid
2018;01;Extremadura;Kiwi;294.01;631.07;2.15;38.2;0.25;0.54;2018-01-01;Pre-covid;Pre-covid
2018;01;Extremadura;Aguacate;90.97;214.92;2.36;26.88;0.08;0.18;2018-01-01;Pre-covid;Pre-covid
2018;01;Extremadura;Piña;153.41;223.48;1.46;28.0;0.13;0.19;2018-01-01;Pre-covid;Pre-covid
2018;01;Extremadura;Otras frutas frescas;370.05;693.19;1.87;50.35;0.31;0.59;2018-01-01;Pre-covid;Pre-covid
2018;01;Extremadura;Pomelo;7.78;17.06;2.19;2.5;0.01;0.01;2018-01-01;Pre-covid;Pre-covid
2018;01;Extremadura;Chirimoya;0.0;0.0;0.0;0.0;0.0;0.0;2018-01-01;Pre-covid;Pre-covid
2018;01;Extremadura;Frutas iv gama;342.38;461.16;1.35;32.59;0.29;0.39;2018-01-01;Pre-covid;Pre-covid
2018;01;Galicia;Frutas frescas;22369.24;33832.29;1.51;97.0;8.08;12.21;2018-01-01;Pre-covid;Pre-covid
2018;01;Galicia;Naranjas;7029.69;6573.02;0.94;68.28;2.54;2.37;2018-01-01;Pre-covid;Pre-covid
2018;01;Galicia;Mandarinas;2587.05;3798.61;1.47;61.69;0.93;1.37;2018-01-01;Pre-covid;Pre-covid
2018;01;Galicia;Limones;1245.71;1735.28;1.39;38.34;0.45;0.63;2018-01-01;Pre-covid;Pre-covid
2018;01;Galicia;Platanos;3260.82;4932.56;1.51;80.89;1.18;1.78;2018-01-01;Pre-covid;Pre-covid
2018;01;Galicia;Manzanas;2688.15;3954.4;1.47;68.19;0.97;1.43;2018-01-01;Pre-covid;Pre-covid
2018;01;Galicia;Peras;1191.52;1747.79;1.47;44.35;0.43;0.63;2018-01-01;Pre-covid;Pre-covid
2018;01;Galicia;Melocotones;4.03;13.7;3.4;0.23;0.0;0.0;2018-01-01;Pre-covid;Pre-covid
2018;01;Galicia;Nectarinas;39.66;133.58;3.37;1.92;0.01;0.05;2018-01-01;Pre-covid;Pre-covid
2018;01;Galicia;Albaricoques;17.8;20.94;1.18;2.17;0.01;0.01;2018-01-01;Pre-covid;Pre-covid
2018;01;Galicia;Fresas/freson;480.1;1974.12;4.11;37.36;0.17;0.71;2018-01-01;Pre-covid;Pre-covid
2018;01;Galicia;Melon;316.54;506.69;1.6;10.48;0.11;0.18;2018-01-01;Pre-covid;Pre-covid
2018;01;Galicia;Sandia;12.86;25.77;2.0;1.39;0.0;0.01;2018-01-01;Pre-covid;Pre-covid
2018;01;Galicia;Ciruelas;14.51;41.36;2.85;2.39;0.01;0.01;2018-01-01;Pre-covid;Pre-covid
2018;01;Galicia;Cerezas;4.43;7.2;1.63;0.51;0.0;0.0;2018-01-01;Pre-covid;Pre-covid
2018;01;Galicia;Uvas;359.16;1032.93;2.88;26.6;0.13;0.37;2018-01-01;Pre-covid;Pre-covid
2018;01;Galicia;Kiwi;1421.91;3238.42;2.28;37.78;0.51;1.17;2018-01-01;Pre-covid;Pre-covid
2018;01;Galicia;Aguacate;272.02;987.22;3.63;21.17;0.1;0.36;2018-01-01;Pre-covid;Pre-covid
2018;01;Galicia;Piña;582.77;763.18;1.31;20.29;0.21;0.28;2018-01-01;Pre-covid;Pre-covid
2018;01;Galicia;Otras frutas frescas;840.53;2345.53;2.79;37.03;0.3;0.85;2018-01-01;Pre-covid;Pre-covid
2018;01;Galicia;Pomelo;68.28;170.68;2.5;2.65;0.02;0.06;2018-01-01;Pre-covid;Pre-covid
2018;01;Galicia;Chirimoya;0.0;0.0;0.0;0.0;0.0;0.0;2018-01-01;Pre-covid;Pre-covid
2018;01;Galicia;Frutas iv gama;719.62;1253.27;1.74;21.45;0.26;0.45;2018-01-01;Pre-covid;Pre-covid
2018;01;La rioja;Frutas frescas;1906.78;2635.09;1.38;94.59;6.03;8.33;2018-01-01;Pre-covid;Pre-covid
2018;01;La rioja;Naranjas;565.18;509.84;0.9;63.01;1.79;1.61;2018-01-01;Pre-covid;Pre-covid
2018;01;La rioja;Mandarinas;300.41;387.4;1.29;70.93;0.95;1.22;2018-01-01;Pre-covid;Pre-covid
2018;01;La rioja;Limones;48.51;65.93;1.36;43.51;0.15;0.21;2018-01-01;Pre-covid;Pre-covid
2018;01;La rioja;Platanos;341.58;552.18;1.62;81.2;1.08;1.74;2018-01-01;Pre-covid;Pre-covid
2018;01;La rioja;Manzanas;333.02;413.62;1.24;68.98;1.05;1.31;2018-01-01;Pre-covid;Pre-covid
2018;01;La rioja;Peras;69.86;91.42;1.31;40.58;0.22;0.29;2018-01-01;Pre-covid;Pre-covid
2018;01;La rioja;Melocotones;0.0;0.0;0.0;0.0;0.0;0.0;2018-01-01;Pre-covid;Pre-covid
2018;01;La rioja;Nectarinas;0.0;0.0;0.0;0.0;0.0;0.0;2018-01-01;Pre-covid;Pre-covid
2018;01;La rioja;Albaricoques;0.0;0.0;0.0;0.0;0.0;0.0;2018-01-01;Pre-covid;Pre-covid
2018;01;La rioja;Fresas/freson;24.08;93.52;3.88;12.99;0.08;0.3;2018-01-01;Pre-covid;Pre-covid
2018;01;La rioja;Melon;23.72;43.18;1.82;7.66;0.07;0.14;2018-01-01;Pre-covid;Pre-covid
2018;01;La rioja;Sandia;0.0;0.0;0.0;0.0;0.0;0.0;2018-01-01;Pre-covid;Pre-covid
2018;01;La rioja;Ciruelas;0.0;0.0;0.0;0.0;0.0;0.0;2018-01-01;Pre-covid;Pre-covid
2018;01;La rioja;Cerezas;0.0;0.0;0.0;0.0;0.0;0.0;2018-01-01;Pre-covid;Pre-covid
2018;01;La rioja;Uvas;7.81;28.49;3.65;8.26;0.02;0.09;2018-01-01;Pre-covid;Pre-covid
2018;01;La rioja;Kiwi;27.58;86.23;3.13;21.07;0.09;0.27;2018-01-01;Pre-covid;Pre-covid
2018;01;La rioja;Aguacate;37.06;108.63;2.93;29.84;0.12;0.34;2018-01-01;Pre-covid;Pre-covid
2018;01;La rioja;Piña;57.56;88.28;1.53;15.62;0.18;0.28;2018-01-01;Pre-covid;Pre-covid
2018;01;La rioja;Otras frutas frescas;70.41;166.35;2.36;20.7;0.22;0.53;2018-01-01;Pre-covid;Pre-covid
2018;01;La rioja;Pomelo;3.27;4.29;1.31;5.23;0.01;0.01;2018-01-01;Pre-covid;Pre-covid
2018;01;La rioja;Chirimoya;0.0;0.0;0.0;0.0;0.0;0.0;2018-01-01;Pre-covid;Pre-covid
2018;01;La rioja;Frutas iv gama;117.83;150.26;1.28;29.59;0.37;0.47;2018-01-01;Pre-covid;Pre-covid
2018;01;Madrid;Frutas frescas;49632.15;71810.57;1.45;95.61;7.97;11.54;2018-01-01;Pre-covid;Pre-covid
2018;01;Madrid;Naranjas;15436.41;13690.72;0.89;66.78;2.48;2.2;2018-01-01;Pre-covid;Pre-covid
2018;01;Madrid;Mandarinas;7747.99;10854.19;1.4;69.27;1.24;1.74;2018-01-01;Pre-covid;Pre-covid
2018;01;Madrid;Limones;1420.52;2202.98;1.55;40.32;0.23;0.35;2018-01-01;Pre-covid;Pre-covid
2018;01;Madrid;Platanos;7057.74;10441.91;1.48;79.4;1.13;1.68;2018-01-01;Pre-covid;Pre-covid
2018;01;Madrid;Manzanas;5750.77;8315.78;1.45;65.79;0.92;1.34;2018-01-01;Pre-covid;Pre-covid
2018;01;Madrid;Peras;3223.72;4651.67;1.44;50.94;0.52;0.75;2018-01-01;Pre-covid;Pre-covid
2018;01;Madrid;Melocotones;32.88;70.86;2.15;0.75;0.01;0.01;2018-01-01;Pre-covid;Pre-covid
2018;01;Madrid;Nectarinas;159.35;242.0;1.52;5.27;0.03;0.04;2018-01-01;Pre-covid;Pre-covid
2018;01;Madrid;Albaricoques;44.05;79.14;1.8;2.1;0.01;0.01;2018-01-01;Pre-covid;Pre-covid
2018;01;Madrid;Fresas/freson;1022.01;3385.14;3.31;29.08;0.16;0.54;2018-01-01;Pre-covid;Pre-covid
2018;01;Madrid;Melon;834.62;1363.37;1.63;11.33;0.13;0.22;2018-01-01;Pre-covid;Pre-covid
2018;01;Madrid;Sandia;8.82;15.66;1.78;0.44;0.0;0.0;2018-01-01;Pre-covid;Pre-covid
2018;01;Madrid;Ciruelas;45.98;84.99;1.85;2.53;0.01;0.01;2018-01-01;Pre-covid;Pre-covid
2018;01;Madrid;Cerezas;49.28;207.11;4.2;1.75;0.01;0.03;2018-01-01;Pre-covid;Pre-covid
2018;01;Madrid;Uvas;617.64;1824.86;2.95;19.46;0.1;0.29;2018-01-01;Pre-covid;Pre-covid
2018;01;Madrid;Kiwi;1812.24;4647.62;2.56;38.51;0.29;0.75;2018-01-01;Pre-covid;Pre-covid
2018;01;Madrid;Aguacate;627.43;2214.87;3.53;26.46;0.1;0.36;2018-01-01;Pre-covid;Pre-covid
2018;01;Madrid;Piña;1305.99;1906.7;1.46;24.64;0.21;0.31;2018-01-01;Pre-covid;Pre-covid
2018;01;Madrid;Otras frutas frescas;2434.73;5610.98;2.3;43.01;0.39;0.9;2018-01-01;Pre-covid;Pre-covid
2018;01;Madrid;Pomelo;153.11;269.65;1.76;3.69;0.02;0.04;2018-01-01;Pre-covid;Pre-covid
2018;01;Madrid;Chirimoya;0.0;0.0;0.0;0.0;0.0;0.0;2018-01-01;Pre-covid;Pre-covid
2018;01;Madrid;Frutas iv gama;1662.33;2880.0;1.73;31.57;0.27;0.46;2018-01-01;Pre-covid;Pre-covid
2018;01;Murcia;Frutas frescas;8949.83;13075.44;1.46;92.39;6.28;9.18;2018-01-01;Pre-covid;Pre-covid
2018;01;Murcia;Naranjas;2525.18;2176.37;0.86;48.39;1.77;1.53;2018-01-01;Pre-covid;Pre-covid
2018;01;Murcia;Mandarinas;1029.37;1356.17;1.32;46.49;0.72;0.95;2018-01-01;Pre-covid;Pre-covid
2018;01;Murcia;Limones;456.94;863.25;1.89;28.47;0.32;0.61;2018-01-01;Pre-covid;Pre-covid
2018;01;Murcia;Platanos;1448.12;1987.99;1.37;68.48;1.02;1.4;2018-01-01;Pre-covid;Pre-covid
2018;01;Murcia;Manzanas;1102.16;1569.66;1.42;69.74;0.77;1.1;2018-01-01;Pre-covid;Pre-covid
2018;01;Murcia;Peras;567.43;797.94;1.41;43.84;0.4;0.56;2018-01-01;Pre-covid;Pre-covid
2018;01;Murcia;Melocotones;0.0;0.0;0.0;0.0;0.0;0.0;2018-01-01;Pre-covid;Pre-covid
2018;01;Murcia;Nectarinas;6.57;13.08;1.99;1.31;0.0;0.01;2018-01-01;Pre-covid;Pre-covid
2018;01;Murcia;Albaricoques;6.47;8.34;1.29;0.74;0.0;0.01;2018-01-01;Pre-covid;Pre-covid
2018;01;Murcia;Fresas/freson;348.94;1286.69;3.69;31.83;0.25;0.9;2018-01-01;Pre-covid;Pre-covid
2018;01;Murcia;Melon;198.79;231.02;1.16;9.71;0.14;0.16;2018-01-01;Pre-covid;Pre-covid
2018;01;Murcia;Sandia;0.0;0.0;0.0;0.0;0.0;0.0;2018-01-01;Pre-covid;Pre-covid
2018;01;Murcia;Ciruelas;67.75;131.13;1.94;2.98;0.05;0.09;2018-01-01;Pre-covid;Pre-covid
2018;01;Murcia;Cerezas;11.11;40.11;3.61;2.32;0.01;0.03;2018-01-01;Pre-covid;Pre-covid
2018;01;Murcia;Uvas;105.6;340.71;3.23;22.09;0.07;0.24;2018-01-01;Pre-covid;Pre-covid
2018;01;Murcia;Kiwi;250.2;738.06;2.95;34.82;0.18;0.52;2018-01-01;Pre-covid;Pre-covid
2018;01;Murcia;Aguacate;69.37;272.36;3.93;20.15;0.05;0.19;2018-01-01;Pre-covid;Pre-covid
2018;01;Murcia;Piña;370.1;424.42;1.15;22.31;0.26;0.3;2018-01-01;Pre-covid;Pre-covid
2018;01;Murcia;Otras frutas frescas;385.75;838.15;2.17;36.01;0.27;0.59;2018-01-01;Pre-covid;Pre-covid
2018;01;Murcia;Pomelo;45.94;77.12;1.68;2.83;0.03;0.05;2018-01-01;Pre-covid;Pre-covid
2018;01;Murcia;Chirimoya;0.0;0.0;0.0;0.0;0.0;0.0;2018-01-01;Pre-covid;Pre-covid
2018;01;Murcia;Frutas iv gama;249.19;489.85;1.97;31.07;0.17;0.34;2018-01-01;Pre-covid;Pre-covid
2018;01;Navarra;Frutas frescas;4245.27;6883.64;1.62;98.31;7.17;11.62;2018-01-01;Pre-covid;Pre-covid
2018;01;Navarra;Naranjas;1242.45;1294.17;1.04;65.56;2.1;2.18;2018-01-01;Pre-covid;Pre-covid
2018;01;Navarra;Mandarinas;670.32;967.41;1.44;74.33;1.13;1.63;2018-01-01;Pre-covid;Pre-covid
2018;01;Navarra;Limones;174.7;269.23;1.54;49.76;0.29;0.45;2018-01-01;Pre-covid;Pre-covid
2018;01;Navarra;Platanos;792.98;1295.0;1.63;88.04;1.34;2.19;2018-01-01;Pre-covid;Pre-covid
2018;01;Navarra;Manzanas;463.28;767.84;1.66;52.24;0.78;1.3;2018-01-01;Pre-covid;Pre-covid
2018;01;Navarra;Peras;148.71;205.1;1.38;25.5;0.25;0.35;2018-01-01;Pre-covid;Pre-covid
2018;01;Navarra;Melocotones;0.0;0.0;0.0;0.0;0.0;0.0;2018-01-01;Pre-covid;Pre-covid
2018;01;Navarra;Nectarinas;1.8;1.83;1.01;0.92;0.0;0.0;2018-01-01;Pre-covid;Pre-covid
2018;01;Navarra;Albaricoques;0.0;0.0;0.0;0.0;0.0;0.0;2018-01-01;Pre-covid;Pre-covid
2018;01;Navarra;Fresas/freson;108.07;417.26;3.86;23.87;0.18;0.7;2018-01-01;Pre-covid;Pre-covid
2018;01;Navarra;Melon;63.38;122.5;1.93;11.02;0.11;0.21;2018-01-01;Pre-covid;Pre-covid
2018;01;Navarra;Sandia;0.0;0.0;0.0;0.0;0.0;0.0;2018-01-01;Pre-covid;Pre-covid
2018;01;Navarra;Ciruelas;0.0;0.0;0.0;0.0;0.0;0.0;2018-01-01;Pre-covid;Pre-covid
2018;01;Navarra;Cerezas;0.65;14.31;21.91;1.06;0.0;0.02;2018-01-01;Pre-covid;Pre-covid
2018;01;Navarra;Uvas;46.34;131.85;2.85;16.8;0.08;0.22;2018-01-01;Pre-covid;Pre-covid
2018;01;Navarra;Kiwi;144.78;404.17;2.79;44.83;0.24;0.68;2018-01-01;Pre-covid;Pre-covid
2018;01;Navarra;Aguacate;135.82;436.18;3.21;50.94;0.23;0.74;2018-01-01;Pre-covid;Pre-covid
2018;01;Navarra;Piña;123.57;178.07;1.44;20.66;0.21;0.3;2018-01-01;Pre-covid;Pre-covid
2018;01;Navarra;Otras frutas frescas;128.43;378.72;2.95;31.99;0.22;0.64;2018-01-01;Pre-covid;Pre-covid
2018;01;Navarra;Pomelo;0.68;1.28;1.9;0.75;0.0;0.0;2018-01-01;Pre-covid;Pre-covid
2018;01;Navarra;Chirimoya;0.0;0.0;0.0;0.0;0.0;0.0;2018-01-01;Pre-covid;Pre-covid
2018;01;Navarra;Frutas iv gama;279.89;570.59;2.04;43.79;0.47;0.96;2018-01-01;Pre-covid;Pre-covid
2018;01;Pais vasco;Frutas frescas;17243.63;26029.04;1.51;97.15;8.33;12.57;2018-01-01;Pre-covid;Pre-covid
2018;01;Pais vasco;Naranjas;5372.93;5264.45;0.98;66.66;2.6;2.54;2018-01-01;Pre-covid;Pre-covid
2018;01;Pais vasco;Mandarinas;2544.46;3665.21;1.44;70.57;1.23;1.77;2018-01-01;Pre-covid;Pre-covid
2018;01;Pais vasco;Limones;487.12;806.02;1.65;45.8;0.24;0.39;2018-01-01;Pre-covid;Pre-covid
2018;01;Pais vasco;Platanos;2410.65;3766.87;1.56;79.9;1.16;1.82;2018-01-01;Pre-covid;Pre-covid
2018;01;Pais vasco;Manzanas;2078.93;3051.8;1.47;61.28;1.0;1.47;2018-01-01;Pre-covid;Pre-covid
2018;01;Pais vasco;Peras;1116.18;1682.4;1.51;53.28;0.54;0.81;2018-01-01;Pre-covid;Pre-covid
2018;01;Pais vasco;Melocotones;0.0;0.0;0.0;0.0;0.0;0.0;2018-01-01;Pre-covid;Pre-covid
2018;01;Pais vasco;Nectarinas;8.84;18.49;2.09;0.73;0.0;0.01;2018-01-01;Pre-covid;Pre-covid
2018;01;Pais vasco;Albaricoques;1.71;5.14;3.0;0.2;0.0;0.0;2018-01-01;Pre-covid;Pre-covid
2018;01;Pais vasco;Fresas/freson;416.08;1559.13;3.75;41.02;0.2;0.75;2018-01-01;Pre-covid;Pre-covid
2018;01;Pais vasco;Melon;217.88;358.13;1.64;9.98;0.11;0.17;2018-01-01;Pre-covid;Pre-covid
2018;01;Pais vasco;Sandia;14.89;42.11;2.83;1.96;0.01;0.02;2018-01-01;Pre-covid;Pre-covid
2018;01;Pais vasco;Ciruelas;6.51;14.55;2.23;1.13;0.0;0.01;2018-01-01;Pre-covid;Pre-covid
2018;01;Pais vasco;Cerezas;20.18;97.7;4.84;2.23;0.01;0.05;2018-01-01;Pre-covid;Pre-covid
2018;01;Pais vasco;Uvas;237.7;622.2;2.62;20.67;0.11;0.3;2018-01-01;Pre-covid;Pre-covid
2018;01;Pais vasco;Kiwi;754.89;2226.77;2.95;42.64;0.36;1.08;2018-01-01;Pre-covid;Pre-covid
2018;01;Pais vasco;Aguacate;174.1;585.37;3.36;24.56;0.08;0.28;2018-01-01;Pre-covid;Pre-covid
2018;01;Pais vasco;Piña;544.36;720.54;1.32;25.51;0.26;0.35;2018-01-01;Pre-covid;Pre-covid
2018;01;Pais vasco;Otras frutas frescas;836.21;1542.17;1.84;36.74;0.4;0.74;2018-01-01;Pre-covid;Pre-covid
2018;01;Pais vasco;Pomelo;139.71;224.32;1.61;5.22;0.07;0.11;2018-01-01;Pre-covid;Pre-covid
2018;01;Pais vasco;Chirimoya;0.0;0.0;0.0;0.0;0.0;0.0;2018-01-01;Pre-covid;Pre-covid
2018;01;Pais vasco;Frutas iv gama;668.71;1034.74;1.55;21.53;0.32;0.5;2018-01-01;Pre-covid;Pre-covid
2018;01;Valencia;Frutas frescas;29900.96;42272.65;1.41;93.41;6.32;8.93;2018-01-01;Pre-covid;Pre-covid
2018;01;Valencia;Naranjas;7308.49;6091.71;0.83;45.59;1.54;1.29;2018-01-01;Pre-covid;Pre-covid
2018;01;Valencia;Mandarinas;3910.14;4879.32;1.25;48.36;0.83;1.03;2018-01-01;Pre-covid;Pre-covid
2018;01;Valencia;Limones;902.72;1248.17;1.38;29.24;0.19;0.26;2018-01-01;Pre-covid;Pre-covid
2018;01;Valencia;Platanos;5483.51;7663.89;1.4;80.96;1.16;1.62;2018-01-01;Pre-covid;Pre-covid
2018;01;Valencia;Manzanas;3854.55;5268.38;1.37;67.67;0.81;1.11;2018-01-01;Pre-covid;Pre-covid
2018;01;Valencia;Peras;1887.33;2627.88;1.39;47.17;0.4;0.56;2018-01-01;Pre-covid;Pre-covid
2018;01;Valencia;Melocotones;13.65;17.57;1.29;0.75;0.0;0.0;2018-01-01;Pre-covid;Pre-covid
2018;01;Valencia;Nectarinas;24.86;70.22;2.82;1.13;0.01;0.01;2018-01-01;Pre-covid;Pre-covid
2018;01;Valencia;Albaricoques;22.13;39.29;1.78;1.34;0.0;0.01;2018-01-01;Pre-covid;Pre-covid
2018;01;Valencia;Fresas/freson;930.29;3357.42;3.61;35.47;0.2;0.71;2018-01-01;Pre-covid;Pre-covid
2018;01;Valencia;Melon;950.96;1053.7;1.11;7.47;0.2;0.22;2018-01-01;Pre-covid;Pre-covid
2018;01;Valencia;Sandia;81.26;132.3;1.63;0.54;0.02;0.03;2018-01-01;Pre-covid;Pre-covid
2018;01;Valencia;Ciruelas;53.97;118.6;2.2;1.75;0.01;0.03;2018-01-01;Pre-covid;Pre-covid
2018;01;Valencia;Cerezas;60.37;304.4;5.04;2.94;0.01;0.06;2018-01-01;Pre-covid;Pre-covid
2018;01;Valencia;Uvas;342.93;967.27;2.82;16.95;0.07;0.2;2018-01-01;Pre-covid;Pre-covid
2018;01;Valencia;Kiwi;1030.7;2393.28;2.32;31.02;0.22;0.51;2018-01-01;Pre-covid;Pre-covid
2018;01;Valencia;Aguacate;384.49;1246.84;3.24;22.63;0.08;0.26;2018-01-01;Pre-covid;Pre-covid
2018;01;Valencia;Piña;972.29;1362.72;1.4;23.52;0.21;0.29;2018-01-01;Pre-covid;Pre-covid
2018;01;Valencia;Otras frutas frescas;1686.31;3429.69;2.03;43.57;0.36;0.72;2018-01-01;Pre-covid;Pre-covid
2018;01;Valencia;Pomelo;174.54;235.09;1.35;4.22;0.04;0.05;2018-01-01;Pre-covid;Pre-covid
2018;01;Valencia;Chirimoya;0.0;0.0;0.0;0.0;0.0;0.0;2018-01-01;Pre-covid;Pre-covid
2018;01;Valencia;Frutas iv gama;1313.87;2124.83;1.62;27.98;0.28;0.45;2018-01-01;Pre-covid;Pre-covid
2018;02;Nacional;Patatas;101633.34;79007.99;0.78;77.37;2.23;1.73;2018-02-01;Pre-covid;Pre-covid
2018;02;Nacional;Patatas frescas;73911.29;49850.85;0.67;64.46;1.62;1.09;2018-02-01;Pre-covid;Pre-covid
2018;02;Nacional;Patatas congeladas;3715.22;4642.52;1.25;11.13;0.08;0.1;2018-02-01;Pre-covid;Pre-covid
2018;02;Nacional;Patatas procesadas;4801.37;24514.62;5.11;44.88;0.11;0.54;2018-02-01;Pre-covid;Pre-covid
2018;02;Nacional;Hortalizas frescas;199357.88;359202.25;1.8;96.52;4.37;7.87;2018-02-01;Pre-covid;Pre-covid
2018;02;Nacional;Omates;37209.3;60250.41;1.62;76.5;0.82;1.32;2018-02-01;Pre-covid;Pre-covid
2018;02;Nacional;Cebollas;24194.45;25924.11;1.07;65.48;0.53;0.57;2018-02-01;Pre-covid;Pre-covid
2018;02;Nacional;Ajos;2532.72;10798.09;4.26;34.95;0.06;0.24;2018-02-01;Pre-covid;Pre-covid
2018;02;Nacional;Coles;6452.48;7135.05;1.11;21.7;0.14;0.16;2018-02-01;Pre-covid;Pre-covid
2018;02;Nacional;Pepinos;3902.51;6407.31;1.64;21.54;0.09;0.14;2018-02-01;Pre-covid;Pre-covid
2018;02;Nacional;Judias verdes;6422.41;18848.0;2.93;33.16;0.14;0.41;2018-02-01;Pre-covid;Pre-covid
2018;02;Nacional;Pimientos;14826.66;28302.04;1.91;60.25;0.32;0.62;2018-02-01;Pre-covid;Pre-covid
2018;02;Nacional;Champiñoneso setas;5705.26;19958.32;3.5;40.34;0.13;0.44;2018-02-01;Pre-covid;Pre-covid
2018;02;Nacional;Lechuga/esc /endivia;10972.67;30653.29;2.79;55.68;0.24;0.67;2018-02-01;Pre-covid;Pre-covid
2018;02;Nacional;Esparragos;2152.64;5875.58;2.73;9.25;0.05;0.13;2018-02-01;Pre-covid;Pre-covid
2018;02;Nacional;Verduras de hoja;5512.59;12337.75;2.24;28.45;0.12;0.27;2018-02-01;Pre-covid;Pre-covid
2018;02;Nacional;Berenjenas;4469.76;7528.77;1.68;27.76;0.1;0.16;2018-02-01;Pre-covid;Pre-covid
2018;02;Nacional;Zanahorias;12422.87;10391.97;0.84;53.91;0.27;0.23;2018-02-01;Pre-covid;Pre-covid
2018;02;Nacional;Calabacines;13690.57;20066.47;1.47;51.76;0.3;0.44;2018-02-01;Pre-covid;Pre-covid
2018;02;Nacional;Otr hortalizas/verd ;48890.99;94725.11;1.94;81.65;1.07;2.08;2018-02-01;Pre-covid;Pre-covid
2018;02;Nacional;Brocoli;6199.6;9040.53;1.46;25.01;0.14;0.2;2018-02-01;Pre-covid;Pre-covid
2018;02;Nacional;Alcachofas;9675.8;17145.1;1.77;27.86;0.21;0.38;2018-02-01;Pre-covid;Pre-covid
2018;02;Nacional;Verd /hort  iv gama;21965.26;56940.49;2.59;63.59;0.48;1.25;2018-02-01;Pre-covid;Pre-covid
2018;02;Andalucia;Patatas;19328.48;14671.24;0.76;80.88;2.22;1.69;2018-02-01;Pre-covid;Pre-covid
2018;02;Andalucia;Patatas frescas;13281.4;8345.55;0.63;64.02;1.53;0.96;2018-02-01;Pre-covid;Pre-covid
2018;02;Andalucia;Patatas congeladas;778.16;937.25;1.2;12.92;0.09;0.11;2018-02-01;Pre-covid;Pre-covid
2018;02;Andalucia;Patatas procesadas;1053.79;5388.45;5.11;50.44;0.12;0.62;2018-02-01;Pre-covid;Pre-covid
2018;02;Andalucia;Hortalizas frescas;33309.24;57096.21;1.71;95.86;3.83;6.57;2018-02-01;Pre-covid;Pre-covid
2018;02;Andalucia;Omates;7204.98;9934.65;1.38;75.25;0.83;1.14;2018-02-01;Pre-covid;Pre-covid
2018;02;Andalucia;Cebollas;4189.46;4082.92;0.97;66.28;0.48;0.47;2018-02-01;Pre-covid;Pre-covid
2018;02;Andalucia;Ajos;494.44;1950.94;3.95;35.71;0.06;0.22;2018-02-01;Pre-covid;Pre-covid
2018;02;Andalucia;Coles;657.77;715.39;1.09;16.3;0.08;0.08;2018-02-01;Pre-covid;Pre-covid
2018;02;Andalucia;Pepinos;762.57;1183.47;1.55;22.43;0.09;0.14;2018-02-01;Pre-covid;Pre-covid
2018;02;Andalucia;Judias verdes;790.3;2392.67;3.03;28.05;0.09;0.28;2018-02-01;Pre-covid;Pre-covid
2018;02;Andalucia;Pimientos;2479.18;4628.66;1.87;59.44;0.29;0.53;2018-02-01;Pre-covid;Pre-covid
2018;02;Andalucia;Champiñoneso setas;825.63;3086.02;3.74;36.88;0.1;0.36;2018-02-01;Pre-covid;Pre-covid
2018;02;Andalucia;Lechuga/esc /endivia;1605.13;4691.53;2.92;52.79;0.18;0.54;2018-02-01;Pre-covid;Pre-covid
2018;02;Andalucia;Esparragos;343.07;911.97;2.66;7.7;0.04;0.1;2018-02-01;Pre-covid;Pre-covid
2018;02;Andalucia;Verduras de hoja;819.1;2172.3;2.65;29.07;0.09;0.25;2018-02-01;Pre-covid;Pre-covid
2018;02;Andalucia;Berenjenas;855.14;1382.01;1.62;31.99;0.1;0.16;2018-02-01;Pre-covid;Pre-covid
2018;02;Andalucia;Zanahorias;2122.51;1665.53;0.78;51.11;0.24;0.19;2018-02-01;Pre-covid;Pre-covid
2018;02;Andalucia;Calabacines;2178.38;3110.42;1.43;50.43;0.25;0.36;2018-02-01;Pre-covid;Pre-covid
2018;02;Andalucia;Otr hortalizas/verd ;7981.59;15187.72;1.9;83.02;0.92;1.75;2018-02-01;Pre-covid;Pre-covid
2018;02;Andalucia;Brocoli;816.12;1336.53;1.64;25.46;0.09;0.15;2018-02-01;Pre-covid;Pre-covid
2018;02;Andalucia;Alcachofas;1484.29;2457.93;1.66;32.26;0.17;0.28;2018-02-01;Pre-covid;Pre-covid
2018;02;Andalucia;Verd /hort  iv gama;3872.28;9499.28;2.45;61.35;0.45;1.09;2018-02-01;Pre-covid;Pre-covid
2018;02;Aragon;Patatas;2494.55;1850.34;0.74;75.67;1.9;1.41;2018-02-01;Pre-covid;Pre-covid
2018;02;Aragon;Patatas frescas;1916.67;1244.73;0.65;62.78;1.46;0.95;2018-02-01;Pre-covid;Pre-covid
2018;02;Aragon;Patatas congeladas;70.41;110.01;1.56;8.92;0.05;0.08;2018-02-01;Pre-covid;Pre-covid
2018;02;Aragon;Patatas procesadas;101.49;495.6;4.88;43.22;0.08;0.38;2018-02-01;Pre-covid;Pre-covid
2018;02;Aragon;Hortalizas frescas;6753.76;12042.16;1.78;96.43;5.14;9.17;2018-02-01;Pre-covid;Pre-covid
2018;02;Aragon;Omates;1087.31;1893.26;1.74;73.58;0.83;1.44;2018-02-01;Pre-covid;Pre-covid
2018;02;Aragon;Cebollas;651.93;741.91;1.14;60.79;0.5;0.57;2018-02-01;Pre-covid;Pre-covid
2018;02;Aragon;Ajos;62.53;255.78;4.09;29.05;0.05;0.19;2018-02-01;Pre-covid;Pre-covid
2018;02;Aragon;Coles;252.31;316.37;1.25;20.49;0.19;0.24;2018-02-01;Pre-covid;Pre-covid
2018;02;Aragon;Pepinos;165.72;294.87;1.78;24.67;0.13;0.22;2018-02-01;Pre-covid;Pre-covid
2018;02;Aragon;Judias verdes;272.59;721.11;2.65;39.1;0.21;0.55;2018-02-01;Pre-covid;Pre-covid
2018;02;Aragon;Pimientos;364.85;764.65;2.1;51.73;0.28;0.58;2018-02-01;Pre-covid;Pre-covid
2018;02;Aragon;Champiñoneso setas;183.08;643.5;3.51;53.42;0.14;0.49;2018-02-01;Pre-covid;Pre-covid
2018;02;Aragon;Lechuga/esc /endivia;511.18;1291.38;2.53;62.6;0.39;0.98;2018-02-01;Pre-covid;Pre-covid
2018;02;Aragon;Esparragos;122.83;284.25;2.31;16.88;0.09;0.22;2018-02-01;Pre-covid;Pre-covid
2018;02;Aragon;Verduras de hoja;399.23;708.91;1.78;32.35;0.3;0.54;2018-02-01;Pre-covid;Pre-covid
2018;02;Aragon;Berenjenas;129.48;228.93;1.77;26.71;0.1;0.17;2018-02-01;Pre-covid;Pre-covid
2018;02;Aragon;Zanahorias;318.42;263.13;0.83;49.27;0.24;0.2;2018-02-01;Pre-covid;Pre-covid
2018;02;Aragon;Calabacines;389.11;568.54;1.46;53.62;0.3;0.43;2018-02-01;Pre-covid;Pre-covid
2018;02;Aragon;Otr hortalizas/verd ;1843.19;3065.59;1.66;87.81;1.4;2.33;2018-02-01;Pre-covid;Pre-covid
2018;02;Aragon;Brocoli;323.2;384.48;1.19;27.66;0.25;0.29;2018-02-01;Pre-covid;Pre-covid
2018;02;Aragon;Alcachofas;352.25;585.29;1.66;39.42;0.27;0.45;2018-02-01;Pre-covid;Pre-covid
2018;02;Aragon;Verd /hort  iv gama;633.46;1600.77;2.53;62.94;0.48;1.22;2018-02-01;Pre-covid;Pre-covid
2018;02;Asturias;Patatas;2465.86;1828.0;0.74;75.66;2.27;1.69;2018-02-01;Pre-covid;Pre-covid
2018;02;Asturias;Patatas frescas;1936.94;1212.38;0.63;58.25;1.79;1.12;2018-02-01;Pre-covid;Pre-covid
2018;02;Asturias;Patatas congeladas;95.99;130.25;1.36;11.0;0.09;0.12;2018-02-01;Pre-covid;Pre-covid
2018;02;Asturias;Patatas procesadas;86.59;485.37;5.61;37.97;0.08;0.45;2018-02-01;Pre-covid;Pre-covid
2018;02;Asturias;Hortalizas frescas;3910.4;7651.76;1.96;96.24;3.61;7.06;2018-02-01;Pre-covid;Pre-covid
2018;02;Asturias;Omates;652.37;1115.91;1.71;63.08;0.6;1.03;2018-02-01;Pre-covid;Pre-covid
2018;02;Asturias;Cebollas;628.53;746.16;1.19;78.65;0.58;0.69;2018-02-01;Pre-covid;Pre-covid
2018;02;Asturias;Ajos;100.54;434.42;4.32;59.1;0.09;0.4;2018-02-01;Pre-covid;Pre-covid
2018;02;Asturias;Coles;88.6;109.47;1.24;15.05;0.08;0.1;2018-02-01;Pre-covid;Pre-covid
2018;02;Asturias;Pepinos;64.41;118.28;1.84;15.07;0.06;0.11;2018-02-01;Pre-covid;Pre-covid
2018;02;Asturias;Judias verdes;111.82;394.14;3.52;25.69;0.1;0.36;2018-02-01;Pre-covid;Pre-covid
2018;02;Asturias;Pimientos;411.79;839.53;2.04;57.22;0.38;0.77;2018-02-01;Pre-covid;Pre-covid
2018;02;Asturias;Champiñoneso setas;93.82;396.5;4.23;34.0;0.09;0.37;2018-02-01;Pre-covid;Pre-covid
2018;02;Asturias;Lechuga/esc /endivia;184.73;560.93;3.04;37.54;0.17;0.52;2018-02-01;Pre-covid;Pre-covid
2018;02;Asturias;Esparragos;74.64;82.43;1.1;6.67;0.07;0.08;2018-02-01;Pre-covid;Pre-covid
2018;02;Asturias;Verduras de hoja;101.75;218.44;2.15;15.83;0.09;0.2;2018-02-01;Pre-covid;Pre-covid
2018;02;Asturias;Berenjenas;56.28;121.89;2.17;18.23;0.05;0.11;2018-02-01;Pre-covid;Pre-covid
2018;02;Asturias;Zanahorias;261.47;265.47;1.02;51.29;0.24;0.24;2018-02-01;Pre-covid;Pre-covid
2018;02;Asturias;Calabacines;285.34;420.61;1.47;43.5;0.26;0.39;2018-02-01;Pre-covid;Pre-covid
2018;02;Asturias;Otr hortalizas/verd ;794.33;1827.58;2.3;82.75;0.73;1.69;2018-02-01;Pre-covid;Pre-covid
2018;02;Asturias;Brocoli;149.17;340.8;2.28;22.0;0.14;0.31;2018-02-01;Pre-covid;Pre-covid
2018;02;Asturias;Alcachofas;156.3;336.33;2.15;12.15;0.14;0.31;2018-02-01;Pre-covid;Pre-covid
2018;02;Asturias;Verd /hort  iv gama;439.23;1000.72;2.28;57.8;0.41;0.92;2018-02-01;Pre-covid;Pre-covid
2018;02;Baleares;Patatas;2407.18;2060.15;0.86;82.64;2.34;2.0;2018-02-01;Pre-covid;Pre-covid
2018;02;Baleares;Patatas frescas;1715.61;1309.78;0.76;65.29;1.67;1.27;2018-02-01;Pre-covid;Pre-covid
2018;02;Baleares;Patatas congeladas;82.25;129.96;1.58;14.36;0.08;0.13;2018-02-01;Pre-covid;Pre-covid
2018;02;Baleares;Patatas procesadas;121.86;620.41;5.09;44.25;0.12;0.6;2018-02-01;Pre-covid;Pre-covid
2018;02;Baleares;Hortalizas frescas;4726.23;8872.6;1.88;98.99;4.59;8.61;2018-02-01;Pre-covid;Pre-covid
2018;02;Baleares;Omates;848.59;1581.86;1.86;84.09;0.82;1.54;2018-02-01;Pre-covid;Pre-covid
2018;02;Baleares;Cebollas;653.49;713.13;1.09;69.3;0.63;0.69;2018-02-01;Pre-covid;Pre-covid
2018;02;Baleares;Ajos;33.14;180.12;5.44;26.8;0.03;0.17;2018-02-01;Pre-covid;Pre-covid
2018;02;Baleares;Coles;190.5;218.5;1.15;38.64;0.18;0.21;2018-02-01;Pre-covid;Pre-covid
2018;02;Baleares;Pepinos;40.08;76.98;1.92;17.9;0.04;0.07;2018-02-01;Pre-covid;Pre-covid
2018;02;Baleares;Judias verdes;111.39;373.89;3.36;34.28;0.11;0.36;2018-02-01;Pre-covid;Pre-covid
2018;02;Baleares;Pimientos;321.39;683.13;2.13;71.66;0.31;0.66;2018-02-01;Pre-covid;Pre-covid
2018;02;Baleares;Champiñoneso setas;136.84;485.41;3.55;54.76;0.13;0.47;2018-02-01;Pre-covid;Pre-covid
2018;02;Baleares;Lechuga/esc /endivia;260.26;770.53;2.96;66.9;0.25;0.75;2018-02-01;Pre-covid;Pre-covid
2018;02;Baleares;Esparragos;68.15;151.22;2.22;10.56;0.07;0.15;2018-02-01;Pre-covid;Pre-covid
2018;02;Baleares;Verduras de hoja;139.51;372.72;2.67;29.76;0.14;0.36;2018-02-01;Pre-covid;Pre-covid
2018;02;Baleares;Berenjenas;111.91;176.11;1.57;33.2;0.11;0.17;2018-02-01;Pre-covid;Pre-covid
2018;02;Baleares;Zanahorias;339.5;268.29;0.79;63.0;0.33;0.26;2018-02-01;Pre-covid;Pre-covid
2018;02;Baleares;Calabacines;281.91;438.49;1.56;52.9;0.27;0.43;2018-02-01;Pre-covid;Pre-covid
2018;02;Baleares;Otr hortalizas/verd ;1189.57;2382.22;2.0;92.99;1.15;2.31;2018-02-01;Pre-covid;Pre-covid
2018;02;Baleares;Brocoli;152.99;236.89;1.55;31.07;0.15;0.23;2018-02-01;Pre-covid;Pre-covid
2018;02;Baleares;Alcachofas;203.58;366.02;1.8;33.17;0.2;0.36;2018-02-01;Pre-covid;Pre-covid
2018;02;Baleares;Verd /hort  iv gama;580.53;1637.6;2.82;71.82;0.56;1.59;2018-02-01;Pre-covid;Pre-covid
2018;02;Canarias;Patatas;4749.63;4238.01;0.89;73.1;2.17;1.94;2018-02-01;Pre-covid;Pre-covid
2018;02;Canarias;Patatas frescas;3924.42;3426.95;0.87;69.23;1.79;1.57;2018-02-01;Pre-covid;Pre-covid
2018;02;Canarias;Patatas congeladas;248.3;249.73;1.01;10.35;0.11;0.11;2018-02-01;Pre-covid;Pre-covid
2018;02;Canarias;Patatas procesadas;115.38;561.33;4.86;29.65;0.05;0.26;2018-02-01;Pre-covid;Pre-covid
2018;02;Canarias;Hortalizas frescas;8850.28;16832.04;1.9;96.37;4.05;7.7;2018-02-01;Pre-covid;Pre-covid
2018;02;Canarias;Omates;1409.85;2236.05;1.59;74.37;0.64;1.02;2018-02-01;Pre-covid;Pre-covid
2018;02;Canarias;Cebollas;1259.64;1370.96;1.09;76.13;0.58;0.63;2018-02-01;Pre-covid;Pre-covid
2018;02;Canarias;Ajos;109.34;431.64;3.95;41.41;0.05;0.2;2018-02-01;Pre-covid;Pre-covid
2018;02;Canarias;Coles;276.7;327.58;1.18;32.44;0.13;0.15;2018-02-01;Pre-covid;Pre-covid
2018;02;Canarias;Pepinos;195.1;310.2;1.59;35.82;0.09;0.14;2018-02-01;Pre-covid;Pre-covid
2018;02;Canarias;Judias verdes;103.09;463.37;4.49;17.21;0.05;0.21;2018-02-01;Pre-covid;Pre-covid
2018;02;Canarias;Pimientos;827.29;1614.49;1.95;66.04;0.38;0.74;2018-02-01;Pre-covid;Pre-covid
2018;02;Canarias;Champiñoneso setas;237.58;830.26;3.49;41.19;0.11;0.38;2018-02-01;Pre-covid;Pre-covid
2018;02;Canarias;Lechuga/esc /endivia;297.22;981.09;3.3;41.79;0.14;0.45;2018-02-01;Pre-covid;Pre-covid
2018;02;Canarias;Esparragos;12.4;43.79;3.53;2.72;0.01;0.02;2018-02-01;Pre-covid;Pre-covid
2018;02;Canarias;Verduras de hoja;87.18;383.5;4.4;17.41;0.04;0.18;2018-02-01;Pre-covid;Pre-covid
2018;02;Canarias;Berenjenas;132.85;247.33;1.86;17.61;0.06;0.11;2018-02-01;Pre-covid;Pre-covid
2018;02;Canarias;Zanahorias;777.28;811.07;1.04;71.15;0.36;0.37;2018-02-01;Pre-covid;Pre-covid
2018;02;Canarias;Calabacines;965.23;1524.8;1.58;69.08;0.44;0.7;2018-02-01;Pre-covid;Pre-covid
2018;02;Canarias;Otr hortalizas/verd ;2159.56;5255.9;2.43;85.5;0.99;2.4;2018-02-01;Pre-covid;Pre-covid
2018;02;Canarias;Brocoli;85.63;210.12;2.45;15.19;0.04;0.1;2018-02-01;Pre-covid;Pre-covid
2018;02;Canarias;Alcachofas;22.84;70.32;3.08;0.92;0.01;0.03;2018-02-01;Pre-covid;Pre-covid
2018;02;Canarias;Verd /hort  iv gama;1140.57;2911.09;2.55;63.73;0.52;1.33;2018-02-01;Pre-covid;Pre-covid
2018;02;Cantabria;Patatas;919.9;652.31;0.71;65.69;1.65;1.17;2018-02-01;Pre-covid;Pre-covid
2018;02;Cantabria;Patatas frescas;702.26;455.66;0.65;55.33;1.26;0.82;2018-02-01;Pre-covid;Pre-covid
2018;02;Cantabria;Patatas congeladas;45.4;56.09;1.24;7.81;0.08;0.1;2018-02-01;Pre-covid;Pre-covid
2018;02;Cantabria;Patatas procesadas;34.45;140.56;4.08;27.62;0.06;0.25;2018-02-01;Pre-covid;Pre-covid
2018;02;Cantabria;Hortalizas frescas;1997.17;3404.44;1.7;96.75;3.59;6.12;2018-02-01;Pre-covid;Pre-covid
2018;02;Cantabria;Omates;330.37;550.38;1.67;68.85;0.59;0.99;2018-02-01;Pre-covid;Pre-covid
2018;02;Cantabria;Cebollas;236.89;238.19;1.01;71.3;0.43;0.43;2018-02-01;Pre-covid;Pre-covid
2018;02;Cantabria;Ajos;10.59;60.94;5.76;19.48;0.02;0.11;2018-02-01;Pre-covid;Pre-covid
2018;02;Cantabria;Coles;57.35;69.97;1.22;12.43;0.1;0.13;2018-02-01;Pre-covid;Pre-covid
2018;02;Cantabria;Pepinos;33.34;60.34;1.81;24.55;0.06;0.11;2018-02-01;Pre-covid;Pre-covid
2018;02;Cantabria;Judias verdes;55.32;163.44;2.95;35.01;0.1;0.29;2018-02-01;Pre-covid;Pre-covid
2018;02;Cantabria;Pimientos;239.41;425.14;1.78;56.57;0.43;0.76;2018-02-01;Pre-covid;Pre-covid
2018;02;Cantabria;Champiñoneso setas;67.59;156.77;2.32;31.54;0.12;0.28;2018-02-01;Pre-covid;Pre-covid
2018;02;Cantabria;Lechuga/esc /endivia;100.3;256.26;2.56;56.22;0.18;0.46;2018-02-01;Pre-covid;Pre-covid
2018;02;Cantabria;Esparragos;0.0;0.0;0.0;0.0;0.0;0.0;2018-02-01;Pre-covid;Pre-covid
2018;02;Cantabria;Verduras de hoja;33.59;58.24;1.73;15.64;0.06;0.1;2018-02-01;Pre-covid;Pre-covid
2018;02;Cantabria;Berenjenas;48.11;81.09;1.69;27.9;0.09;0.15;2018-02-01;Pre-covid;Pre-covid
2018;02;Cantabria;Zanahorias;159.76;114.12;0.71;55.4;0.29;0.21;2018-02-01;Pre-covid;Pre-covid
2018;02;Cantabria;Calabacines;166.4;234.09;1.41;52.38;0.3;0.42;2018-02-01;Pre-covid;Pre-covid
2018;02;Cantabria;Otr hortalizas/verd ;458.17;935.46;2.04;71.26;0.82;1.68;2018-02-01;Pre-covid;Pre-covid
2018;02;Cantabria;Brocoli;49.18;103.03;2.09;10.6;0.09;0.19;2018-02-01;Pre-covid;Pre-covid
2018;02;Cantabria;Alcachofas;81.9;134.94;1.65;28.61;0.15;0.24;2018-02-01;Pre-covid;Pre-covid
2018;02;Cantabria;Verd /hort  iv gama;248.92;586.15;2.35;68.29;0.45;1.05;2018-02-01;Pre-covid;Pre-covid
2018;02;Castilla la mancha;Patatas;4067.16;2910.06;0.72;76.51;1.94;1.39;2018-02-01;Pre-covid;Pre-covid
2018;02;Castilla la mancha;Patatas frescas;2852.96;1664.82;0.58;55.71;1.36;0.79;2018-02-01;Pre-covid;Pre-covid
2018;02;Castilla la mancha;Patatas congeladas;206.41;227.44;1.1;15.62;0.1;0.11;2018-02-01;Pre-covid;Pre-covid
2018;02;Castilla la mancha;Patatas procesadas;201.56;1017.8;5.05;51.74;0.1;0.49;2018-02-01;Pre-covid;Pre-covid
2018;02;Castilla la mancha;Hortalizas frescas;7134.07;12595.26;1.77;96.89;3.4;6.0;2018-02-01;Pre-covid;Pre-covid
2018;02;Castilla la mancha;Omates;1677.8;2434.59;1.45;72.17;0.8;1.16;2018-02-01;Pre-covid;Pre-covid
2018;02;Castilla la mancha;Cebollas;717.67;701.43;0.98;51.8;0.34;0.33;2018-02-01;Pre-covid;Pre-covid
2018;02;Castilla la mancha;Ajos;96.51;354.49;3.67;26.53;0.05;0.17;2018-02-01;Pre-covid;Pre-covid
2018;02;Castilla la mancha;Coles;191.94;200.06;1.04;18.77;0.09;0.1;2018-02-01;Pre-covid;Pre-covid
2018;02;Castilla la mancha;Pepinos;185.91;278.87;1.5;18.76;0.09;0.13;2018-02-01;Pre-covid;Pre-covid
2018;02;Castilla la mancha;Judias verdes;259.63;749.39;2.89;35.79;0.12;0.36;2018-02-01;Pre-covid;Pre-covid
2018;02;Castilla la mancha;Pimientos;550.53;996.76;1.81;55.24;0.26;0.48;2018-02-01;Pre-covid;Pre-covid
2018;02;Castilla la mancha;Champiñoneso setas;292.5;1168.54;3.99;44.6;0.14;0.56;2018-02-01;Pre-covid;Pre-covid
2018;02;Castilla la mancha;Lechuga/esc /endivia;293.31;907.12;3.09;50.49;0.14;0.43;2018-02-01;Pre-covid;Pre-covid
2018;02;Castilla la mancha;Esparragos;100.89;297.35;2.95;12.68;0.05;0.14;2018-02-01;Pre-covid;Pre-covid
2018;02;Castilla la mancha;Verduras de hoja;223.11;488.89;2.19;27.34;0.11;0.23;2018-02-01;Pre-covid;Pre-covid
2018;02;Castilla la mancha;Berenjenas;102.2;195.16;1.91;23.33;0.05;0.09;2018-02-01;Pre-covid;Pre-covid
2018;02;Castilla la mancha;Zanahorias;401.62;320.62;0.8;44.19;0.19;0.15;2018-02-01;Pre-covid;Pre-covid
2018;02;Castilla la mancha;Calabacines;566.7;850.86;1.5;47.99;0.27;0.41;2018-02-01;Pre-covid;Pre-covid
2018;02;Castilla la mancha;Otr hortalizas/verd ;1473.74;2651.12;1.8;73.15;0.7;1.26;2018-02-01;Pre-covid;Pre-covid
2018;02;Castilla la mancha;Brocoli;183.27;274.06;1.5;21.67;0.09;0.13;2018-02-01;Pre-covid;Pre-covid
2018;02;Castilla la mancha;Alcachofas;281.07;453.18;1.61;23.48;0.13;0.22;2018-02-01;Pre-covid;Pre-covid
2018;02;Castilla la mancha;Verd /hort  iv gama;774.0;2091.78;2.7;62.84;0.37;1.0;2018-02-01;Pre-covid;Pre-covid
2018;02;Castilla leon;Patatas;3824.42;2783.39;0.73;67.33;1.56;1.14;2018-02-01;Pre-covid;Pre-covid
2018;02;Castilla leon;Patatas frescas;2916.47;1751.94;0.6;53.32;1.19;0.72;2018-02-01;Pre-covid;Pre-covid
2018;02;Castilla leon;Patatas congeladas;123.08;169.41;1.38;9.95;0.05;0.07;2018-02-01;Pre-covid;Pre-covid
2018;02;Castilla leon;Patatas procesadas;156.97;862.04;5.49;37.06;0.06;0.35;2018-02-01;Pre-covid;Pre-covid
2018;02;Castilla leon;Hortalizas frescas;7997.56;13882.9;1.74;91.56;3.27;5.67;2018-02-01;Pre-covid;Pre-covid
2018;02;Castilla leon;Omates;1388.48;2209.54;1.59;71.27;0.57;0.9;2018-02-01;Pre-covid;Pre-covid
2018;02;Castilla leon;Cebollas;852.08;919.57;1.08;53.55;0.35;0.38;2018-02-01;Pre-covid;Pre-covid
2018;02;Castilla leon;Ajos;97.55;450.69;4.62;24.2;0.04;0.18;2018-02-01;Pre-covid;Pre-covid
2018;02;Castilla leon;Coles;334.14;376.19;1.13;21.74;0.14;0.15;2018-02-01;Pre-covid;Pre-covid
2018;02;Castilla leon;Pepinos;115.69;185.34;1.6;13.54;0.05;0.08;2018-02-01;Pre-covid;Pre-covid
2018;02;Castilla leon;Judias verdes;236.63;657.21;2.78;22.8;0.1;0.27;2018-02-01;Pre-covid;Pre-covid
2018;02;Castilla leon;Pimientos;783.16;1494.34;1.91;58.94;0.32;0.61;2018-02-01;Pre-covid;Pre-covid
2018;02;Castilla leon;Champiñoneso setas;247.86;822.77;3.32;29.09;0.1;0.34;2018-02-01;Pre-covid;Pre-covid
2018;02;Castilla leon;Lechuga/esc /endivia;560.97;1354.15;2.41;50.22;0.23;0.55;2018-02-01;Pre-covid;Pre-covid
2018;02;Castilla leon;Esparragos;31.75;81.11;2.55;2.84;0.01;0.03;2018-02-01;Pre-covid;Pre-covid
2018;02;Castilla leon;Verduras de hoja;107.21;326.05;3.04;14.86;0.04;0.13;2018-02-01;Pre-covid;Pre-covid
2018;02;Castilla leon;Berenjenas;139.13;257.26;1.85;16.08;0.06;0.11;2018-02-01;Pre-covid;Pre-covid
2018;02;Castilla leon;Zanahorias;704.09;513.96;0.73;47.89;0.29;0.21;2018-02-01;Pre-covid;Pre-covid
2018;02;Castilla leon;Calabacines;673.7;926.22;1.37;47.24;0.28;0.38;2018-02-01;Pre-covid;Pre-covid
2018;02;Castilla leon;Otr hortalizas/verd ;1725.12;3308.47;1.92;71.9;0.71;1.35;2018-02-01;Pre-covid;Pre-covid
2018;02;Castilla leon;Brocoli;273.13;369.84;1.35;19.26;0.11;0.15;2018-02-01;Pre-covid;Pre-covid
2018;02;Castilla leon;Alcachofas;196.23;348.56;1.78;14.98;0.08;0.14;2018-02-01;Pre-covid;Pre-covid
2018;02;Castilla leon;Verd /hort  iv gama;771.97;2072.36;2.68;57.56;0.32;0.85;2018-02-01;Pre-covid;Pre-covid
2018;02;Cataluña;Patatas;17563.96;14803.54;0.84;83.84;2.54;2.14;2018-02-01;Pre-covid;Pre-covid
2018;02;Cataluña;Patatas frescas;12308.43;9167.3;0.74;73.69;1.78;1.32;2018-02-01;Pre-covid;Pre-covid
2018;02;Cataluña;Patatas congeladas;700.81;908.81;1.3;12.12;0.1;0.13;2018-02-01;Pre-covid;Pre-covid
2018;02;Cataluña;Patatas procesadas;910.94;4727.44;5.19;49.74;0.13;0.68;2018-02-01;Pre-covid;Pre-covid
2018;02;Cataluña;Hortalizas frescas;39185.32;72464.87;1.85;97.69;5.66;10.47;2018-02-01;Pre-covid;Pre-covid
2018;02;Cataluña;Omates;7072.6;13028.58;1.84;84.95;1.02;1.88;2018-02-01;Pre-covid;Pre-covid
2018;02;Cataluña;Cebollas;4857.81;5767.27;1.19;71.36;0.7;0.83;2018-02-01;Pre-covid;Pre-covid
2018;02;Cataluña;Ajos;414.93;1812.32;4.37;37.15;0.06;0.26;2018-02-01;Pre-covid;Pre-covid
2018;02;Cataluña;Coles;1445.35;1639.84;1.13;25.89;0.21;0.24;2018-02-01;Pre-covid;Pre-covid
2018;02;Cataluña;Pepinos;664.79;1165.18;1.75;24.81;0.1;0.17;2018-02-01;Pre-covid;Pre-covid
2018;02;Cataluña;Judias verdes;1532.88;4792.46;3.13;42.84;0.22;0.69;2018-02-01;Pre-covid;Pre-covid
2018;02;Cataluña;Pimientos;2576.83;5017.05;1.95;62.86;0.37;0.73;2018-02-01;Pre-covid;Pre-covid
2018;02;Cataluña;Champiñoneso setas;962.25;3142.67;3.27;39.92;0.14;0.45;2018-02-01;Pre-covid;Pre-covid
2018;02;Cataluña;Lechuga/esc /endivia;2235.72;6305.55;2.82;64.08;0.32;0.91;2018-02-01;Pre-covid;Pre-covid
2018;02;Cataluña;Esparragos;607.9;1275.96;2.1;12.19;0.09;0.18;2018-02-01;Pre-covid;Pre-covid
2018;02;Cataluña;Verduras de hoja;1015.23;2304.82;2.27;33.05;0.15;0.33;2018-02-01;Pre-covid;Pre-covid
2018;02;Cataluña;Berenjenas;1049.01;1741.74;1.66;38.57;0.15;0.25;2018-02-01;Pre-covid;Pre-covid
2018;02;Cataluña;Zanahorias;1995.39;1741.1;0.87;53.76;0.29;0.25;2018-02-01;Pre-covid;Pre-covid
2018;02;Cataluña;Calabacines;2370.57;3656.69;1.54;52.91;0.34;0.53;2018-02-01;Pre-covid;Pre-covid
2018;02;Cataluña;Otr hortalizas/verd ;10384.06;19073.63;1.84;84.2;1.5;2.76;2018-02-01;Pre-covid;Pre-covid
2018;02;Cataluña;Brocoli;1341.91;1618.95;1.21;26.22;0.19;0.23;2018-02-01;Pre-covid;Pre-covid
2018;02;Cataluña;Alcachofas;2738.43;5435.24;1.98;41.37;0.4;0.79;2018-02-01;Pre-covid;Pre-covid
2018;02;Cataluña;Verd /hort  iv gama;3911.11;9986.28;2.55;67.27;0.57;1.44;2018-02-01;Pre-covid;Pre-covid
2018;02;Extremadura;Patatas;1829.63;1431.65;0.78;74.3;1.55;1.21;2018-02-01;Pre-covid;Pre-covid
2018;02;Extremadura;Patatas frescas;1169.69;733.03;0.63;55.76;0.99;0.62;2018-02-01;Pre-covid;Pre-covid
2018;02;Extremadura;Patatas congeladas;195.2;223.7;1.15;15.92;0.17;0.19;2018-02-01;Pre-covid;Pre-covid
2018;02;Extremadura;Patatas procesadas;92.95;474.91;5.11;42.78;0.08;0.4;2018-02-01;Pre-covid;Pre-covid
2018;02;Extremadura;Hortalizas frescas;3495.38;5784.97;1.66;96.53;2.96;4.91;2018-02-01;Pre-covid;Pre-covid
2018;02;Extremadura;Omates;660.05;925.25;1.4;74.56;0.56;0.78;2018-02-01;Pre-covid;Pre-covid
2018;02;Extremadura;Cebollas;450.27;410.59;0.91;60.19;0.38;0.35;2018-02-01;Pre-covid;Pre-covid
2018;02;Extremadura;Ajos;57.46;233.48;4.06;33.83;0.05;0.2;2018-02-01;Pre-covid;Pre-covid
2018;02;Extremadura;Coles;78.44;75.0;0.96;10.54;0.07;0.06;2018-02-01;Pre-covid;Pre-covid
2018;02;Extremadura;Pepinos;74.74;115.59;1.55;19.27;0.06;0.1;2018-02-01;Pre-covid;Pre-covid
2018;02;Extremadura;Judias verdes;65.1;193.22;2.97;21.8;0.06;0.16;2018-02-01;Pre-covid;Pre-covid
2018;02;Extremadura;Pimientos;251.48;433.28;1.72;59.44;0.21;0.37;2018-02-01;Pre-covid;Pre-covid
2018;02;Extremadura;Champiñoneso setas;162.89;395.37;2.43;29.75;0.14;0.34;2018-02-01;Pre-covid;Pre-covid
2018;02;Extremadura;Lechuga/esc /endivia;179.34;599.03;3.34;49.82;0.15;0.51;2018-02-01;Pre-covid;Pre-covid
2018;02;Extremadura;Esparragos;30.54;84.07;2.75;11.48;0.03;0.07;2018-02-01;Pre-covid;Pre-covid
2018;02;Extremadura;Verduras de hoja;139.81;247.21;1.77;26.41;0.12;0.21;2018-02-01;Pre-covid;Pre-covid
2018;02;Extremadura;Berenjenas;47.32;72.06;1.52;16.32;0.04;0.06;2018-02-01;Pre-covid;Pre-covid
2018;02;Extremadura;Zanahorias;260.38;179.45;0.69;50.75;0.22;0.15;2018-02-01;Pre-covid;Pre-covid
2018;02;Extremadura;Calabacines;304.26;418.22;1.37;40.86;0.26;0.35;2018-02-01;Pre-covid;Pre-covid
2018;02;Extremadura;Otr hortalizas/verd ;733.3;1403.17;1.91;79.55;0.62;1.19;2018-02-01;Pre-covid;Pre-covid
2018;02;Extremadura;Brocoli;69.84;100.57;1.44;18.55;0.06;0.09;2018-02-01;Pre-covid;Pre-covid
2018;02;Extremadura;Alcachofas;93.88;128.86;1.37;22.67;0.08;0.11;2018-02-01;Pre-covid;Pre-covid
2018;02;Extremadura;Verd /hort  iv gama;471.87;1314.57;2.79;65.67;0.4;1.11;2018-02-01;Pre-covid;Pre-covid
2018;02;Galicia;Patatas;7205.92;4939.52;0.69;62.63;2.6;1.78;2018-02-01;Pre-covid;Pre-covid
2018;02;Galicia;Patatas frescas;6237.12;3932.99;0.63;50.54;2.25;1.42;2018-02-01;Pre-covid;Pre-covid
2018;02;Galicia;Patatas congeladas;104.81;131.3;1.25;5.2;0.04;0.05;2018-02-01;Pre-covid;Pre-covid
2018;02;Galicia;Patatas procesadas;172.8;875.23;5.07;31.71;0.06;0.32;2018-02-01;Pre-covid;Pre-covid
2018;02;Galicia;Hortalizas frescas;9533.57;17304.85;1.82;96.4;3.44;6.25;2018-02-01;Pre-covid;Pre-covid
2018;02;Galicia;Omates;1435.0;2419.33;1.69;67.15;0.52;0.87;2018-02-01;Pre-covid;Pre-covid
2018;02;Galicia;Cebollas;1005.76;1210.25;1.2;45.8;0.36;0.44;2018-02-01;Pre-covid;Pre-covid
2018;02;Galicia;Ajos;148.86;658.96;4.43;39.16;0.05;0.24;2018-02-01;Pre-covid;Pre-covid
2018;02;Galicia;Coles;953.9;945.9;0.99;30.07;0.34;0.34;2018-02-01;Pre-covid;Pre-covid
2018;02;Galicia;Pepinos;70.93;120.26;1.7;7.06;0.03;0.04;2018-02-01;Pre-covid;Pre-covid
2018;02;Galicia;Judias verdes;222.97;694.64;3.12;24.76;0.08;0.25;2018-02-01;Pre-covid;Pre-covid
2018;02;Galicia;Pimientos;591.23;1202.79;2.03;51.77;0.21;0.43;2018-02-01;Pre-covid;Pre-covid
2018;02;Galicia;Champiñoneso setas;245.68;973.05;3.96;30.25;0.09;0.35;2018-02-01;Pre-covid;Pre-covid
2018;02;Galicia;Lechuga/esc /endivia;863.41;1930.14;2.24;53.94;0.31;0.7;2018-02-01;Pre-covid;Pre-covid
2018;02;Galicia;Esparragos;51.21;172.7;3.37;3.05;0.02;0.06;2018-02-01;Pre-covid;Pre-covid
2018;02;Galicia;Verduras de hoja;169.39;394.26;2.33;16.01;0.06;0.14;2018-02-01;Pre-covid;Pre-covid
2018;02;Galicia;Berenjenas;102.25;203.45;1.99;11.71;0.04;0.07;2018-02-01;Pre-covid;Pre-covid
2018;02;Galicia;Zanahorias;735.2;646.37;0.88;56.2;0.27;0.23;2018-02-01;Pre-covid;Pre-covid
2018;02;Galicia;Calabacines;528.37;785.87;1.49;39.02;0.19;0.28;2018-02-01;Pre-covid;Pre-covid
2018;02;Galicia;Otr hortalizas/verd ;2409.43;4946.89;2.05;71.7;0.87;1.79;2018-02-01;Pre-covid;Pre-covid
2018;02;Galicia;Brocoli;451.75;633.55;1.4;32.73;0.16;0.23;2018-02-01;Pre-covid;Pre-covid
2018;02;Galicia;Alcachofas;118.2;240.08;2.03;12.2;0.04;0.09;2018-02-01;Pre-covid;Pre-covid
2018;02;Galicia;Verd /hort  iv gama;847.54;2288.23;2.7;51.73;0.31;0.83;2018-02-01;Pre-covid;Pre-covid
2018;02;La rioja;Patatas;455.72;347.84;0.76;68.34;1.44;1.1;2018-02-01;Pre-covid;Pre-covid
2018;02;La rioja;Patatas frescas;331.74;217.97;0.66;66.32;1.05;0.69;2018-02-01;Pre-covid;Pre-covid
2018;02;La rioja;Patatas congeladas;4.57;5.7;1.25;3.0;0.01;0.02;2018-02-01;Pre-covid;Pre-covid
2018;02;La rioja;Patatas procesadas;23.88;124.16;5.2;38.27;0.08;0.39;2018-02-01;Pre-covid;Pre-covid
2018;02;La rioja;Hortalizas frescas;1376.7;2342.93;1.7;93.79;4.35;7.4;2018-02-01;Pre-covid;Pre-covid
2018;02;La rioja;Omates;195.51;278.38;1.42;70.3;0.62;0.88;2018-02-01;Pre-covid;Pre-covid
2018;02;La rioja;Cebollas;231.77;236.44;1.02;56.34;0.73;0.75;2018-02-01;Pre-covid;Pre-covid
2018;02;La rioja;Ajos;12.89;61.48;4.77;23.37;0.04;0.19;2018-02-01;Pre-covid;Pre-covid
2018;02;La rioja;Coles;45.0;49.54;1.1;12.29;0.14;0.16;2018-02-01;Pre-covid;Pre-covid
2018;02;La rioja;Pepinos;14.65;22.85;1.56;11.0;0.05;0.07;2018-02-01;Pre-covid;Pre-covid
2018;02;La rioja;Judias verdes;21.56;67.18;3.12;33.17;0.07;0.21;2018-02-01;Pre-covid;Pre-covid
2018;02;La rioja;Pimientos;93.67;215.0;2.3;61.03;0.3;0.68;2018-02-01;Pre-covid;Pre-covid
2018;02;La rioja;Champiñoneso setas;47.62;171.69;3.61;40.4;0.15;0.54;2018-02-01;Pre-covid;Pre-covid
2018;02;La rioja;Lechuga/esc /endivia;100.31;258.91;2.58;57.72;0.32;0.82;2018-02-01;Pre-covid;Pre-covid
2018;02;La rioja;Esparragos;1.28;2.52;1.97;1.65;0.0;0.01;2018-02-01;Pre-covid;Pre-covid
2018;02;La rioja;Verduras de hoja;31.44;56.69;1.8;17.64;0.1;0.18;2018-02-01;Pre-covid;Pre-covid
2018;02;La rioja;Berenjenas;15.74;23.45;1.49;15.84;0.05;0.07;2018-02-01;Pre-covid;Pre-covid
2018;02;La rioja;Zanahorias;93.03;69.97;0.75;57.42;0.29;0.22;2018-02-01;Pre-covid;Pre-covid
2018;02;La rioja;Calabacines;93.29;130.52;1.4;53.36;0.29;0.41;2018-02-01;Pre-covid;Pre-covid
2018;02;La rioja;Otr hortalizas/verd ;378.94;698.3;1.84;68.97;1.2;2.21;2018-02-01;Pre-covid;Pre-covid
2018;02;La rioja;Brocoli;32.86;38.51;1.17;21.47;0.1;0.12;2018-02-01;Pre-covid;Pre-covid
2018;02;La rioja;Alcachofas;43.3;87.84;2.03;12.0;0.14;0.28;2018-02-01;Pre-covid;Pre-covid
2018;02;La rioja;Verd /hort  iv gama;91.92;304.43;3.31;56.78;0.29;0.96;2018-02-01;Pre-covid;Pre-covid
2018;02;Madrid;Patatas;13783.79;10427.69;0.76;77.54;2.21;1.68;2018-02-01;Pre-covid;Pre-covid
2018;02;Madrid;Patatas frescas;9934.28;6436.1;0.65;67.76;1.6;1.03;2018-02-01;Pre-covid;Pre-covid
2018;02;Madrid;Patatas congeladas;415.05;520.14;1.25;9.15;0.07;0.08;2018-02-01;Pre-covid;Pre-covid
2018;02;Madrid;Patatas procesadas;686.89;3471.44;5.05;45.52;0.11;0.56;2018-02-01;Pre-covid;Pre-covid
2018;02;Madrid;Hortalizas frescas;27680.7;51146.8;1.85;97.4;4.45;8.22;2018-02-01;Pre-covid;Pre-covid
2018;02;Madrid;Omates;5724.79;9547.06;1.67;80.12;0.92;1.53;2018-02-01;Pre-covid;Pre-covid
2018;02;Madrid;Cebollas;3020.74;3160.31;1.05;66.44;0.49;0.51;2018-02-01;Pre-covid;Pre-covid
2018;02;Madrid;Ajos;392.22;1581.07;4.03;34.05;0.06;0.25;2018-02-01;Pre-covid;Pre-covid
2018;02;Madrid;Coles;799.59;915.47;1.14;25.46;0.13;0.15;2018-02-01;Pre-covid;Pre-covid
2018;02;Madrid;Pepinos;544.56;914.2;1.68;21.17;0.09;0.15;2018-02-01;Pre-covid;Pre-covid
2018;02;Madrid;Judias verdes;1085.53;2984.41;2.75;38.1;0.17;0.48;2018-02-01;Pre-covid;Pre-covid
2018;02;Madrid;Pimientos;2433.15;4642.34;1.91;64.16;0.39;0.75;2018-02-01;Pre-covid;Pre-covid
2018;02;Madrid;Champiñoneso setas;771.88;2813.65;3.65;40.96;0.12;0.45;2018-02-01;Pre-covid;Pre-covid
2018;02;Madrid;Lechuga/esc /endivia;1159.1;3712.16;3.2;53.88;0.19;0.6;2018-02-01;Pre-covid;Pre-covid
2018;02;Madrid;Esparragos;321.93;1061.49;3.3;10.95;0.05;0.17;2018-02-01;Pre-covid;Pre-covid
2018;02;Madrid;Verduras de hoja;826.2;1836.18;2.22;35.42;0.13;0.3;2018-02-01;Pre-covid;Pre-covid
2018;02;Madrid;Berenjenas;610.51;963.43;1.58;25.12;0.1;0.15;2018-02-01;Pre-covid;Pre-covid
2018;02;Madrid;Zanahorias;1834.29;1584.36;0.86;55.7;0.29;0.25;2018-02-01;Pre-covid;Pre-covid
2018;02;Madrid;Calabacines;2228.24;3180.12;1.43;60.7;0.36;0.51;2018-02-01;Pre-covid;Pre-covid
2018;02;Madrid;Otr hortalizas/verd ;5927.99;12250.55;2.07;83.76;0.95;1.97;2018-02-01;Pre-covid;Pre-covid
2018;02;Madrid;Brocoli;860.6;1462.84;1.7;30.17;0.14;0.24;2018-02-01;Pre-covid;Pre-covid
2018;02;Madrid;Alcachofas;1050.92;2099.6;2.0;24.74;0.17;0.34;2018-02-01;Pre-covid;Pre-covid
2018;02;Madrid;Verd /hort  iv gama;3222.55;9120.69;2.83;69.18;0.52;1.47;2018-02-01;Pre-covid;Pre-covid
2018;02;Murcia;Patatas;2835.6;2259.94;0.8;78.12;1.99;1.59;2018-02-01;Pre-covid;Pre-covid
2018;02;Murcia;Patatas frescas;2073.88;1430.24;0.69;58.57;1.46;1.0;2018-02-01;Pre-covid;Pre-covid
2018;02;Murcia;Patatas congeladas;115.25;129.15;1.12;15.28;0.08;0.09;2018-02-01;Pre-covid;Pre-covid
2018;02;Murcia;Patatas procesadas;129.29;700.54;5.42;46.94;0.09;0.49;2018-02-01;Pre-covid;Pre-covid
2018;02;Murcia;Hortalizas frescas;6672.65;11024.62;1.65;96.09;4.69;7.74;2018-02-01;Pre-covid;Pre-covid
2018;02;Murcia;Omates;1367.69;2077.0;1.52;81.15;0.96;1.46;2018-02-01;Pre-covid;Pre-covid
2018;02;Murcia;Cebollas;840.78;829.65;0.99;67.46;0.59;0.58;2018-02-01;Pre-covid;Pre-covid
2018;02;Murcia;Ajos;91.45;368.45;4.03;36.43;0.06;0.26;2018-02-01;Pre-covid;Pre-covid
2018;02;Murcia;Coles;117.83;108.05;0.92;15.22;0.08;0.08;2018-02-01;Pre-covid;Pre-covid
2018;02;Murcia;Pepinos;188.37;280.22;1.49;32.28;0.13;0.2;2018-02-01;Pre-covid;Pre-covid
2018;02;Murcia;Judias verdes;117.63;385.25;3.27;36.3;0.08;0.27;2018-02-01;Pre-covid;Pre-covid
2018;02;Murcia;Pimientos;348.29;606.83;1.74;53.89;0.24;0.43;2018-02-01;Pre-covid;Pre-covid
2018;02;Murcia;Champiñoneso setas;189.01;611.57;3.24;46.55;0.13;0.43;2018-02-01;Pre-covid;Pre-covid
2018;02;Murcia;Lechuga/esc /endivia;434.13;1026.29;2.36;51.34;0.3;0.72;2018-02-01;Pre-covid;Pre-covid
2018;02;Murcia;Esparragos;60.66;171.96;2.83;13.68;0.04;0.12;2018-02-01;Pre-covid;Pre-covid
2018;02;Murcia;Verduras de hoja;121.87;253.71;2.08;22.2;0.09;0.18;2018-02-01;Pre-covid;Pre-covid
2018;02;Murcia;Berenjenas;133.65;224.75;1.68;28.27;0.09;0.16;2018-02-01;Pre-covid;Pre-covid
2018;02;Murcia;Zanahorias;352.49;279.53;0.79;61.19;0.25;0.2;2018-02-01;Pre-covid;Pre-covid
2018;02;Murcia;Calabacines;338.9;464.89;1.37;50.41;0.24;0.33;2018-02-01;Pre-covid;Pre-covid
2018;02;Murcia;Otr hortalizas/verd ;1969.89;3336.5;1.69;82.39;1.38;2.34;2018-02-01;Pre-covid;Pre-covid
2018;02;Murcia;Brocoli;155.1;222.67;1.44;18.99;0.11;0.16;2018-02-01;Pre-covid;Pre-covid
2018;02;Murcia;Alcachofas;428.7;631.61;1.47;26.95;0.3;0.44;2018-02-01;Pre-covid;Pre-covid
2018;02;Murcia;Verd /hort  iv gama;751.72;1648.04;2.19;64.67;0.53;1.16;2018-02-01;Pre-covid;Pre-covid
2018;02;Navarra;Patatas;1230.24;930.46;0.76;61.55;2.08;1.57;2018-02-01;Pre-covid;Pre-covid
2018;02;Navarra;Patatas frescas;854.24;597.9;0.7;42.95;1.44;1.01;2018-02-01;Pre-covid;Pre-covid
2018;02;Navarra;Patatas congeladas;12.82;13.39;1.04;3.04;0.02;0.02;2018-02-01;Pre-covid;Pre-covid
2018;02;Navarra;Patatas procesadas;72.64;319.17;4.39;33.85;0.12;0.54;2018-02-01;Pre-covid;Pre-covid
2018;02;Navarra;Hortalizas frescas;2564.65;5041.02;1.97;97.99;4.33;8.51;2018-02-01;Pre-covid;Pre-covid
2018;02;Navarra;Omates;258.27;456.44;1.77;57.73;0.44;0.77;2018-02-01;Pre-covid;Pre-covid
2018;02;Navarra;Cebollas;265.07;278.09;1.05;57.45;0.45;0.47;2018-02-01;Pre-covid;Pre-covid
2018;02;Navarra;Ajos;36.62;221.04;6.04;46.75;0.06;0.37;2018-02-01;Pre-covid;Pre-covid
2018;02;Navarra;Coles;61.85;55.54;0.9;10.44;0.1;0.09;2018-02-01;Pre-covid;Pre-covid
2018;02;Navarra;Pepinos;29.39;54.59;1.86;14.45;0.05;0.09;2018-02-01;Pre-covid;Pre-covid
2018;02;Navarra;Judias verdes;116.21;375.14;3.23;44.46;0.2;0.63;2018-02-01;Pre-covid;Pre-covid
2018;02;Navarra;Pimientos;161.57;328.88;2.04;55.07;0.27;0.56;2018-02-01;Pre-covid;Pre-covid
2018;02;Navarra;Champiñoneso setas;88.35;262.82;2.97;48.63;0.15;0.44;2018-02-01;Pre-covid;Pre-covid
2018;02;Navarra;Lechuga/esc /endivia;284.46;850.7;2.99;77.64;0.48;1.44;2018-02-01;Pre-covid;Pre-covid
2018;02;Navarra;Esparragos;12.73;61.56;4.84;5.76;0.02;0.1;2018-02-01;Pre-covid;Pre-covid
2018;02;Navarra;Verduras de hoja;124.95;227.65;1.82;27.29;0.21;0.38;2018-02-01;Pre-covid;Pre-covid
2018;02;Navarra;Berenjenas;57.09;100.96;1.77;23.46;0.1;0.17;2018-02-01;Pre-covid;Pre-covid
2018;02;Navarra;Zanahorias;176.16;179.63;1.02;50.51;0.3;0.3;2018-02-01;Pre-covid;Pre-covid
2018;02;Navarra;Calabacines;164.17;224.3;1.37;38.14;0.28;0.38;2018-02-01;Pre-covid;Pre-covid
2018;02;Navarra;Otr hortalizas/verd ;727.74;1363.69;1.87;72.29;1.23;2.3;2018-02-01;Pre-covid;Pre-covid
2018;02;Navarra;Brocoli;86.55;105.1;1.21;24.64;0.15;0.18;2018-02-01;Pre-covid;Pre-covid
2018;02;Navarra;Alcachofas;105.63;141.69;1.34;23.68;0.18;0.24;2018-02-01;Pre-covid;Pre-covid
2018;02;Navarra;Verd /hort  iv gama;321.39;920.06;2.86;69.62;0.54;1.55;2018-02-01;Pre-covid;Pre-covid
2018;02;Pais vasco;Patatas;5112.2;3990.18;0.78;78.29;2.47;1.93;2018-02-01;Pre-covid;Pre-covid
2018;02;Pais vasco;Patatas frescas;3836.96;2592.36;0.68;67.88;1.85;1.25;2018-02-01;Pre-covid;Pre-covid
2018;02;Pais vasco;Patatas congeladas;103.31;165.74;1.6;6.55;0.05;0.08;2018-02-01;Pre-covid;Pre-covid
2018;02;Pais vasco;Patatas procesadas;234.38;1232.09;5.26;40.14;0.11;0.6;2018-02-01;Pre-covid;Pre-covid
2018;02;Pais vasco;Hortalizas frescas;9925.17;19145.92;1.93;98.81;4.79;9.25;2018-02-01;Pre-covid;Pre-covid
2018;02;Pais vasco;Omates;1566.39;3001.61;1.92;72.4;0.76;1.45;2018-02-01;Pre-covid;Pre-covid
2018;02;Pais vasco;Cebollas;1228.49;1544.0;1.26;73.42;0.59;0.75;2018-02-01;Pre-covid;Pre-covid
2018;02;Pais vasco;Ajos;126.17;602.6;4.78;36.52;0.06;0.29;2018-02-01;Pre-covid;Pre-covid
2018;02;Pais vasco;Coles;463.32;532.65;1.15;24.51;0.22;0.26;2018-02-01;Pre-covid;Pre-covid
2018;02;Pais vasco;Pepinos;139.42;228.75;1.64;17.96;0.07;0.11;2018-02-01;Pre-covid;Pre-covid
2018;02;Pais vasco;Judias verdes;499.55;1217.28;2.44;37.88;0.24;0.59;2018-02-01;Pre-covid;Pre-covid
2018;02;Pais vasco;Pimientos;788.47;1564.19;1.98;64.83;0.38;0.76;2018-02-01;Pre-covid;Pre-covid
2018;02;Pais vasco;Champiñoneso setas;301.74;1152.7;3.82;45.11;0.15;0.56;2018-02-01;Pre-covid;Pre-covid
2018;02;Pais vasco;Lechuga/esc /endivia;676.75;1722.63;2.55;61.13;0.33;0.83;2018-02-01;Pre-covid;Pre-covid
2018;02;Pais vasco;Esparragos;72.31;227.06;3.14;7.92;0.03;0.11;2018-02-01;Pre-covid;Pre-covid
2018;02;Pais vasco;Verduras de hoja;253.76;531.1;2.09;34.47;0.12;0.26;2018-02-01;Pre-covid;Pre-covid
2018;02;Pais vasco;Berenjenas;185.48;315.72;1.7;28.19;0.09;0.15;2018-02-01;Pre-covid;Pre-covid
2018;02;Pais vasco;Zanahorias;660.62;562.09;0.85;60.31;0.32;0.27;2018-02-01;Pre-covid;Pre-covid
2018;02;Pais vasco;Calabacines;747.65;1142.48;1.53;52.42;0.36;0.55;2018-02-01;Pre-covid;Pre-covid
2018;02;Pais vasco;Otr hortalizas/verd ;2215.04;4801.06;2.17;78.6;1.07;2.32;2018-02-01;Pre-covid;Pre-covid
2018;02;Pais vasco;Brocoli;452.73;607.68;1.34;27.73;0.22;0.29;2018-02-01;Pre-covid;Pre-covid
2018;02;Pais vasco;Alcachofas;244.11;478.15;1.96;18.94;0.12;0.23;2018-02-01;Pre-covid;Pre-covid
2018;02;Pais vasco;Verd /hort  iv gama;1135.9;2832.39;2.49;60.57;0.55;1.37;2018-02-01;Pre-covid;Pre-covid
2018;02;Valencia;Patatas;11359.11;8883.69;0.78;81.11;2.4;1.88;2018-02-01;Pre-covid;Pre-covid
2018;02;Valencia;Patatas frescas;7918.23;5331.16;0.67;68.77;1.67;1.13;2018-02-01;Pre-covid;Pre-covid
2018;02;Valencia;Patatas congeladas;413.38;534.43;1.29;14.14;0.09;0.11;2018-02-01;Pre-covid;Pre-covid
2018;02;Valencia;Patatas procesadas;605.5;3018.1;4.98;51.37;0.13;0.64;2018-02-01;Pre-covid;Pre-covid
2018;02;Valencia;Hortalizas frescas;24245.02;42568.94;1.76;95.22;5.12;9.0;2018-02-01;Pre-covid;Pre-covid
2018;02;Valencia;Omates;4329.26;6560.54;1.52;78.33;0.91;1.39;2018-02-01;Pre-covid;Pre-covid
2018;02;Valencia;Cebollas;3104.09;2973.23;0.96;67.45;0.66;0.63;2018-02-01;Pre-covid;Pre-covid
2018;02;Valencia;Ajos;247.48;1139.66;4.61;32.74;0.05;0.24;2018-02-01;Pre-covid;Pre-covid
2018;02;Valencia;Coles;437.9;479.53;1.1;17.81;0.09;0.1;2018-02-01;Pre-covid;Pre-covid
2018;02;Valencia;Pepinos;612.83;997.31;1.63;26.53;0.13;0.21;2018-02-01;Pre-covid;Pre-covid
2018;02;Valencia;Judias verdes;820.19;2223.22;2.71;36.95;0.17;0.47;2018-02-01;Pre-covid;Pre-covid
2018;02;Valencia;Pimientos;1604.37;2844.97;1.77;60.04;0.34;0.6;2018-02-01;Pre-covid;Pre-covid
2018;02;Valencia;Champiñoneso setas;850.95;2845.02;3.34;49.43;0.18;0.6;2018-02-01;Pre-covid;Pre-covid
2018;02;Valencia;Lechuga/esc /endivia;1226.35;3434.89;2.8;57.89;0.26;0.73;2018-02-01;Pre-covid;Pre-covid
2018;02;Valencia;Esparragos;240.36;966.16;4.02;13.29;0.05;0.2;2018-02-01;Pre-covid;Pre-covid
2018;02;Valencia;Verduras de hoja;919.27;1757.06;1.91;33.71;0.19;0.37;2018-02-01;Pre-covid;Pre-covid
2018;02;Valencia;Berenjenas;693.61;1193.43;1.72;34.64;0.15;0.25;2018-02-01;Pre-covid;Pre-covid
2018;02;Valencia;Zanahorias;1230.66;927.28;0.75;50.58;0.26;0.2;2018-02-01;Pre-covid;Pre-covid
2018;02;Valencia;Calabacines;1408.35;1989.37;1.41;50.15;0.3;0.42;2018-02-01;Pre-covid;Pre-covid
2018;02;Valencia;Otr hortalizas/verd ;6519.34;12237.28;1.88;84.71;1.38;2.59;2018-02-01;Pre-covid;Pre-covid
2018;02;Valencia;Brocoli;715.56;994.92;1.39;22.45;0.15;0.21;2018-02-01;Pre-covid;Pre-covid
2018;02;Valencia;Alcachofas;2074.17;3149.47;1.52;44.73;0.44;0.67;2018-02-01;Pre-covid;Pre-covid
2018;02;Valencia;Verd /hort  iv gama;2750.3;7126.05;2.59;64.65;0.58;1.51;2018-02-01;Pre-covid;Pre-covid
2018;02;Nacional;Frutas frescas;288347.39;446796.68;1.55;94.54;6.32;9.79;2018-02-01;Pre-covid;Pre-covid
2018;02;Nacional;Naranjas;87715.83;81368.38;0.93;58.32;1.92;1.78;2018-02-01;Pre-covid;Pre-covid
2018;02;Nacional;Mandarinas;33476.7;52469.09;1.57;53.83;0.73;1.15;2018-02-01;Pre-covid;Pre-covid
2018;02;Nacional;Limones;7639.91;11819.99;1.55;31.75;0.17;0.26;2018-02-01;Pre-covid;Pre-covid
2018;02;Nacional;Platanos;47849.0;70443.1;1.47;79.32;1.05;1.54;2018-02-01;Pre-covid;Pre-covid
2018;02;Nacional;Manzanas;37806.15;55038.5;1.46;64.21;0.83;1.21;2018-02-01;Pre-covid;Pre-covid
2018;02;Nacional;Peras;19480.36;29079.24;1.49;47.6;0.43;0.64;2018-02-01;Pre-covid;Pre-covid
2018;02;Nacional;Melocotones;141.57;401.68;2.84;0.87;0.0;0.01;2018-02-01;Pre-covid;Pre-covid
2018;02;Nacional;Nectarinas;451.85;877.92;1.94;1.68;0.01;0.02;2018-02-01;Pre-covid;Pre-covid
2018;02;Nacional;Albaricoques;234.64;530.45;2.26;0.75;0.01;0.01;2018-02-01;Pre-covid;Pre-covid
2018;02;Nacional;Fresas/freson;15578.14;51861.06;3.33;48.51;0.34;1.14;2018-02-01;Pre-covid;Pre-covid
2018;02;Nacional;Melon;5239.94;6808.8;1.3;7.41;0.11;0.15;2018-02-01;Pre-covid;Pre-covid
2018;02;Nacional;Sandia;335.46;422.35;1.26;0.92;0.01;0.01;2018-02-01;Pre-covid;Pre-covid
2018;02;Nacional;Ciruelas;715.36;2255.46;3.15;5.41;0.02;0.05;2018-02-01;Pre-covid;Pre-covid
2018;02;Nacional;Cerezas;266.11;977.17;3.67;1.21;0.01;0.02;2018-02-01;Pre-covid;Pre-covid
2018;02;Nacional;Uvas;2164.77;8039.35;3.71;11.15;0.05;0.18;2018-02-01;Pre-covid;Pre-covid
2018;02;Nacional;Kiwi;10840.21;29551.8;2.73;37.57;0.24;0.65;2018-02-01;Pre-covid;Pre-covid
2018;02;Nacional;Aguacate;4086.17;13578.81;3.32;23.05;0.09;0.3;2018-02-01;Pre-covid;Pre-covid
2018;02;Nacional;Piña;6290.74;9971.21;1.59;17.03;0.14;0.22;2018-02-01;Pre-covid;Pre-covid
2018;02;Nacional;Otras frutas frescas;8034.48;21302.31;2.65;28.24;0.18;0.47;2018-02-01;Pre-covid;Pre-covid
2018;02;Nacional;Pomelo;1153.59;1902.81;1.65;3.49;0.03;0.04;2018-02-01;Pre-covid;Pre-covid
2018;02;Nacional;Chirimoya;0.0;0.0;0.0;0.0;0.0;0.0;2018-02-01;Pre-covid;Pre-covid
2018;02;Nacional;Frutas iv gama;13154.83;23371.23;1.78;27.71;0.29;0.51;2018-02-01;Pre-covid;Pre-covid
2018;02;Andalucia;Frutas frescas;46854.51;70990.29;1.52;94.45;5.39;8.17;2018-02-01;Pre-covid;Pre-covid
2018;02;Andalucia;Naranjas;14263.48;13042.81;0.91;56.22;1.64;1.5;2018-02-01;Pre-covid;Pre-covid
2018;02;Andalucia;Mandarinas;5444.51;7944.99;1.46;52.19;0.63;0.91;2018-02-01;Pre-covid;Pre-covid
2018;02;Andalucia;Limones;1011.33;1539.57;1.52;25.27;0.12;0.18;2018-02-01;Pre-covid;Pre-covid
2018;02;Andalucia;Platanos;8223.17;11549.57;1.4;78.47;0.95;1.33;2018-02-01;Pre-covid;Pre-covid
2018;02;Andalucia;Manzanas;5951.82;8358.6;1.4;62.19;0.69;0.96;2018-02-01;Pre-covid;Pre-covid
2018;02;Andalucia;Peras;3087.12;4454.85;1.44;47.39;0.36;0.51;2018-02-01;Pre-covid;Pre-covid
2018;02;Andalucia;Melocotones;22.92;58.82;2.57;0.57;0.0;0.01;2018-02-01;Pre-covid;Pre-covid
2018;02;Andalucia;Nectarinas;29.59;52.63;1.78;0.69;0.0;0.01;2018-02-01;Pre-covid;Pre-covid
2018;02;Andalucia;Albaricoques;15.67;15.28;0.97;0.44;0.0;0.0;2018-02-01;Pre-covid;Pre-covid
2018;02;Andalucia;Fresas/freson;3024.25;9504.3;3.14;52.02;0.35;1.09;2018-02-01;Pre-covid;Pre-covid
2018;02;Andalucia;Melon;784.26;991.31;1.26;7.1;0.09;0.11;2018-02-01;Pre-covid;Pre-covid
2018;02;Andalucia;Sandia;41.39;73.45;1.77;0.97;0.0;0.01;2018-02-01;Pre-covid;Pre-covid
2018;02;Andalucia;Ciruelas;161.6;468.58;2.9;5.7;0.02;0.05;2018-02-01;Pre-covid;Pre-covid
2018;02;Andalucia;Cerezas;25.69;169.33;6.59;0.33;0.0;0.02;2018-02-01;Pre-covid;Pre-covid
2018;02;Andalucia;Uvas;292.88;1021.29;3.49;8.2;0.03;0.12;2018-02-01;Pre-covid;Pre-covid
2018;02;Andalucia;Kiwi;1464.73;4084.39;2.79;36.87;0.17;0.47;2018-02-01;Pre-covid;Pre-covid
2018;02;Andalucia;Aguacate;778.64;2533.8;3.25;26.6;0.09;0.29;2018-02-01;Pre-covid;Pre-covid
2018;02;Andalucia;Piña;986.79;1482.15;1.5;15.55;0.11;0.17;2018-02-01;Pre-covid;Pre-covid
2018;02;Andalucia;Otras frutas frescas;1244.67;3644.59;2.93;25.13;0.14;0.42;2018-02-01;Pre-covid;Pre-covid
2018;02;Andalucia;Pomelo;171.47;245.84;1.43;3.37;0.02;0.03;2018-02-01;Pre-covid;Pre-covid
2018;02;Andalucia;Chirimoya;0.0;0.0;0.0;0.0;0.0;0.0;2018-02-01;Pre-covid;Pre-covid
2018;02;Andalucia;Frutas iv gama;2238.79;3926.46;1.75;26.89;0.26;0.45;2018-02-01;Pre-covid;Pre-covid
2018;02;Aragon;Frutas frescas;8728.11;13335.67;1.53;92.41;6.65;10.16;2018-02-01;Pre-covid;Pre-covid
2018;02;Aragon;Naranjas;2498.02;2389.87;0.96;64.32;1.9;1.82;2018-02-01;Pre-covid;Pre-covid
2018;02;Aragon;Mandarinas;1353.01;1917.37;1.42;61.98;1.03;1.46;2018-02-01;Pre-covid;Pre-covid
2018;02;Aragon;Limones;229.76;350.73;1.53;42.88;0.18;0.27;2018-02-01;Pre-covid;Pre-covid
2018;02;Aragon;Platanos;1304.61;1933.5;1.48;74.09;0.99;1.47;2018-02-01;Pre-covid;Pre-covid
2018;02;Aragon;Manzanas;1093.51;1481.56;1.35;59.83;0.83;1.13;2018-02-01;Pre-covid;Pre-covid
2018;02;Aragon;Peras;593.29;878.18;1.48;45.87;0.45;0.67;2018-02-01;Pre-covid;Pre-covid
2018;02;Aragon;Melocotones;2.7;2.68;0.99;0.21;0.0;0.0;2018-02-01;Pre-covid;Pre-covid
2018;02;Aragon;Nectarinas;0.0;0.0;0.0;0.0;0.0;0.0;2018-02-01;Pre-covid;Pre-covid
2018;02;Aragon;Albaricoques;0.0;0.0;0.0;0.0;0.0;0.0;2018-02-01;Pre-covid;Pre-covid
2018;02;Aragon;Fresas/freson;495.71;1621.95;3.27;50.77;0.38;1.24;2018-02-01;Pre-covid;Pre-covid
2018;02;Aragon;Melon;108.85;179.16;1.65;11.15;0.08;0.14;2018-02-01;Pre-covid;Pre-covid
2018;02;Aragon;Sandia;83.07;43.09;0.52;1.98;0.06;0.03;2018-02-01;Pre-covid;Pre-covid
2018;02;Aragon;Ciruelas;15.39;33.82;2.2;4.03;0.01;0.03;2018-02-01;Pre-covid;Pre-covid
2018;02;Aragon;Cerezas;8.86;23.83;2.69;1.9;0.01;0.02;2018-02-01;Pre-covid;Pre-covid
2018;02;Aragon;Uvas;64.69;154.84;2.39;9.61;0.05;0.12;2018-02-01;Pre-covid;Pre-covid
2018;02;Aragon;Kiwi;345.56;1047.47;3.03;42.08;0.26;0.8;2018-02-01;Pre-covid;Pre-covid
2018;02;Aragon;Aguacate;127.54;430.95;3.38;22.45;0.1;0.33;2018-02-01;Pre-covid;Pre-covid
2018;02;Aragon;Piña;193.95;276.03;1.42;18.02;0.15;0.21;2018-02-01;Pre-covid;Pre-covid
2018;02;Aragon;Otras frutas frescas;209.58;570.63;2.72;28.97;0.16;0.43;2018-02-01;Pre-covid;Pre-covid
2018;02;Aragon;Pomelo;46.86;75.34;1.61;7.12;0.04;0.06;2018-02-01;Pre-covid;Pre-covid
2018;02;Aragon;Chirimoya;0.0;0.0;0.0;0.0;0.0;0.0;2018-02-01;Pre-covid;Pre-covid
2018;02;Aragon;Frutas iv gama;469.96;805.55;1.71;25.28;0.36;0.61;2018-02-01;Pre-covid;Pre-covid
2018;02;Asturias;Frutas frescas;7840.13;12508.74;1.6;93.9;7.23;11.54;2018-02-01;Pre-covid;Pre-covid
2018;02;Asturias;Naranjas;2251.68;2196.33;0.98;58.94;2.08;2.03;2018-02-01;Pre-covid;Pre-covid
2018;02;Asturias;Mandarinas;958.74;1558.33;1.63;59.4;0.88;1.44;2018-02-01;Pre-covid;Pre-covid
2018;02;Asturias;Limones;193.92;318.92;1.64;34.5;0.18;0.29;2018-02-01;Pre-covid;Pre-covid
2018;02;Asturias;Platanos;1365.67;1917.59;1.4;78.73;1.26;1.77;2018-02-01;Pre-covid;Pre-covid
2018;02;Asturias;Manzanas;1069.49;1657.38;1.55;65.32;0.99;1.53;2018-02-01;Pre-covid;Pre-covid
2018;02;Asturias;Peras;488.41;751.08;1.54;42.58;0.45;0.69;2018-02-01;Pre-covid;Pre-covid
2018;02;Asturias;Melocotones;8.32;24.99;3.01;2.64;0.01;0.02;2018-02-01;Pre-covid;Pre-covid
2018;02;Asturias;Nectarinas;7.97;30.28;3.8;2.1;0.01;0.03;2018-02-01;Pre-covid;Pre-covid
2018;02;Asturias;Albaricoques;1.42;6.11;4.3;1.26;0.0;0.01;2018-02-01;Pre-covid;Pre-covid
2018;02;Asturias;Fresas/freson;480.38;1557.71;3.24;55.62;0.44;1.44;2018-02-01;Pre-covid;Pre-covid
2018;02;Asturias;Melon;81.53;97.81;1.2;6.66;0.08;0.09;2018-02-01;Pre-covid;Pre-covid
2018;02;Asturias;Sandia;0.0;0.0;0.0;0.0;0.0;0.0;2018-02-01;Pre-covid;Pre-covid
2018;02;Asturias;Ciruelas;31.67;107.82;3.4;7.15;0.03;0.1;2018-02-01;Pre-covid;Pre-covid
2018;02;Asturias;Cerezas;0.0;0.0;0.0;0.0;0.0;0.0;2018-02-01;Pre-covid;Pre-covid
2018;02;Asturias;Uvas;46.47;183.47;3.95;13.69;0.04;0.17;2018-02-01;Pre-covid;Pre-covid
2018;02;Asturias;Kiwi;406.29;1134.7;2.79;36.34;0.37;1.05;2018-02-01;Pre-covid;Pre-covid
2018;02;Asturias;Aguacate;108.34;201.34;1.86;14.6;0.1;0.19;2018-02-01;Pre-covid;Pre-covid
2018;02;Asturias;Piña;176.45;216.76;1.23;14.17;0.16;0.2;2018-02-01;Pre-covid;Pre-covid
2018;02;Asturias;Otras frutas frescas;163.38;548.11;3.35;27.53;0.15;0.51;2018-02-01;Pre-covid;Pre-covid
2018;02;Asturias;Pomelo;68.57;113.35;1.65;4.69;0.06;0.1;2018-02-01;Pre-covid;Pre-covid
2018;02;Asturias;Chirimoya;0.0;0.0;0.0;0.0;0.0;0.0;2018-02-01;Pre-covid;Pre-covid
2018;02;Asturias;Frutas iv gama;409.51;515.98;1.26;29.53;0.38;0.48;2018-02-01;Pre-covid;Pre-covid
2018;02;Baleares;Frutas frescas;6206.96;10804.36;1.74;97.3;6.03;10.49;2018-02-01;Pre-covid;Pre-covid
2018;02;Baleares;Naranjas;1604.41;1436.33;0.9;47.96;1.56;1.39;2018-02-01;Pre-covid;Pre-covid
2018;02;Baleares;Mandarinas;585.1;988.08;1.69;46.04;0.57;0.96;2018-02-01;Pre-covid;Pre-covid
2018;02;Baleares;Limones;158.48;213.18;1.35;31.26;0.15;0.21;2018-02-01;Pre-covid;Pre-covid
2018;02;Baleares;Platanos;1299.92;1989.65;1.53;84.51;1.26;1.93;2018-02-01;Pre-covid;Pre-covid
2018;02;Baleares;Manzanas;889.51;1346.86;1.51;68.94;0.86;1.31;2018-02-01;Pre-covid;Pre-covid
2018;02;Baleares;Peras;445.92;701.53;1.57;54.8;0.43;0.68;2018-02-01;Pre-covid;Pre-covid
2018;02;Baleares;Melocotones;0.0;0.0;0.0;0.0;0.0;0.0;2018-02-01;Pre-covid;Pre-covid
2018;02;Baleares;Nectarinas;33.56;65.61;1.96;2.35;0.03;0.06;2018-02-01;Pre-covid;Pre-covid
2018;02;Baleares;Albaricoques;1.45;2.61;1.8;0.56;0.0;0.0;2018-02-01;Pre-covid;Pre-covid
2018;02;Baleares;Fresas/freson;412.63;1547.26;3.75;49.15;0.4;1.5;2018-02-01;Pre-covid;Pre-covid
2018;02;Baleares;Melon;68.78;135.76;1.97;10.45;0.07;0.13;2018-02-01;Pre-covid;Pre-covid
2018;02;Baleares;Sandia;0.0;0.0;0.0;0.0;0.0;0.0;2018-02-01;Pre-covid;Pre-covid
2018;02;Baleares;Ciruelas;15.95;54.91;3.44;6.49;0.02;0.05;2018-02-01;Pre-covid;Pre-covid
2018;02;Baleares;Cerezas;14.74;26.39;1.79;2.03;0.01;0.03;2018-02-01;Pre-covid;Pre-covid
2018;02;Baleares;Uvas;108.49;513.31;4.73;17.3;0.11;0.5;2018-02-01;Pre-covid;Pre-covid
2018;02;Baleares;Kiwi;259.41;751.66;2.9;37.75;0.25;0.73;2018-02-01;Pre-covid;Pre-covid
2018;02;Baleares;Aguacate;82.26;398.8;4.85;27.78;0.08;0.39;2018-02-01;Pre-covid;Pre-covid
2018;02;Baleares;Piña;95.44;164.08;1.72;14.37;0.09;0.16;2018-02-01;Pre-covid;Pre-covid
2018;02;Baleares;Otras frutas frescas;130.91;468.33;3.58;26.85;0.13;0.45;2018-02-01;Pre-covid;Pre-covid
2018;02;Baleares;Pomelo;5.1;7.75;1.52;1.37;0.0;0.01;2018-02-01;Pre-covid;Pre-covid
2018;02;Baleares;Chirimoya;0.0;0.0;0.0;0.0;0.0;0.0;2018-02-01;Pre-covid;Pre-covid
2018;02;Baleares;Frutas iv gama;420.92;722.78;1.72;28.15;0.41;0.7;2018-02-01;Pre-covid;Pre-covid
2018;02;Canarias;Frutas frescas;11608.38;18759.32;1.62;91.97;5.31;8.58;2018-02-01;Pre-covid;Pre-covid
2018;02;Canarias;Naranjas;3151.2;3003.98;0.95;46.3;1.44;1.37;2018-02-01;Pre-covid;Pre-covid
2018;02;Canarias;Mandarinas;1258.4;1833.49;1.46;49.06;0.58;0.84;2018-02-01;Pre-covid;Pre-covid
2018;02;Canarias;Limones;349.94;523.35;1.5;30.52;0.16;0.24;2018-02-01;Pre-covid;Pre-covid
2018;02;Canarias;Platanos;2395.12;3118.15;1.3;74.6;1.1;1.43;2018-02-01;Pre-covid;Pre-covid
2018;02;Canarias;Manzanas;1456.28;2350.09;1.61;54.74;0.67;1.07;2018-02-01;Pre-covid;Pre-covid
2018;02;Canarias;Peras;870.55;1379.34;1.58;49.51;0.4;0.63;2018-02-01;Pre-covid;Pre-covid
2018;02;Canarias;Melocotones;3.28;16.4;5.0;0.72;0.0;0.01;2018-02-01;Pre-covid;Pre-covid
2018;02;Canarias;Nectarinas;13.07;65.88;5.04;1.25;0.01;0.03;2018-02-01;Pre-covid;Pre-covid
2018;02;Canarias;Albaricoques;23.07;53.89;2.34;2.21;0.01;0.02;2018-02-01;Pre-covid;Pre-covid
2018;02;Canarias;Fresas/freson;304.34;1359.17;4.47;37.94;0.14;0.62;2018-02-01;Pre-covid;Pre-covid
2018;02;Canarias;Melon;37.28;70.02;1.88;4.41;0.02;0.03;2018-02-01;Pre-covid;Pre-covid
2018;02;Canarias;Sandia;15.81;6.32;0.4;0.42;0.01;0.0;2018-02-01;Pre-covid;Pre-covid
2018;02;Canarias;Ciruelas;30.11;111.71;3.71;5.02;0.01;0.05;2018-02-01;Pre-covid;Pre-covid
2018;02;Canarias;Cerezas;2.96;5.31;1.79;0.55;0.0;0.0;2018-02-01;Pre-covid;Pre-covid
2018;02;Canarias;Uvas;45.86;190.15;4.15;6.16;0.02;0.09;2018-02-01;Pre-covid;Pre-covid
2018;02;Canarias;Kiwi;511.75;1292.33;2.53;34.01;0.23;0.59;2018-02-01;Pre-covid;Pre-covid
2018;02;Canarias;Aguacate;470.68;1780.88;3.78;35.84;0.22;0.81;2018-02-01;Pre-covid;Pre-covid
2018;02;Canarias;Piña;26.11;57.84;2.22;2.6;0.01;0.03;2018-02-01;Pre-covid;Pre-covid
2018;02;Canarias;Otras frutas frescas;642.57;1541.02;2.4;38.18;0.29;0.7;2018-02-01;Pre-covid;Pre-covid
2018;02;Canarias;Pomelo;47.31;75.38;1.59;2.24;0.02;0.03;2018-02-01;Pre-covid;Pre-covid
2018;02;Canarias;Chirimoya;0.0;0.0;0.0;0.0;0.0;0.0;2018-02-01;Pre-covid;Pre-covid
2018;02;Canarias;Frutas iv gama;673.96;982.8;1.46;28.2;0.31;0.45;2018-02-01;Pre-covid;Pre-covid
2018;02;Cantabria;Frutas frescas;3307.79;5019.23;1.52;96.67;5.94;9.02;2018-02-01;Pre-covid;Pre-covid
2018;02;Cantabria;Naranjas;1195.63;1127.81;0.94;63.8;2.15;2.03;2018-02-01;Pre-covid;Pre-covid
2018;02;Cantabria;Mandarinas;343.36;478.7;1.39;55.37;0.62;0.86;2018-02-01;Pre-covid;Pre-covid
2018;02;Cantabria;Limones;52.54;97.57;1.86;31.06;0.09;0.18;2018-02-01;Pre-covid;Pre-covid
2018;02;Cantabria;Platanos;466.84;655.42;1.4;90.21;0.84;1.18;2018-02-01;Pre-covid;Pre-covid
2018;02;Cantabria;Manzanas;475.42;697.76;1.47;63.61;0.85;1.25;2018-02-01;Pre-covid;Pre-covid
2018;02;Cantabria;Peras;223.95;323.58;1.44;60.51;0.4;0.58;2018-02-01;Pre-covid;Pre-covid
2018;02;Cantabria;Melocotones;0.0;0.0;0.0;0.0;0.0;0.0;2018-02-01;Pre-covid;Pre-covid
2018;02;Cantabria;Nectarinas;2.7;10.79;4.0;2.78;0.0;0.02;2018-02-01;Pre-covid;Pre-covid
2018;02;Cantabria;Albaricoques;59.97;187.71;3.13;1.2;0.11;0.34;2018-02-01;Pre-covid;Pre-covid
2018;02;Cantabria;Fresas/freson;172.67;643.22;3.73;50.6;0.31;1.16;2018-02-01;Pre-covid;Pre-covid
2018;02;Cantabria;Melon;9.7;13.81;1.42;3.48;0.02;0.02;2018-02-01;Pre-covid;Pre-covid
2018;02;Cantabria;Sandia;0.0;0.0;0.0;0.0;0.0;0.0;2018-02-01;Pre-covid;Pre-covid
2018;02;Cantabria;Ciruelas;1.36;2.66;1.95;0.87;0.0;0.0;2018-02-01;Pre-covid;Pre-covid
2018;02;Cantabria;Cerezas;1.51;4.45;2.95;1.71;0.0;0.01;2018-02-01;Pre-covid;Pre-covid
2018;02;Cantabria;Uvas;11.39;51.13;4.49;7.61;0.02;0.09;2018-02-01;Pre-covid;Pre-covid
2018;02;Cantabria;Kiwi;129.93;388.81;2.99;29.44;0.23;0.7;2018-02-01;Pre-covid;Pre-covid
2018;02;Cantabria;Aguacate;40.07;150.87;3.77;24.83;0.07;0.27;2018-02-01;Pre-covid;Pre-covid
2018;02;Cantabria;Piña;77.87;85.35;1.1;15.35;0.14;0.15;2018-02-01;Pre-covid;Pre-covid
2018;02;Cantabria;Otras frutas frescas;42.87;99.6;2.32;28.53;0.08;0.18;2018-02-01;Pre-covid;Pre-covid
2018;02;Cantabria;Pomelo;10.61;17.04;1.61;3.18;0.02;0.03;2018-02-01;Pre-covid;Pre-covid
2018;02;Cantabria;Chirimoya;0.0;0.0;0.0;0.0;0.0;0.0;2018-02-01;Pre-covid;Pre-covid
2018;02;Cantabria;Frutas iv gama;157.9;219.17;1.39;19.18;0.28;0.39;2018-02-01;Pre-covid;Pre-covid
2018;02;Castilla la mancha;Frutas frescas;13037.3;18572.72;1.42;93.36;6.21;8.85;2018-02-01;Pre-covid;Pre-covid
2018;02;Castilla la mancha;Naranjas;4676.08;3853.95;0.82;62.56;2.23;1.84;2018-02-01;Pre-covid;Pre-covid
2018;02;Castilla la mancha;Mandarinas;1607.27;2349.47;1.46;62.42;0.77;1.12;2018-02-01;Pre-covid;Pre-covid
2018;02;Castilla la mancha;Limones;311.4;434.49;1.4;29.23;0.15;0.21;2018-02-01;Pre-covid;Pre-covid
2018;02;Castilla la mancha;Platanos;1833.44;2678.67;1.46;74.22;0.87;1.28;2018-02-01;Pre-covid;Pre-covid
2018;02;Castilla la mancha;Manzanas;1577.49;2209.3;1.4;66.34;0.75;1.05;2018-02-01;Pre-covid;Pre-covid
2018;02;Castilla la mancha;Peras;783.74;1122.25;1.43;44.05;0.37;0.53;2018-02-01;Pre-covid;Pre-covid
2018;02;Castilla la mancha;Melocotones;13.42;48.13;3.59;2.28;0.01;0.02;2018-02-01;Pre-covid;Pre-covid
2018;02;Castilla la mancha;Nectarinas;26.66;36.67;1.38;2.29;0.01;0.02;2018-02-01;Pre-covid;Pre-covid
2018;02;Castilla la mancha;Albaricoques;0.0;0.0;0.0;0.0;0.0;0.0;2018-02-01;Pre-covid;Pre-covid
2018;02;Castilla la mancha;Fresas/freson;704.21;2328.36;3.31;46.64;0.34;1.11;2018-02-01;Pre-covid;Pre-covid
2018;02;Castilla la mancha;Melon;248.36;383.3;1.54;15.67;0.12;0.18;2018-02-01;Pre-covid;Pre-covid
2018;02;Castilla la mancha;Sandia;8.57;38.31;4.47;2.61;0.0;0.02;2018-02-01;Pre-covid;Pre-covid
2018;02;Castilla la mancha;Ciruelas;20.98;55.37;2.64;6.62;0.01;0.03;2018-02-01;Pre-covid;Pre-covid
2018;02;Castilla la mancha;Cerezas;6.07;12.06;1.99;0.78;0.0;0.01;2018-02-01;Pre-covid;Pre-covid
2018;02;Castilla la mancha;Uvas;76.55;266.48;3.48;9.56;0.04;0.13;2018-02-01;Pre-covid;Pre-covid
2018;02;Castilla la mancha;Kiwi;495.93;1263.16;2.55;41.78;0.24;0.6;2018-02-01;Pre-covid;Pre-covid
2018;02;Castilla la mancha;Aguacate;103.34;335.49;3.25;16.6;0.05;0.16;2018-02-01;Pre-covid;Pre-covid
2018;02;Castilla la mancha;Piña;252.24;359.23;1.42;14.31;0.12;0.17;2018-02-01;Pre-covid;Pre-covid
2018;02;Castilla la mancha;Otras frutas frescas;291.54;798.03;2.74;27.48;0.14;0.38;2018-02-01;Pre-covid;Pre-covid
2018;02;Castilla la mancha;Pomelo;33.14;54.07;1.63;3.67;0.02;0.03;2018-02-01;Pre-covid;Pre-covid
2018;02;Castilla la mancha;Chirimoya;0.0;0.0;0.0;0.0;0.0;0.0;2018-02-01;Pre-covid;Pre-covid
2018;02;Castilla la mancha;Frutas iv gama;544.71;829.84;1.52;28.08;0.26;0.4;2018-02-01;Pre-covid;Pre-covid
2018;02;Castilla leon;Frutas frescas;17721.53;24772.0;1.4;93.78;7.24;10.13;2018-02-01;Pre-covid;Pre-covid
2018;02;Castilla leon;Naranjas;6221.16;5414.59;0.87;67.0;2.54;2.21;2018-02-01;Pre-covid;Pre-covid
2018;02;Castilla leon;Mandarinas;1912.88;2815.21;1.47;55.17;0.78;1.15;2018-02-01;Pre-covid;Pre-covid
2018;02;Castilla leon;Limones;339.01;525.47;1.55;34.63;0.14;0.21;2018-02-01;Pre-covid;Pre-covid
2018;02;Castilla leon;Platanos;2530.28;3529.54;1.39;78.48;1.03;1.44;2018-02-01;Pre-covid;Pre-covid
2018;02;Castilla leon;Manzanas;2639.68;3627.79;1.37;72.77;1.08;1.48;2018-02-01;Pre-covid;Pre-covid
2018;02;Castilla leon;Peras;1327.27;1917.53;1.44;60.01;0.54;0.78;2018-02-01;Pre-covid;Pre-covid
2018;02;Castilla leon;Melocotones;8.51;20.19;2.37;1.1;0.0;0.01;2018-02-01;Pre-covid;Pre-covid
2018;02;Castilla leon;Nectarinas;48.84;55.25;1.13;1.92;0.02;0.02;2018-02-01;Pre-covid;Pre-covid
2018;02;Castilla leon;Albaricoques;0.0;0.0;0.0;0.0;0.0;0.0;2018-02-01;Pre-covid;Pre-covid
2018;02;Castilla leon;Fresas/freson;695.09;2124.16;3.06;47.09;0.28;0.87;2018-02-01;Pre-covid;Pre-covid
2018;02;Castilla leon;Melon;194.2;297.75;1.53;7.54;0.08;0.12;2018-02-01;Pre-covid;Pre-covid
2018;02;Castilla leon;Sandia;9.44;17.5;1.85;0.73;0.0;0.01;2018-02-01;Pre-covid;Pre-covid
2018;02;Castilla leon;Ciruelas;26.51;84.37;3.18;3.31;0.01;0.03;2018-02-01;Pre-covid;Pre-covid
2018;02;Castilla leon;Cerezas;8.74;47.01;5.38;1.23;0.0;0.02;2018-02-01;Pre-covid;Pre-covid
2018;02;Castilla leon;Uvas;109.75;390.6;3.56;9.14;0.04;0.16;2018-02-01;Pre-covid;Pre-covid
2018;02;Castilla leon;Kiwi;636.41;1670.92;2.63;40.04;0.26;0.68;2018-02-01;Pre-covid;Pre-covid
2018;02;Castilla leon;Aguacate;161.95;524.48;3.24;20.37;0.07;0.21;2018-02-01;Pre-covid;Pre-covid
2018;02;Castilla leon;Piña;442.27;662.91;1.5;15.24;0.18;0.27;2018-02-01;Pre-covid;Pre-covid
2018;02;Castilla leon;Otras frutas frescas;409.53;1046.71;2.56;27.16;0.17;0.43;2018-02-01;Pre-covid;Pre-covid
2018;02;Castilla leon;Pomelo;77.02;118.53;1.54;3.85;0.03;0.05;2018-02-01;Pre-covid;Pre-covid
2018;02;Castilla leon;Chirimoya;0.0;0.0;0.0;0.0;0.0;0.0;2018-02-01;Pre-covid;Pre-covid
2018;02;Castilla leon;Frutas iv gama;625.93;1130.07;1.81;26.15;0.26;0.46;2018-02-01;Pre-covid;Pre-covid
2018;02;Cataluña;Frutas frescas;47949.71;76936.41;1.6;95.27;6.93;11.12;2018-02-01;Pre-covid;Pre-covid
2018;02;Cataluña;Naranjas;14420.32;14617.49;1.01;63.17;2.08;2.11;2018-02-01;Pre-covid;Pre-covid
2018;02;Cataluña;Mandarinas;6414.63;10891.0;1.7;62.39;0.93;1.57;2018-02-01;Pre-covid;Pre-covid
2018;02;Cataluña;Limones;1281.01;2159.25;1.69;33.2;0.19;0.31;2018-02-01;Pre-covid;Pre-covid
2018;02;Cataluña;Platanos;7702.32;12065.05;1.57;79.78;1.11;1.74;2018-02-01;Pre-covid;Pre-covid
2018;02;Cataluña;Manzanas;5845.45;8615.1;1.47;63.86;0.84;1.25;2018-02-01;Pre-covid;Pre-covid
2018;02;Cataluña;Peras;2932.54;4616.51;1.57;48.2;0.42;0.67;2018-02-01;Pre-covid;Pre-covid
2018;02;Cataluña;Melocotones;21.53;47.07;2.19;0.73;0.0;0.01;2018-02-01;Pre-covid;Pre-covid
2018;02;Cataluña;Nectarinas;52.77;157.6;2.99;1.72;0.01;0.02;2018-02-01;Pre-covid;Pre-covid
2018;02;Cataluña;Albaricoques;4.71;4.65;0.99;0.16;0.0;0.0;2018-02-01;Pre-covid;Pre-covid
2018;02;Cataluña;Fresas/freson;2318.98;7626.13;3.29;47.64;0.34;1.1;2018-02-01;Pre-covid;Pre-covid
2018;02;Cataluña;Melon;1683.93;1732.54;1.03;9.17;0.24;0.25;2018-02-01;Pre-covid;Pre-covid
2018;02;Cataluña;Sandia;26.78;54.83;2.05;0.67;0.0;0.01;2018-02-01;Pre-covid;Pre-covid
2018;02;Cataluña;Ciruelas;118.8;426.41;3.59;6.6;0.02;0.06;2018-02-01;Pre-covid;Pre-covid
2018;02;Cataluña;Cerezas;49.79;212.66;4.27;1.55;0.01;0.03;2018-02-01;Pre-covid;Pre-covid
2018;02;Cataluña;Uvas;398.89;1673.71;4.2;12.55;0.06;0.24;2018-02-01;Pre-covid;Pre-covid
2018;02;Cataluña;Kiwi;1541.51;4485.76;2.91;38.97;0.22;0.65;2018-02-01;Pre-covid;Pre-covid
2018;02;Cataluña;Aguacate;621.15;2062.2;3.32;22.83;0.09;0.3;2018-02-01;Pre-covid;Pre-covid
2018;02;Cataluña;Piña;1204.92;2066.59;1.72;21.39;0.17;0.3;2018-02-01;Pre-covid;Pre-covid
2018;02;Cataluña;Otras frutas frescas;1309.67;3421.84;2.61;30.15;0.19;0.49;2018-02-01;Pre-covid;Pre-covid
2018;02;Cataluña;Pomelo;169.69;280.59;1.65;3.49;0.02;0.04;2018-02-01;Pre-covid;Pre-covid
2018;02;Cataluña;Chirimoya;0.0;0.0;0.0;0.0;0.0;0.0;2018-02-01;Pre-covid;Pre-covid
2018;02;Cataluña;Frutas iv gama;2528.68;4529.61;1.79;33.22;0.37;0.65;2018-02-01;Pre-covid;Pre-covid
2018;02;Extremadura;Frutas frescas;6951.25;9421.14;1.36;93.82;5.9;7.99;2018-02-01;Pre-covid;Pre-covid
2018;02;Extremadura;Naranjas;2856.98;2569.28;0.9;55.26;2.42;2.18;2018-02-01;Pre-covid;Pre-covid
2018;02;Extremadura;Mandarinas;649.51;960.33;1.48;50.77;0.55;0.81;2018-02-01;Pre-covid;Pre-covid
2018;02;Extremadura;Limones;168.19;247.94;1.47;24.98;0.14;0.21;2018-02-01;Pre-covid;Pre-covid
2018;02;Extremadura;Platanos;1085.88;1461.97;1.35;79.79;0.92;1.24;2018-02-01;Pre-covid;Pre-covid
2018;02;Extremadura;Manzanas;848.25;1103.73;1.3;64.31;0.72;0.94;2018-02-01;Pre-covid;Pre-covid
2018;02;Extremadura;Peras;438.78;621.17;1.42;46.04;0.37;0.53;2018-02-01;Pre-covid;Pre-covid
2018;02;Extremadura;Melocotones;0.0;0.0;0.0;0.0;0.0;0.0;2018-02-01;Pre-covid;Pre-covid
2018;02;Extremadura;Nectarinas;16.94;15.67;0.93;1.24;0.01;0.01;2018-02-01;Pre-covid;Pre-covid
2018;02;Extremadura;Albaricoques;0.0;0.0;0.0;0.0;0.0;0.0;2018-02-01;Pre-covid;Pre-covid
2018;02;Extremadura;Fresas/freson;229.86;730.73;3.18;46.9;0.19;0.62;2018-02-01;Pre-covid;Pre-covid
2018;02;Extremadura;Melon;36.32;62.47;1.72;4.65;0.03;0.05;2018-02-01;Pre-covid;Pre-covid
2018;02;Extremadura;Sandia;2.91;5.03;1.73;0.51;0.0;0.0;2018-02-01;Pre-covid;Pre-covid
2018;02;Extremadura;Ciruelas;5.05;17.34;3.43;3.12;0.0;0.01;2018-02-01;Pre-covid;Pre-covid
2018;02;Extremadura;Cerezas;0.0;0.0;0.0;0.0;0.0;0.0;2018-02-01;Pre-covid;Pre-covid
2018;02;Extremadura;Uvas;17.29;74.86;4.33;7.28;0.01;0.06;2018-02-01;Pre-covid;Pre-covid
2018;02;Extremadura;Kiwi;218.66;627.91;2.87;31.81;0.19;0.53;2018-02-01;Pre-covid;Pre-covid
2018;02;Extremadura;Aguacate;44.49;141.16;3.17;13.51;0.04;0.12;2018-02-01;Pre-covid;Pre-covid
2018;02;Extremadura;Piña;107.58;184.22;1.71;14.09;0.09;0.16;2018-02-01;Pre-covid;Pre-covid
2018;02;Extremadura;Otras frutas frescas;224.56;597.35;2.66;29.48;0.19;0.51;2018-02-01;Pre-covid;Pre-covid
2018;02;Extremadura;Pomelo;26.94;45.21;1.68;5.26;0.02;0.04;2018-02-01;Pre-covid;Pre-covid
2018;02;Extremadura;Chirimoya;0.0;0.0;0.0;0.0;0.0;0.0;2018-02-01;Pre-covid;Pre-covid
2018;02;Extremadura;Frutas iv gama;166.77;313.81;1.88;18.22;0.14;0.27;2018-02-01;Pre-covid;Pre-covid
2018;02;Galicia;Frutas frescas;20130.72;30865.97;1.53;95.68;7.27;11.14;2018-02-01;Pre-covid;Pre-covid
2018;02;Galicia;Naranjas;6715.66;6055.67;0.9;61.61;2.42;2.19;2018-02-01;Pre-covid;Pre-covid
2018;02;Galicia;Mandarinas;1897.51;3074.96;1.62;50.2;0.68;1.11;2018-02-01;Pre-covid;Pre-covid
2018;02;Galicia;Limones;659.95;990.38;1.5;32.05;0.24;0.36;2018-02-01;Pre-covid;Pre-covid
2018;02;Galicia;Platanos;3140.26;4740.5;1.51;80.81;1.13;1.71;2018-02-01;Pre-covid;Pre-covid
2018;02;Galicia;Manzanas;2900.34;4273.45;1.47;71.11;1.05;1.54;2018-02-01;Pre-covid;Pre-covid
2018;02;Galicia;Peras;1125.45;1660.45;1.48;43.1;0.41;0.6;2018-02-01;Pre-covid;Pre-covid
2018;02;Galicia;Melocotones;3.26;5.87;1.8;0.33;0.0;0.0;2018-02-01;Pre-covid;Pre-covid
2018;02;Galicia;Nectarinas;51.92;84.73;1.63;4.51;0.02;0.03;2018-02-01;Pre-covid;Pre-covid
2018;02;Galicia;Albaricoques;20.71;39.49;1.91;3.77;0.01;0.01;2018-02-01;Pre-covid;Pre-covid
2018;02;Galicia;Fresas/freson;1000.64;3502.34;3.5;48.48;0.36;1.26;2018-02-01;Pre-covid;Pre-covid
2018;02;Galicia;Melon;141.97;248.9;1.75;6.32;0.05;0.09;2018-02-01;Pre-covid;Pre-covid
2018;02;Galicia;Sandia;27.03;65.29;2.42;2.78;0.01;0.02;2018-02-01;Pre-covid;Pre-covid
2018;02;Galicia;Ciruelas;54.71;166.47;3.04;4.48;0.02;0.06;2018-02-01;Pre-covid;Pre-covid
2018;02;Galicia;Cerezas;71.26;185.67;2.61;2.68;0.03;0.07;2018-02-01;Pre-covid;Pre-covid
2018;02;Galicia;Uvas;198.1;678.38;3.42;14.98;0.07;0.24;2018-02-01;Pre-covid;Pre-covid
2018;02;Galicia;Kiwi;1000.55;2356.06;2.35;36.19;0.36;0.85;2018-02-01;Pre-covid;Pre-covid
2018;02;Galicia;Aguacate;255.36;877.25;3.44;21.46;0.09;0.32;2018-02-01;Pre-covid;Pre-covid
2018;02;Galicia;Piña;481.04;698.83;1.45;17.77;0.17;0.25;2018-02-01;Pre-covid;Pre-covid
2018;02;Galicia;Otras frutas frescas;385.01;1161.27;3.02;21.72;0.14;0.42;2018-02-01;Pre-covid;Pre-covid
2018;02;Galicia;Pomelo;51.6;119.13;2.31;2.01;0.02;0.04;2018-02-01;Pre-covid;Pre-covid
2018;02;Galicia;Chirimoya;0.0;0.0;0.0;0.0;0.0;0.0;2018-02-01;Pre-covid;Pre-covid
2018;02;Galicia;Frutas iv gama;716.07;1298.81;1.81;24.94;0.26;0.47;2018-02-01;Pre-covid;Pre-covid
2018;02;La rioja;Frutas frescas;2269.41;3427.7;1.51;95.22;7.17;10.83;2018-02-01;Pre-covid;Pre-covid
2018;02;La rioja;Naranjas;806.52;796.09;0.99;64.31;2.55;2.52;2018-02-01;Pre-covid;Pre-covid
2018;02;La rioja;Mandarinas;288.31;476.25;1.65;59.81;0.91;1.5;2018-02-01;Pre-covid;Pre-covid
2018;02;La rioja;Limones;100.28;147.6;1.47;39.49;0.32;0.47;2018-02-01;Pre-covid;Pre-covid
2018;02;La rioja;Platanos;360.55;607.48;1.68;88.83;1.14;1.92;2018-02-01;Pre-covid;Pre-covid
2018;02;La rioja;Manzanas;236.62;357.62;1.51;74.28;0.75;1.13;2018-02-01;Pre-covid;Pre-covid
2018;02;La rioja;Peras;125.81;180.41;1.43;48.3;0.4;0.57;2018-02-01;Pre-covid;Pre-covid
2018;02;La rioja;Melocotones;0.0;0.0;0.0;0.0;0.0;0.0;2018-02-01;Pre-covid;Pre-covid
2018;02;La rioja;Nectarinas;0.0;0.0;0.0;0.0;0.0;0.0;2018-02-01;Pre-covid;Pre-covid
2018;02;La rioja;Albaricoques;0.0;0.0;0.0;0.0;0.0;0.0;2018-02-01;Pre-covid;Pre-covid
2018;02;La rioja;Fresas/freson;119.62;334.93;2.8;32.69;0.38;1.06;2018-02-01;Pre-covid;Pre-covid
2018;02;La rioja;Melon;30.11;60.13;2.0;9.08;0.1;0.19;2018-02-01;Pre-covid;Pre-covid
2018;02;La rioja;Sandia;0.0;0.0;0.0;0.0;0.0;0.0;2018-02-01;Pre-covid;Pre-covid
2018;02;La rioja;Ciruelas;2.08;3.18;1.53;4.29;0.01;0.01;2018-02-01;Pre-covid;Pre-covid
2018;02;La rioja;Cerezas;0.0;0.0;0.0;0.0;0.0;0.0;2018-02-01;Pre-covid;Pre-covid
2018;02;La rioja;Uvas;4.49;18.61;4.14;8.46;0.01;0.06;2018-02-01;Pre-covid;Pre-covid
2018;02;La rioja;Kiwi;45.0;131.61;2.92;24.78;0.14;0.42;2018-02-01;Pre-covid;Pre-covid
2018;02;La rioja;Aguacate;13.89;62.81;4.52;11.51;0.04;0.2;2018-02-01;Pre-covid;Pre-covid
2018;02;La rioja;Piña;99.4;171.66;1.73;22.71;0.31;0.54;2018-02-01;Pre-covid;Pre-covid
2018;02;La rioja;Otras frutas frescas;36.74;79.33;2.16;33.35;0.12;0.25;2018-02-01;Pre-covid;Pre-covid
2018;02;La rioja;Pomelo;5.71;7.11;1.24;6.37;0.02;0.02;2018-02-01;Pre-covid;Pre-covid
2018;02;La rioja;Chirimoya;0.0;0.0;0.0;0.0;0.0;0.0;2018-02-01;Pre-covid;Pre-covid
2018;02;La rioja;Frutas iv gama;77.91;115.54;1.48;36.03;0.25;0.37;2018-02-01;Pre-covid;Pre-covid
2018;02;Madrid;Frutas frescas;41970.01;66923.91;1.59;95.27;6.74;10.75;2018-02-01;Pre-covid;Pre-covid
2018;02;Madrid;Naranjas;12564.36;11685.94;0.93;65.14;2.02;1.88;2018-02-01;Pre-covid;Pre-covid
2018;02;Madrid;Mandarinas;5335.7;8717.37;1.63;59.17;0.86;1.4;2018-02-01;Pre-covid;Pre-covid
2018;02;Madrid;Limones;1146.99;1792.5;1.56;39.1;0.18;0.29;2018-02-01;Pre-covid;Pre-covid
2018;02;Madrid;Platanos;6591.27;10247.36;1.55;81.54;1.06;1.65;2018-02-01;Pre-covid;Pre-covid
2018;02;Madrid;Manzanas;5022.99;7878.34;1.57;61.94;0.81;1.27;2018-02-01;Pre-covid;Pre-covid
2018;02;Madrid;Peras;2962.4;4473.1;1.51;46.93;0.48;0.72;2018-02-01;Pre-covid;Pre-covid
2018;02;Madrid;Melocotones;42.22;145.32;3.44;2.09;0.01;0.02;2018-02-01;Pre-covid;Pre-covid
2018;02;Madrid;Nectarinas;101.1;149.7;1.48;1.53;0.02;0.02;2018-02-01;Pre-covid;Pre-covid
2018;02;Madrid;Albaricoques;1.63;1.23;0.76;0.13;0.0;0.0;2018-02-01;Pre-covid;Pre-covid
2018;02;Madrid;Fresas/freson;2208.86;7129.1;3.23;46.92;0.35;1.15;2018-02-01;Pre-covid;Pre-covid
2018;02;Madrid;Melon;884.77;1343.99;1.52;8.77;0.14;0.22;2018-02-01;Pre-covid;Pre-covid
2018;02;Madrid;Sandia;95.55;68.97;0.72;0.83;0.02;0.01;2018-02-01;Pre-covid;Pre-covid
2018;02;Madrid;Ciruelas;91.63;297.38;3.25;6.07;0.01;0.05;2018-02-01;Pre-covid;Pre-covid
2018;02;Madrid;Cerezas;19.47;46.7;2.4;0.65;0.0;0.01;2018-02-01;Pre-covid;Pre-covid
2018;02;Madrid;Uvas;376.93;1248.48;3.31;13.88;0.06;0.2;2018-02-01;Pre-covid;Pre-covid
2018;02;Madrid;Kiwi;1930.4;5141.29;2.66;41.73;0.31;0.83;2018-02-01;Pre-covid;Pre-covid
2018;02;Madrid;Aguacate;575.18;1773.75;3.08;24.82;0.09;0.28;2018-02-01;Pre-covid;Pre-covid
2018;02;Madrid;Piña;798.98;1375.01;1.72;18.21;0.13;0.22;2018-02-01;Pre-covid;Pre-covid
2018;02;Madrid;Otras frutas frescas;1219.58;3408.38;2.79;30.28;0.2;0.55;2018-02-01;Pre-covid;Pre-covid
2018;02;Madrid;Pomelo;121.72;207.49;1.7;3.53;0.02;0.03;2018-02-01;Pre-covid;Pre-covid
2018;02;Madrid;Chirimoya;0.0;0.0;0.0;0.0;0.0;0.0;2018-02-01;Pre-covid;Pre-covid
2018;02;Madrid;Frutas iv gama;1547.7;2909.85;1.88;27.11;0.25;0.47;2018-02-01;Pre-covid;Pre-covid
2018;02;Murcia;Frutas frescas;8555.51;13348.47;1.56;92.33;6.01;9.37;2018-02-01;Pre-covid;Pre-covid
2018;02;Murcia;Naranjas;2451.1;2275.82;0.93;44.9;1.72;1.6;2018-02-01;Pre-covid;Pre-covid
2018;02;Murcia;Mandarinas;883.5;1279.13;1.45;52.89;0.62;0.9;2018-02-01;Pre-covid;Pre-covid
2018;02;Murcia;Limones;380.51;587.3;1.54;27.74;0.27;0.41;2018-02-01;Pre-covid;Pre-covid
2018;02;Murcia;Platanos;1553.14;2146.76;1.38;84.17;1.09;1.51;2018-02-01;Pre-covid;Pre-covid
2018;02;Murcia;Manzanas;1133.37;1637.6;1.44;64.16;0.8;1.15;2018-02-01;Pre-covid;Pre-covid
2018;02;Murcia;Peras;664.62;972.09;1.46;54.92;0.47;0.68;2018-02-01;Pre-covid;Pre-covid
2018;02;Murcia;Melocotones;0.0;0.0;0.0;0.0;0.0;0.0;2018-02-01;Pre-covid;Pre-covid
2018;02;Murcia;Nectarinas;5.19;5.13;0.99;0.19;0.0;0.0;2018-02-01;Pre-covid;Pre-covid
2018;02;Murcia;Albaricoques;0.0;0.0;0.0;0.0;0.0;0.0;2018-02-01;Pre-covid;Pre-covid
2018;02;Murcia;Fresas/freson;674.71;2352.16;3.49;52.02;0.47;1.65;2018-02-01;Pre-covid;Pre-covid
2018;02;Murcia;Melon;56.74;89.72;1.58;3.13;0.04;0.06;2018-02-01;Pre-covid;Pre-covid
2018;02;Murcia;Sandia;0.0;0.0;0.0;0.0;0.0;0.0;2018-02-01;Pre-covid;Pre-covid
2018;02;Murcia;Ciruelas;20.29;69.54;3.43;7.14;0.01;0.05;2018-02-01;Pre-covid;Pre-covid
2018;02;Murcia;Cerezas;0.0;0.0;0.0;0.0;0.0;0.0;2018-02-01;Pre-covid;Pre-covid
2018;02;Murcia;Uvas;47.72;238.6;5.0;9.97;0.03;0.17;2018-02-01;Pre-covid;Pre-covid
2018;02;Murcia;Kiwi;256.71;798.21;3.11;37.3;0.18;0.56;2018-02-01;Pre-covid;Pre-covid
2018;02;Murcia;Aguacate;65.78;224.92;3.42;11.71;0.05;0.16;2018-02-01;Pre-covid;Pre-covid
2018;02;Murcia;Piña;187.27;262.3;1.4;12.56;0.13;0.18;2018-02-01;Pre-covid;Pre-covid
2018;02;Murcia;Otras frutas frescas;174.87;409.19;2.34;14.55;0.12;0.29;2018-02-01;Pre-covid;Pre-covid
2018;02;Murcia;Pomelo;13.99;24.53;1.75;1.11;0.01;0.02;2018-02-01;Pre-covid;Pre-covid
2018;02;Murcia;Chirimoya;0.0;0.0;0.0;0.0;0.0;0.0;2018-02-01;Pre-covid;Pre-covid
2018;02;Murcia;Frutas iv gama;378.49;814.92;2.15;18.66;0.27;0.57;2018-02-01;Pre-covid;Pre-covid
2018;02;Navarra;Frutas frescas;3769.45;5780.22;1.53;97.04;6.36;9.76;2018-02-01;Pre-covid;Pre-covid
2018;02;Navarra;Naranjas;1157.7;1117.76;0.97;62.69;1.95;1.89;2018-02-01;Pre-covid;Pre-covid
2018;02;Navarra;Mandarinas;461.66;732.57;1.59;43.28;0.78;1.24;2018-02-01;Pre-covid;Pre-covid
2018;02;Navarra;Limones;122.84;185.02;1.51;50.45;0.21;0.31;2018-02-01;Pre-covid;Pre-covid
2018;02;Navarra;Platanos;596.62;891.01;1.49;74.07;1.01;1.5;2018-02-01;Pre-covid;Pre-covid
2018;02;Navarra;Manzanas;577.12;759.3;1.32;62.5;0.97;1.28;2018-02-01;Pre-covid;Pre-covid
2018;02;Navarra;Peras;174.89;256.01;1.46;29.71;0.3;0.43;2018-02-01;Pre-covid;Pre-covid
2018;02;Navarra;Melocotones;1.44;5.27;3.65;0.23;0.0;0.01;2018-02-01;Pre-covid;Pre-covid
2018;02;Navarra;Nectarinas;21.26;41.4;1.95;5.26;0.04;0.07;2018-02-01;Pre-covid;Pre-covid
2018;02;Navarra;Albaricoques;3.3;2.93;0.89;2.34;0.01;0.0;2018-02-01;Pre-covid;Pre-covid
2018;02;Navarra;Fresas/freson;170.55;606.12;3.55;30.76;0.29;1.02;2018-02-01;Pre-covid;Pre-covid
2018;02;Navarra;Melon;37.71;29.18;0.77;1.42;0.06;0.05;2018-02-01;Pre-covid;Pre-covid
2018;02;Navarra;Sandia;0.0;0.0;0.0;0.0;0.0;0.0;2018-02-01;Pre-covid;Pre-covid
2018;02;Navarra;Ciruelas;0.0;0.0;0.0;0.0;0.0;0.0;2018-02-01;Pre-covid;Pre-covid
2018;02;Navarra;Cerezas;0.0;0.0;0.0;0.0;0.0;0.0;2018-02-01;Pre-covid;Pre-covid
2018;02;Navarra;Uvas;24.02;66.61;2.77;10.99;0.04;0.11;2018-02-01;Pre-covid;Pre-covid
2018;02;Navarra;Kiwi;196.13;582.87;2.97;47.76;0.33;0.98;2018-02-01;Pre-covid;Pre-covid
2018;02;Navarra;Aguacate;66.04;184.88;2.8;29.34;0.11;0.31;2018-02-01;Pre-covid;Pre-covid
2018;02;Navarra;Piña;86.49;138.01;1.6;19.48;0.15;0.23;2018-02-01;Pre-covid;Pre-covid
2018;02;Navarra;Otras frutas frescas;71.68;181.28;2.53;23.17;0.12;0.31;2018-02-01;Pre-covid;Pre-covid
2018;02;Navarra;Pomelo;7.4;19.62;2.65;3.34;0.01;0.03;2018-02-01;Pre-covid;Pre-covid
2018;02;Navarra;Chirimoya;0.0;0.0;0.0;0.0;0.0;0.0;2018-02-01;Pre-covid;Pre-covid
2018;02;Navarra;Frutas iv gama;164.08;337.57;2.06;29.05;0.28;0.57;2018-02-01;Pre-covid;Pre-covid
2018;02;Pais vasco;Frutas frescas;15714.27;25648.09;1.63;96.8;7.59;12.39;2018-02-01;Pre-covid;Pre-covid
2018;02;Pais vasco;Naranjas;4767.26;4799.22;1.01;64.7;2.3;2.32;2018-02-01;Pre-covid;Pre-covid
2018;02;Pais vasco;Mandarinas;1859.85;3287.07;1.77;64.23;0.9;1.59;2018-02-01;Pre-covid;Pre-covid
2018;02;Pais vasco;Limones;407.13;684.88;1.68;32.84;0.2;0.33;2018-02-01;Pre-covid;Pre-covid
2018;02;Pais vasco;Platanos;2177.17;3363.09;1.54;75.99;1.05;1.62;2018-02-01;Pre-covid;Pre-covid
2018;02;Pais vasco;Manzanas;2323.9;3510.79;1.51;66.78;1.12;1.7;2018-02-01;Pre-covid;Pre-covid
2018;02;Pais vasco;Peras;1185.13;1889.98;1.59;51.21;0.57;0.91;2018-02-01;Pre-covid;Pre-covid
2018;02;Pais vasco;Melocotones;1.08;5.41;5.0;0.22;0.0;0.0;2018-02-01;Pre-covid;Pre-covid
2018;02;Pais vasco;Nectarinas;18.96;53.88;2.84;2.4;0.01;0.03;2018-02-01;Pre-covid;Pre-covid
2018;02;Pais vasco;Albaricoques;21.07;26.72;1.27;1.3;0.01;0.01;2018-02-01;Pre-covid;Pre-covid
2018;02;Pais vasco;Fresas/freson;807.07;2745.39;3.4;53.12;0.39;1.33;2018-02-01;Pre-covid;Pre-covid
2018;02;Pais vasco;Melon;314.34;374.74;1.19;7.35;0.15;0.18;2018-02-01;Pre-covid;Pre-covid
2018;02;Pais vasco;Sandia;0.0;0.0;0.0;0.0;0.0;0.0;2018-02-01;Pre-covid;Pre-covid
2018;02;Pais vasco;Ciruelas;35.9;129.25;3.6;6.12;0.02;0.06;2018-02-01;Pre-covid;Pre-covid
2018;02;Pais vasco;Cerezas;10.8;61.19;5.66;1.64;0.01;0.03;2018-02-01;Pre-covid;Pre-covid
2018;02;Pais vasco;Uvas;153.47;595.49;3.88;17.64;0.07;0.29;2018-02-01;Pre-covid;Pre-covid
2018;02;Pais vasco;Kiwi;589.05;1730.49;2.94;42.27;0.28;0.84;2018-02-01;Pre-covid;Pre-covid
2018;02;Pais vasco;Aguacate;187.58;707.24;3.77;24.94;0.09;0.34;2018-02-01;Pre-covid;Pre-covid
2018;02;Pais vasco;Piña;404.6;711.96;1.76;20.11;0.2;0.34;2018-02-01;Pre-covid;Pre-covid
2018;02;Pais vasco;Otras frutas frescas;449.91;971.29;2.16;26.02;0.22;0.47;2018-02-01;Pre-covid;Pre-covid
2018;02;Pais vasco;Pomelo;134.32;236.69;1.76;4.44;0.06;0.11;2018-02-01;Pre-covid;Pre-covid
2018;02;Pais vasco;Chirimoya;0.0;0.0;0.0;0.0;0.0;0.0;2018-02-01;Pre-covid;Pre-covid
2018;02;Pais vasco;Frutas iv gama;859.57;1794.74;2.09;33.59;0.42;0.87;2018-02-01;Pre-covid;Pre-covid
2018;02;Valencia;Frutas frescas;25732.36;39682.49;1.54;93.32;5.44;8.39;2018-02-01;Pre-covid;Pre-covid
2018;02;Valencia;Naranjas;6114.27;4985.46;0.82;44.63;1.29;1.05;2018-02-01;Pre-covid;Pre-covid
2018;02;Valencia;Mandarinas;2222.76;3164.79;1.42;32.23;0.47;0.67;2018-02-01;Pre-covid;Pre-covid
2018;02;Valencia;Limones;726.63;1021.85;1.41;27.43;0.15;0.22;2018-02-01;Pre-covid;Pre-covid
2018;02;Valencia;Platanos;5222.74;7547.81;1.45;80.5;1.1;1.59;2018-02-01;Pre-covid;Pre-covid
2018;02;Valencia;Manzanas;3764.92;5173.23;1.37;64.97;0.8;1.09;2018-02-01;Pre-covid;Pre-covid
2018;02;Valencia;Peras;2050.47;2881.17;1.41;43.75;0.43;0.61;2018-02-01;Pre-covid;Pre-covid
2018;02;Valencia;Melocotones;12.89;21.53;1.67;0.45;0.0;0.0;2018-02-01;Pre-covid;Pre-covid
2018;02;Valencia;Nectarinas;21.33;52.71;2.47;1.23;0.0;0.01;2018-02-01;Pre-covid;Pre-covid
2018;02;Valencia;Albaricoques;81.63;189.83;2.33;1.14;0.02;0.04;2018-02-01;Pre-covid;Pre-covid
2018;02;Valencia;Fresas/freson;1758.58;6148.04;3.5;53.53;0.37;1.3;2018-02-01;Pre-covid;Pre-covid
2018;02;Valencia;Melon;521.12;698.22;1.34;4.82;0.11;0.15;2018-02-01;Pre-covid;Pre-covid
2018;02;Valencia;Sandia;24.92;49.56;1.99;0.88;0.01;0.01;2018-02-01;Pre-covid;Pre-covid
2018;02;Valencia;Ciruelas;83.31;226.64;2.72;5.04;0.02;0.05;2018-02-01;Pre-covid;Pre-covid
2018;02;Valencia;Cerezas;46.22;182.56;3.95;2.66;0.01;0.04;2018-02-01;Pre-covid;Pre-covid
2018;02;Valencia;Uvas;187.76;673.34;3.59;9.74;0.04;0.14;2018-02-01;Pre-covid;Pre-covid
2018;02;Valencia;Kiwi;812.19;2064.15;2.54;30.74;0.17;0.44;2018-02-01;Pre-covid;Pre-covid
2018;02;Valencia;Aguacate;383.88;1188.0;3.09;21.3;0.08;0.25;2018-02-01;Pre-covid;Pre-covid
2018;02;Valencia;Piña;669.34;1058.27;1.58;20.87;0.14;0.22;2018-02-01;Pre-covid;Pre-covid
2018;02;Valencia;Otras frutas frescas;1027.4;2355.34;2.29;34.35;0.22;0.5;2018-02-01;Pre-covid;Pre-covid
2018;02;Valencia;Pomelo;162.13;255.14;1.57;4.59;0.03;0.05;2018-02-01;Pre-covid;Pre-covid
2018;02;Valencia;Chirimoya;0.0;0.0;0.0;0.0;0.0;0.0;2018-02-01;Pre-covid;Pre-covid
2018;02;Valencia;Frutas iv gama;1173.89;2123.72;1.81;27.11;0.25;0.45;2018-02-01;Pre-covid;Pre-covid
2018;03;Nacional;Patatas;111978.64;92382.14;0.82;80.93;2.45;2.02;2018-03-01;Pre-covid;Pre-covid
2018;03;Nacional;Patatas frescas;79299.74;56112.25;0.71;66.89;1.74;1.23;2018-03-01;Pre-covid;Pre-covid
2018;03;Nacional;Patatas congeladas;4270.74;5386.51;1.26;12.95;0.09;0.12;2018-03-01;Pre-covid;Pre-covid
2018;03;Nacional;Patatas procesadas;5681.63;30883.38;5.44;49.72;0.12;0.68;2018-03-01;Pre-covid;Pre-covid
2018;03;Nacional;Hortalizas frescas;221895.39;401447.35;1.81;96.84;4.86;8.8;2018-03-01;Pre-covid;Pre-covid
2018;03;Nacional;Omates;43479.81;69575.29;1.6;79.13;0.95;1.52;2018-03-01;Pre-covid;Pre-covid
2018;03;Nacional;Cebollas;27461.4;29958.02;1.09;69.58;0.6;0.66;2018-03-01;Pre-covid;Pre-covid
2018;03;Nacional;Ajos;2990.09;12276.59;4.11;39.63;0.07;0.27;2018-03-01;Pre-covid;Pre-covid
2018;03;Nacional;Coles;6138.42;6880.82;1.12;21.96;0.13;0.15;2018-03-01;Pre-covid;Pre-covid
2018;03;Nacional;Pepinos;5054.0;7647.83;1.51;22.69;0.11;0.17;2018-03-01;Pre-covid;Pre-covid
2018;03;Nacional;Judias verdes;6803.28;20165.26;2.96;31.7;0.15;0.44;2018-03-01;Pre-covid;Pre-covid
2018;03;Nacional;Pimientos;18018.29;33961.77;1.88;64.31;0.39;0.74;2018-03-01;Pre-covid;Pre-covid
2018;03;Nacional;Champiñoneso setas;5590.33;20580.48;3.68;39.47;0.12;0.45;2018-03-01;Pre-covid;Pre-covid
2018;03;Nacional;Lechuga/esc /endivia;12502.88;35947.81;2.88;59.23;0.27;0.79;2018-03-01;Pre-covid;Pre-covid
2018;03;Nacional;Esparragos;2965.76;6966.56;2.35;11.86;0.06;0.15;2018-03-01;Pre-covid;Pre-covid
2018;03;Nacional;Verduras de hoja;6189.65;14269.36;2.31;29.87;0.14;0.31;2018-03-01;Pre-covid;Pre-covid
2018;03;Nacional;Berenjenas;5685.23;8813.36;1.55;30.41;0.12;0.19;2018-03-01;Pre-covid;Pre-covid
2018;03;Nacional;Zanahorias;13025.84;11492.76;0.88;55.22;0.29;0.25;2018-03-01;Pre-covid;Pre-covid
2018;03;Nacional;Calabacines;15030.79;20858.94;1.39;51.87;0.33;0.46;2018-03-01;Pre-covid;Pre-covid
2018;03;Nacional;Otr hortalizas/verd ;50959.62;102052.5;2.0;81.86;1.12;2.24;2018-03-01;Pre-covid;Pre-covid
2018;03;Nacional;Brocoli;5693.99;9177.42;1.61;23.6;0.12;0.2;2018-03-01;Pre-covid;Pre-covid
2018;03;Nacional;Alcachofas;12808.06;19522.56;1.52;33.55;0.28;0.43;2018-03-01;Pre-covid;Pre-covid
2018;03;Nacional;Verd /hort  iv gama;25511.08;66958.77;2.62;66.72;0.56;1.47;2018-03-01;Pre-covid;Pre-covid
2018;03;Andalucia;Patatas;21446.3;17675.35;0.82;84.49;2.47;2.03;2018-03-01;Pre-covid;Pre-covid
2018;03;Andalucia;Patatas frescas;14575.93;9903.87;0.68;65.79;1.68;1.14;2018-03-01;Pre-covid;Pre-covid
2018;03;Andalucia;Patatas congeladas;1011.75;1178.24;1.16;17.31;0.12;0.14;2018-03-01;Pre-covid;Pre-covid
2018;03;Andalucia;Patatas procesadas;1171.72;6593.24;5.63;55.41;0.13;0.76;2018-03-01;Pre-covid;Pre-covid
2018;03;Andalucia;Hortalizas frescas;38505.79;66399.93;1.72;96.93;4.43;7.64;2018-03-01;Pre-covid;Pre-covid
2018;03;Andalucia;Omates;8333.52;11584.52;1.39;80.79;0.96;1.33;2018-03-01;Pre-covid;Pre-covid
2018;03;Andalucia;Cebollas;4735.59;4780.45;1.01;67.77;0.55;0.55;2018-03-01;Pre-covid;Pre-covid
2018;03;Andalucia;Ajos;628.76;2456.09;3.91;44.07;0.07;0.28;2018-03-01;Pre-covid;Pre-covid
2018;03;Andalucia;Coles;957.22;1036.86;1.08;15.83;0.11;0.12;2018-03-01;Pre-covid;Pre-covid
2018;03;Andalucia;Pepinos;1010.09;1455.38;1.44;26.64;0.12;0.17;2018-03-01;Pre-covid;Pre-covid
2018;03;Andalucia;Judias verdes;907.26;2724.53;3.0;26.85;0.1;0.31;2018-03-01;Pre-covid;Pre-covid
2018;03;Andalucia;Pimientos;3066.64;5597.45;1.83;67.03;0.35;0.64;2018-03-01;Pre-covid;Pre-covid
2018;03;Andalucia;Champiñoneso setas;902.46;3435.17;3.81;40.43;0.1;0.4;2018-03-01;Pre-covid;Pre-covid
2018;03;Andalucia;Lechuga/esc /endivia;2015.24;5917.37;2.94;61.84;0.23;0.68;2018-03-01;Pre-covid;Pre-covid
2018;03;Andalucia;Esparragos;440.0;1117.46;2.54;11.81;0.05;0.13;2018-03-01;Pre-covid;Pre-covid
2018;03;Andalucia;Verduras de hoja;1190.17;2789.16;2.34;31.7;0.14;0.32;2018-03-01;Pre-covid;Pre-covid
2018;03;Andalucia;Berenjenas;1135.7;1601.75;1.41;36.3;0.13;0.18;2018-03-01;Pre-covid;Pre-covid
2018;03;Andalucia;Zanahorias;2058.02;1759.69;0.86;51.95;0.24;0.2;2018-03-01;Pre-covid;Pre-covid
2018;03;Andalucia;Calabacines;2269.19;3098.07;1.37;48.96;0.26;0.36;2018-03-01;Pre-covid;Pre-covid
2018;03;Andalucia;Otr hortalizas/verd ;8855.92;17045.98;1.92;84.02;1.02;1.96;2018-03-01;Pre-covid;Pre-covid
2018;03;Andalucia;Brocoli;901.43;1586.05;1.76;23.72;0.1;0.18;2018-03-01;Pre-covid;Pre-covid
2018;03;Andalucia;Alcachofas;1931.4;2834.01;1.47;37.78;0.22;0.33;2018-03-01;Pre-covid;Pre-covid
2018;03;Andalucia;Verd /hort  iv gama;4606.78;11538.46;2.5;66.75;0.53;1.33;2018-03-01;Pre-covid;Pre-covid
2018;03;Aragon;Patatas;2799.98;2032.76;0.73;80.17;2.13;1.55;2018-03-01;Pre-covid;Pre-covid
2018;03;Aragon;Patatas frescas;2140.34;1280.06;0.6;66.42;1.63;0.97;2018-03-01;Pre-covid;Pre-covid
2018;03;Aragon;Patatas congeladas;64.24;78.97;1.23;7.2;0.05;0.06;2018-03-01;Pre-covid;Pre-covid
2018;03;Aragon;Patatas procesadas;119.08;673.73;5.66;42.43;0.09;0.51;2018-03-01;Pre-covid;Pre-covid
2018;03;Aragon;Hortalizas frescas;7578.78;13834.07;1.83;98.11;5.77;10.54;2018-03-01;Pre-covid;Pre-covid
2018;03;Aragon;Omates;1256.39;2190.87;1.74;85.2;0.96;1.67;2018-03-01;Pre-covid;Pre-covid
2018;03;Aragon;Cebollas;773.58;849.67;1.1;65.93;0.59;0.65;2018-03-01;Pre-covid;Pre-covid
2018;03;Aragon;Ajos;94.75;360.54;3.81;41.45;0.07;0.27;2018-03-01;Pre-covid;Pre-covid
2018;03;Aragon;Coles;204.52;239.73;1.17;17.35;0.16;0.18;2018-03-01;Pre-covid;Pre-covid
2018;03;Aragon;Pepinos;179.85;297.97;1.66;25.27;0.14;0.23;2018-03-01;Pre-covid;Pre-covid
2018;03;Aragon;Judias verdes;274.34;721.87;2.63;41.66;0.21;0.55;2018-03-01;Pre-covid;Pre-covid
2018;03;Aragon;Pimientos;475.8;858.04;1.8;62.24;0.36;0.65;2018-03-01;Pre-covid;Pre-covid
2018;03;Aragon;Champiñoneso setas;181.94;718.86;3.95;50.12;0.14;0.55;2018-03-01;Pre-covid;Pre-covid
2018;03;Aragon;Lechuga/esc /endivia;642.16;1666.47;2.6;68.06;0.49;1.27;2018-03-01;Pre-covid;Pre-covid
2018;03;Aragon;Esparragos;127.16;392.15;3.08;19.06;0.1;0.3;2018-03-01;Pre-covid;Pre-covid
2018;03;Aragon;Verduras de hoja;455.49;748.38;1.64;32.26;0.35;0.57;2018-03-01;Pre-covid;Pre-covid
2018;03;Aragon;Berenjenas;122.91;180.83;1.47;25.04;0.09;0.14;2018-03-01;Pre-covid;Pre-covid
2018;03;Aragon;Zanahorias;296.97;253.55;0.85;47.02;0.23;0.19;2018-03-01;Pre-covid;Pre-covid
2018;03;Aragon;Calabacines;490.27;676.07;1.38;55.98;0.37;0.51;2018-03-01;Pre-covid;Pre-covid
2018;03;Aragon;Otr hortalizas/verd ;2002.67;3679.08;1.84;82.72;1.53;2.8;2018-03-01;Pre-covid;Pre-covid
2018;03;Aragon;Brocoli;239.32;311.2;1.3;26.7;0.18;0.24;2018-03-01;Pre-covid;Pre-covid
2018;03;Aragon;Alcachofas;464.55;698.85;1.5;43.49;0.35;0.53;2018-03-01;Pre-covid;Pre-covid
2018;03;Aragon;Verd /hort  iv gama;740.09;1893.89;2.56;62.18;0.56;1.44;2018-03-01;Pre-covid;Pre-covid
2018;03;Asturias;Patatas;2552.95;2055.24;0.81;75.44;2.35;1.9;2018-03-01;Pre-covid;Pre-covid
2018;03;Asturias;Patatas frescas;1952.69;1403.31;0.72;65.04;1.8;1.29;2018-03-01;Pre-covid;Pre-covid
2018;03;Asturias;Patatas congeladas;107.7;128.55;1.19;10.17;0.1;0.12;2018-03-01;Pre-covid;Pre-covid
2018;03;Asturias;Patatas procesadas;98.51;523.38;5.31;38.23;0.09;0.48;2018-03-01;Pre-covid;Pre-covid
2018;03;Asturias;Hortalizas frescas;3701.71;7008.99;1.89;93.71;3.41;6.46;2018-03-01;Pre-covid;Pre-covid
2018;03;Asturias;Omates;673.14;1220.53;1.81;76.08;0.62;1.13;2018-03-01;Pre-covid;Pre-covid
2018;03;Asturias;Cebollas;636.18;744.26;1.17;66.37;0.59;0.69;2018-03-01;Pre-covid;Pre-covid
2018;03;Asturias;Ajos;79.26;349.24;4.41;48.72;0.07;0.32;2018-03-01;Pre-covid;Pre-covid
2018;03;Asturias;Coles;92.61;112.08;1.21;13.24;0.09;0.1;2018-03-01;Pre-covid;Pre-covid
2018;03;Asturias;Pepinos;69.28;109.02;1.57;18.02;0.06;0.1;2018-03-01;Pre-covid;Pre-covid
2018;03;Asturias;Judias verdes;61.7;175.1;2.84;19.44;0.06;0.16;2018-03-01;Pre-covid;Pre-covid
2018;03;Asturias;Pimientos;406.8;808.22;1.99;63.14;0.38;0.75;2018-03-01;Pre-covid;Pre-covid
2018;03;Asturias;Champiñoneso setas;115.23;487.87;4.23;40.2;0.11;0.45;2018-03-01;Pre-covid;Pre-covid
2018;03;Asturias;Lechuga/esc /endivia;250.18;610.51;2.44;48.81;0.23;0.56;2018-03-01;Pre-covid;Pre-covid
2018;03;Asturias;Esparragos;48.15;84.14;1.75;5.43;0.04;0.08;2018-03-01;Pre-covid;Pre-covid
2018;03;Asturias;Verduras de hoja;74.49;162.89;2.19;12.9;0.07;0.15;2018-03-01;Pre-covid;Pre-covid
2018;03;Asturias;Berenjenas;83.17;117.29;1.41;27.01;0.08;0.11;2018-03-01;Pre-covid;Pre-covid
2018;03;Asturias;Zanahorias;218.7;213.4;0.98;41.09;0.2;0.2;2018-03-01;Pre-covid;Pre-covid
2018;03;Asturias;Calabacines;220.55;287.97;1.31;44.24;0.2;0.27;2018-03-01;Pre-covid;Pre-covid
2018;03;Asturias;Otr hortalizas/verd ;672.28;1526.47;2.27;71.39;0.62;1.41;2018-03-01;Pre-covid;Pre-covid
2018;03;Asturias;Brocoli;104.48;153.19;1.47;25.07;0.1;0.14;2018-03-01;Pre-covid;Pre-covid
2018;03;Asturias;Alcachofas;86.8;123.05;1.42;17.05;0.08;0.11;2018-03-01;Pre-covid;Pre-covid
2018;03;Asturias;Verd /hort  iv gama;526.42;1366.21;2.6;55.97;0.49;1.26;2018-03-01;Pre-covid;Pre-covid
2018;03;Baleares;Patatas;2987.12;2483.91;0.83;81.13;2.9;2.41;2018-03-01;Pre-covid;Pre-covid
2018;03;Baleares;Patatas frescas;2099.59;1480.23;0.71;75.7;2.04;1.44;2018-03-01;Pre-covid;Pre-covid
2018;03;Baleares;Patatas congeladas;106.78;132.73;1.24;10.45;0.1;0.13;2018-03-01;Pre-covid;Pre-covid
2018;03;Baleares;Patatas procesadas;156.15;870.95;5.58;51.99;0.15;0.85;2018-03-01;Pre-covid;Pre-covid
2018;03;Baleares;Hortalizas frescas;5728.03;10921.54;1.91;95.81;5.56;10.6;2018-03-01;Pre-covid;Pre-covid
2018;03;Baleares;Omates;1231.45;2027.78;1.65;87.79;1.2;1.97;2018-03-01;Pre-covid;Pre-covid
2018;03;Baleares;Cebollas;871.71;1013.16;1.16;80.46;0.85;0.98;2018-03-01;Pre-covid;Pre-covid
2018;03;Baleares;Ajos;60.98;263.95;4.33;36.55;0.06;0.26;2018-03-01;Pre-covid;Pre-covid
2018;03;Baleares;Coles;92.78;109.87;1.18;20.12;0.09;0.11;2018-03-01;Pre-covid;Pre-covid
2018;03;Baleares;Pepinos;104.61;179.9;1.72;18.48;0.1;0.17;2018-03-01;Pre-covid;Pre-covid
2018;03;Baleares;Judias verdes;105.03;379.02;3.61;29.02;0.1;0.37;2018-03-01;Pre-covid;Pre-covid
2018;03;Baleares;Pimientos;561.25;1126.5;2.01;69.46;0.54;1.09;2018-03-01;Pre-covid;Pre-covid
2018;03;Baleares;Champiñoneso setas;109.3;472.4;4.32;49.54;0.11;0.46;2018-03-01;Pre-covid;Pre-covid
2018;03;Baleares;Lechuga/esc /endivia;237.29;758.8;3.2;62.93;0.23;0.74;2018-03-01;Pre-covid;Pre-covid
2018;03;Baleares;Esparragos;15.02;86.31;5.75;7.03;0.01;0.08;2018-03-01;Pre-covid;Pre-covid
2018;03;Baleares;Verduras de hoja;74.58;222.45;2.98;23.08;0.07;0.22;2018-03-01;Pre-covid;Pre-covid
2018;03;Baleares;Berenjenas;169.77;279.56;1.65;44.54;0.16;0.27;2018-03-01;Pre-covid;Pre-covid
2018;03;Baleares;Zanahorias;339.44;289.15;0.85;54.03;0.33;0.28;2018-03-01;Pre-covid;Pre-covid
2018;03;Baleares;Calabacines;317.75;501.25;1.58;49.23;0.31;0.49;2018-03-01;Pre-covid;Pre-covid
2018;03;Baleares;Otr hortalizas/verd ;1437.06;3211.45;2.23;83.98;1.39;3.12;2018-03-01;Pre-covid;Pre-covid
2018;03;Baleares;Brocoli;152.76;251.77;1.65;30.38;0.15;0.24;2018-03-01;Pre-covid;Pre-covid
2018;03;Baleares;Alcachofas;428.0;642.82;1.5;53.05;0.42;0.62;2018-03-01;Pre-covid;Pre-covid
2018;03;Baleares;Verd /hort  iv gama;541.74;1787.28;3.3;68.71;0.53;1.73;2018-03-01;Pre-covid;Pre-covid
2018;03;Canarias;Patatas;5155.5;4898.74;0.95;77.57;2.36;2.24;2018-03-01;Pre-covid;Pre-covid
2018;03;Canarias;Patatas frescas;4183.69;3910.27;0.93;66.4;1.91;1.79;2018-03-01;Pre-covid;Pre-covid
2018;03;Canarias;Patatas congeladas;311.13;319.11;1.03;16.12;0.14;0.15;2018-03-01;Pre-covid;Pre-covid
2018;03;Canarias;Patatas procesadas;132.14;669.36;5.07;37.49;0.06;0.31;2018-03-01;Pre-covid;Pre-covid
2018;03;Canarias;Hortalizas frescas;10900.84;19963.16;1.83;97.72;4.99;9.13;2018-03-01;Pre-covid;Pre-covid
2018;03;Canarias;Omates;1877.49;3040.57;1.62;84.8;0.86;1.39;2018-03-01;Pre-covid;Pre-covid
2018;03;Canarias;Cebollas;1544.34;1637.43;1.06;77.18;0.71;0.75;2018-03-01;Pre-covid;Pre-covid
2018;03;Canarias;Ajos;122.77;490.22;3.99;40.2;0.06;0.22;2018-03-01;Pre-covid;Pre-covid
2018;03;Canarias;Coles;204.11;249.17;1.22;20.69;0.09;0.11;2018-03-01;Pre-covid;Pre-covid
2018;03;Canarias;Pepinos;317.29;464.29;1.46;30.35;0.15;0.21;2018-03-01;Pre-covid;Pre-covid
2018;03;Canarias;Judias verdes;364.14;588.92;1.62;21.41;0.17;0.27;2018-03-01;Pre-covid;Pre-covid
2018;03;Canarias;Pimientos;1161.19;2136.8;1.84;72.7;0.53;0.98;2018-03-01;Pre-covid;Pre-covid
2018;03;Canarias;Champiñoneso setas;301.28;975.03;3.24;41.13;0.14;0.45;2018-03-01;Pre-covid;Pre-covid
2018;03;Canarias;Lechuga/esc /endivia;322.59;1202.97;3.73;47.4;0.15;0.55;2018-03-01;Pre-covid;Pre-covid
2018;03;Canarias;Esparragos;39.39;123.15;3.13;4.76;0.02;0.06;2018-03-01;Pre-covid;Pre-covid
2018;03;Canarias;Verduras de hoja;107.11;348.18;3.25;23.18;0.05;0.16;2018-03-01;Pre-covid;Pre-covid
2018;03;Canarias;Berenjenas;145.85;266.28;1.83;15.26;0.07;0.12;2018-03-01;Pre-covid;Pre-covid
2018;03;Canarias;Zanahorias;930.65;854.48;0.92;67.09;0.43;0.39;2018-03-01;Pre-covid;Pre-covid
2018;03;Canarias;Calabacines;1198.7;1553.22;1.3;69.14;0.55;0.71;2018-03-01;Pre-covid;Pre-covid
2018;03;Canarias;Otr hortalizas/verd ;2263.95;6032.46;2.66;85.61;1.04;2.76;2018-03-01;Pre-covid;Pre-covid
2018;03;Canarias;Brocoli;109.25;266.81;2.44;11.86;0.05;0.12;2018-03-01;Pre-covid;Pre-covid
2018;03;Canarias;Alcachofas;37.24;105.76;2.84;2.51;0.02;0.05;2018-03-01;Pre-covid;Pre-covid
2018;03;Canarias;Verd /hort  iv gama;1825.89;4114.91;2.25;71.11;0.84;1.88;2018-03-01;Pre-covid;Pre-covid
2018;03;Cantabria;Patatas;1709.27;1372.77;0.8;80.63;3.07;2.47;2018-03-01;Pre-covid;Pre-covid
2018;03;Cantabria;Patatas frescas;1392.19;1056.52;0.76;57.78;2.5;1.9;2018-03-01;Pre-covid;Pre-covid
2018;03;Cantabria;Patatas congeladas;76.73;85.02;1.11;14.97;0.14;0.15;2018-03-01;Pre-covid;Pre-covid
2018;03;Cantabria;Patatas procesadas;48.07;231.23;4.81;37.39;0.09;0.42;2018-03-01;Pre-covid;Pre-covid
2018;03;Cantabria;Hortalizas frescas;1875.96;3166.49;1.69;95.39;3.37;5.69;2018-03-01;Pre-covid;Pre-covid
2018;03;Cantabria;Omates;317.1;562.06;1.77;62.66;0.57;1.01;2018-03-01;Pre-covid;Pre-covid
2018;03;Cantabria;Cebollas;297.07;303.12;1.02;65.43;0.53;0.54;2018-03-01;Pre-covid;Pre-covid
2018;03;Cantabria;Ajos;27.13;134.04;4.94;24.0;0.05;0.24;2018-03-01;Pre-covid;Pre-covid
2018;03;Cantabria;Coles;18.75;21.86;1.17;9.72;0.03;0.04;2018-03-01;Pre-covid;Pre-covid
2018;03;Cantabria;Pepinos;45.65;76.31;1.67;17.52;0.08;0.14;2018-03-01;Pre-covid;Pre-covid
2018;03;Cantabria;Judias verdes;45.58;131.59;2.89;20.58;0.08;0.24;2018-03-01;Pre-covid;Pre-covid
2018;03;Cantabria;Pimientos;208.5;404.08;1.94;68.78;0.37;0.73;2018-03-01;Pre-covid;Pre-covid
2018;03;Cantabria;Champiñoneso setas;44.24;131.24;2.97;24.84;0.08;0.24;2018-03-01;Pre-covid;Pre-covid
2018;03;Cantabria;Lechuga/esc /endivia;97.25;294.98;3.03;44.56;0.17;0.53;2018-03-01;Pre-covid;Pre-covid
2018;03;Cantabria;Esparragos;27.97;20.16;0.72;3.24;0.05;0.04;2018-03-01;Pre-covid;Pre-covid
2018;03;Cantabria;Verduras de hoja;24.3;56.06;2.31;16.59;0.04;0.1;2018-03-01;Pre-covid;Pre-covid
2018;03;Cantabria;Berenjenas;36.11;54.8;1.52;20.25;0.06;0.1;2018-03-01;Pre-covid;Pre-covid
2018;03;Cantabria;Zanahorias;202.95;160.0;0.79;61.41;0.36;0.29;2018-03-01;Pre-covid;Pre-covid
2018;03;Cantabria;Calabacines;138.58;185.46;1.34;48.76;0.25;0.33;2018-03-01;Pre-covid;Pre-covid
2018;03;Cantabria;Otr hortalizas/verd ;344.76;630.72;1.83;62.23;0.62;1.13;2018-03-01;Pre-covid;Pre-covid
2018;03;Cantabria;Brocoli;51.22;76.97;1.5;21.9;0.09;0.14;2018-03-01;Pre-covid;Pre-covid
2018;03;Cantabria;Alcachofas;46.18;72.82;1.58;16.77;0.08;0.13;2018-03-01;Pre-covid;Pre-covid
2018;03;Cantabria;Verd /hort  iv gama;203.67;544.09;2.67;50.7;0.37;0.98;2018-03-01;Pre-covid;Pre-covid
2018;03;Castilla la mancha;Patatas;4854.0;3837.29;0.79;79.26;2.31;1.83;2018-03-01;Pre-covid;Pre-covid
2018;03;Castilla la mancha;Patatas frescas;3380.82;2198.3;0.65;65.74;1.61;1.05;2018-03-01;Pre-covid;Pre-covid
2018;03;Castilla la mancha;Patatas congeladas;262.72;310.85;1.18;19.68;0.13;0.15;2018-03-01;Pre-covid;Pre-covid
2018;03;Castilla la mancha;Patatas procesadas;242.09;1328.13;5.49;51.57;0.12;0.63;2018-03-01;Pre-covid;Pre-covid
2018;03;Castilla la mancha;Hortalizas frescas;9127.26;15770.06;1.73;97.94;4.35;7.52;2018-03-01;Pre-covid;Pre-covid
2018;03;Castilla la mancha;Omates;2222.72;3369.84;1.52;78.84;1.06;1.61;2018-03-01;Pre-covid;Pre-covid
2018;03;Castilla la mancha;Cebollas;917.62;927.31;1.01;59.32;0.44;0.44;2018-03-01;Pre-covid;Pre-covid
2018;03;Castilla la mancha;Ajos;139.57;545.34;3.91;41.65;0.07;0.26;2018-03-01;Pre-covid;Pre-covid
2018;03;Castilla la mancha;Coles;218.07;230.78;1.06;15.95;0.1;0.11;2018-03-01;Pre-covid;Pre-covid
2018;03;Castilla la mancha;Pepinos;279.64;428.08;1.53;24.48;0.13;0.2;2018-03-01;Pre-covid;Pre-covid
2018;03;Castilla la mancha;Judias verdes;275.22;799.16;2.9;33.67;0.13;0.38;2018-03-01;Pre-covid;Pre-covid
2018;03;Castilla la mancha;Pimientos;743.85;1358.87;1.83;53.85;0.35;0.65;2018-03-01;Pre-covid;Pre-covid
2018;03;Castilla la mancha;Champiñoneso setas;445.84;1260.93;2.83;50.62;0.21;0.6;2018-03-01;Pre-covid;Pre-covid
2018;03;Castilla la mancha;Lechuga/esc /endivia;355.67;1035.29;2.91;56.86;0.17;0.49;2018-03-01;Pre-covid;Pre-covid
2018;03;Castilla la mancha;Esparragos;207.63;461.62;2.22;17.15;0.1;0.22;2018-03-01;Pre-covid;Pre-covid
2018;03;Castilla la mancha;Verduras de hoja;207.87;426.26;2.05;24.26;0.1;0.2;2018-03-01;Pre-covid;Pre-covid
2018;03;Castilla la mancha;Berenjenas;150.21;225.69;1.5;21.95;0.07;0.11;2018-03-01;Pre-covid;Pre-covid
2018;03;Castilla la mancha;Zanahorias;539.35;455.32;0.84;60.25;0.26;0.22;2018-03-01;Pre-covid;Pre-covid
2018;03;Castilla la mancha;Calabacines;721.03;994.48;1.38;58.7;0.34;0.47;2018-03-01;Pre-covid;Pre-covid
2018;03;Castilla la mancha;Otr hortalizas/verd ;1702.97;3251.09;1.91;77.51;0.81;1.55;2018-03-01;Pre-covid;Pre-covid
2018;03;Castilla la mancha;Brocoli;194.03;294.27;1.52;22.68;0.09;0.14;2018-03-01;Pre-covid;Pre-covid
2018;03;Castilla la mancha;Alcachofas;427.51;653.87;1.53;35.72;0.2;0.31;2018-03-01;Pre-covid;Pre-covid
2018;03;Castilla la mancha;Verd /hort  iv gama;1231.2;2649.31;2.15;70.23;0.59;1.26;2018-03-01;Pre-covid;Pre-covid
2018;03;Castilla leon;Patatas;4537.59;3442.91;0.76;70.68;1.85;1.41;2018-03-01;Pre-covid;Pre-covid
2018;03;Castilla leon;Patatas frescas;3442.49;2155.29;0.63;59.91;1.41;0.88;2018-03-01;Pre-covid;Pre-covid
2018;03;Castilla leon;Patatas congeladas;125.32;171.56;1.37;7.4;0.05;0.07;2018-03-01;Pre-covid;Pre-covid
2018;03;Castilla leon;Patatas procesadas;193.96;1116.06;5.75;36.23;0.08;0.46;2018-03-01;Pre-covid;Pre-covid
2018;03;Castilla leon;Hortalizas frescas;8873.43;15699.99;1.77;94.57;3.63;6.42;2018-03-01;Pre-covid;Pre-covid
2018;03;Castilla leon;Omates;1646.86;2561.66;1.56;74.56;0.67;1.05;2018-03-01;Pre-covid;Pre-covid
2018;03;Castilla leon;Cebollas;957.87;1081.91;1.13;57.14;0.39;0.44;2018-03-01;Pre-covid;Pre-covid
2018;03;Castilla leon;Ajos;114.41;446.77;3.9;30.61;0.05;0.18;2018-03-01;Pre-covid;Pre-covid
2018;03;Castilla leon;Coles;354.89;379.06;1.07;22.72;0.15;0.15;2018-03-01;Pre-covid;Pre-covid
2018;03;Castilla leon;Pepinos;174.53;282.04;1.62;16.93;0.07;0.12;2018-03-01;Pre-covid;Pre-covid
2018;03;Castilla leon;Judias verdes;222.73;660.4;2.97;19.26;0.09;0.27;2018-03-01;Pre-covid;Pre-covid
2018;03;Castilla leon;Pimientos;910.2;1755.0;1.93;69.68;0.37;0.72;2018-03-01;Pre-covid;Pre-covid
2018;03;Castilla leon;Champiñoneso setas;269.55;1017.82;3.78;32.66;0.11;0.42;2018-03-01;Pre-covid;Pre-covid
2018;03;Castilla leon;Lechuga/esc /endivia;639.77;1589.56;2.48;56.7;0.26;0.65;2018-03-01;Pre-covid;Pre-covid
2018;03;Castilla leon;Esparragos;63.79;146.26;2.29;5.63;0.03;0.06;2018-03-01;Pre-covid;Pre-covid
2018;03;Castilla leon;Verduras de hoja;160.5;438.98;2.74;24.7;0.07;0.18;2018-03-01;Pre-covid;Pre-covid
2018;03;Castilla leon;Berenjenas;157.01;231.75;1.48;19.39;0.06;0.09;2018-03-01;Pre-covid;Pre-covid
2018;03;Castilla leon;Zanahorias;686.71;560.06;0.82;54.97;0.28;0.23;2018-03-01;Pre-covid;Pre-covid
2018;03;Castilla leon;Calabacines;803.46;1054.7;1.31;47.44;0.33;0.43;2018-03-01;Pre-covid;Pre-covid
2018;03;Castilla leon;Otr hortalizas/verd ;1711.14;3494.03;2.04;74.52;0.7;1.43;2018-03-01;Pre-covid;Pre-covid
2018;03;Castilla leon;Brocoli;196.59;331.37;1.69;21.88;0.08;0.14;2018-03-01;Pre-covid;Pre-covid
2018;03;Castilla leon;Alcachofas;266.11;443.21;1.67;20.56;0.11;0.18;2018-03-01;Pre-covid;Pre-covid
2018;03;Castilla leon;Verd /hort  iv gama;1210.85;3006.33;2.48;58.66;0.49;1.23;2018-03-01;Pre-covid;Pre-covid
2018;03;Cataluña;Patatas;19622.32;17168.52;0.87;86.94;2.84;2.48;2018-03-01;Pre-covid;Pre-covid
2018;03;Cataluña;Patatas frescas;13038.2;9661.14;0.74;72.91;1.88;1.4;2018-03-01;Pre-covid;Pre-covid
2018;03;Cataluña;Patatas congeladas;712.51;1065.19;1.49;15.97;0.1;0.15;2018-03-01;Pre-covid;Pre-covid
2018;03;Cataluña;Patatas procesadas;1174.32;6442.19;5.49;58.34;0.17;0.93;2018-03-01;Pre-covid;Pre-covid
2018;03;Cataluña;Hortalizas frescas;44416.7;81759.89;1.84;97.76;6.42;11.82;2018-03-01;Pre-covid;Pre-covid
2018;03;Cataluña;Omates;8788.52;14996.5;1.71;84.62;1.27;2.17;2018-03-01;Pre-covid;Pre-covid
2018;03;Cataluña;Cebollas;5336.77;6083.16;1.14;75.54;0.77;0.88;2018-03-01;Pre-covid;Pre-covid
2018;03;Cataluña;Ajos;441.01;1871.06;4.24;38.63;0.06;0.27;2018-03-01;Pre-covid;Pre-covid
2018;03;Cataluña;Coles;1304.16;1480.37;1.14;27.45;0.19;0.21;2018-03-01;Pre-covid;Pre-covid
2018;03;Cataluña;Pepinos;1003.93;1568.76;1.56;25.06;0.15;0.23;2018-03-01;Pre-covid;Pre-covid
2018;03;Cataluña;Judias verdes;1493.92;5201.33;3.48;41.06;0.22;0.75;2018-03-01;Pre-covid;Pre-covid
2018;03;Cataluña;Pimientos;3121.43;5951.95;1.91;64.82;0.45;0.86;2018-03-01;Pre-covid;Pre-covid
2018;03;Cataluña;Champiñoneso setas;864.28;3417.23;3.95;36.83;0.12;0.49;2018-03-01;Pre-covid;Pre-covid
2018;03;Cataluña;Lechuga/esc /endivia;2548.61;7642.41;3.0;63.4;0.37;1.1;2018-03-01;Pre-covid;Pre-covid
2018;03;Cataluña;Esparragos;900.1;1424.63;1.58;13.82;0.13;0.21;2018-03-01;Pre-covid;Pre-covid
2018;03;Cataluña;Verduras de hoja;1118.57;2774.19;2.48;33.23;0.16;0.4;2018-03-01;Pre-covid;Pre-covid
2018;03;Cataluña;Berenjenas;1437.96;2477.93;1.72;43.08;0.21;0.36;2018-03-01;Pre-covid;Pre-covid
2018;03;Cataluña;Zanahorias;2085.12;1979.86;0.95;52.58;0.3;0.29;2018-03-01;Pre-covid;Pre-covid
2018;03;Cataluña;Calabacines;2582.45;3702.8;1.43;52.78;0.37;0.54;2018-03-01;Pre-covid;Pre-covid
2018;03;Cataluña;Otr hortalizas/verd ;11389.87;21187.72;1.86;85.49;1.65;3.06;2018-03-01;Pre-covid;Pre-covid
2018;03;Cataluña;Brocoli;1230.23;1635.9;1.33;28.72;0.18;0.24;2018-03-01;Pre-covid;Pre-covid
2018;03;Cataluña;Alcachofas;4166.89;6638.24;1.59;50.86;0.6;0.96;2018-03-01;Pre-covid;Pre-covid
2018;03;Cataluña;Verd /hort  iv gama;4659.84;12432.19;2.67;68.81;0.67;1.8;2018-03-01;Pre-covid;Pre-covid
2018;03;Extremadura;Patatas;2254.48;1825.84;0.81;81.14;1.91;1.55;2018-03-01;Pre-covid;Pre-covid
2018;03;Extremadura;Patatas frescas;1424.58;879.36;0.62;72.39;1.21;0.75;2018-03-01;Pre-covid;Pre-covid
2018;03;Extremadura;Patatas congeladas;109.43;150.32;1.37;12.95;0.09;0.13;2018-03-01;Pre-covid;Pre-covid
2018;03;Extremadura;Patatas procesadas;144.09;796.16;5.53;51.15;0.12;0.68;2018-03-01;Pre-covid;Pre-covid
2018;03;Extremadura;Hortalizas frescas;4532.87;8213.68;1.81;98.83;3.84;6.97;2018-03-01;Pre-covid;Pre-covid
2018;03;Extremadura;Omates;1049.03;1607.08;1.53;82.96;0.89;1.36;2018-03-01;Pre-covid;Pre-covid
2018;03;Extremadura;Cebollas;564.27;629.73;1.12;71.06;0.48;0.53;2018-03-01;Pre-covid;Pre-covid
2018;03;Extremadura;Ajos;92.04;354.72;3.85;61.61;0.08;0.3;2018-03-01;Pre-covid;Pre-covid
2018;03;Extremadura;Coles;135.42;154.78;1.14;18.21;0.11;0.13;2018-03-01;Pre-covid;Pre-covid
2018;03;Extremadura;Pepinos;88.63;126.22;1.42;19.33;0.08;0.11;2018-03-01;Pre-covid;Pre-covid
2018;03;Extremadura;Judias verdes;113.96;362.95;3.18;18.31;0.1;0.31;2018-03-01;Pre-covid;Pre-covid
2018;03;Extremadura;Pimientos;351.7;638.62;1.82;63.16;0.3;0.54;2018-03-01;Pre-covid;Pre-covid
2018;03;Extremadura;Champiñoneso setas;76.57;319.79;4.18;27.09;0.06;0.27;2018-03-01;Pre-covid;Pre-covid
2018;03;Extremadura;Lechuga/esc /endivia;193.12;704.97;3.65;51.72;0.16;0.6;2018-03-01;Pre-covid;Pre-covid
2018;03;Extremadura;Esparragos;28.56;79.39;2.78;11.15;0.02;0.07;2018-03-01;Pre-covid;Pre-covid
2018;03;Extremadura;Verduras de hoja;189.52;399.63;2.11;32.48;0.16;0.34;2018-03-01;Pre-covid;Pre-covid
2018;03;Extremadura;Berenjenas;94.83;140.63;1.48;26.53;0.08;0.12;2018-03-01;Pre-covid;Pre-covid
2018;03;Extremadura;Zanahorias;325.43;271.35;0.83;54.68;0.28;0.23;2018-03-01;Pre-covid;Pre-covid
2018;03;Extremadura;Calabacines;302.24;399.94;1.32;40.83;0.26;0.34;2018-03-01;Pre-covid;Pre-covid
2018;03;Extremadura;Otr hortalizas/verd ;927.56;2023.85;2.18;81.87;0.79;1.72;2018-03-01;Pre-covid;Pre-covid
2018;03;Extremadura;Brocoli;202.2;477.69;2.36;25.9;0.17;0.41;2018-03-01;Pre-covid;Pre-covid
2018;03;Extremadura;Alcachofas;180.85;304.83;1.69;24.86;0.15;0.26;2018-03-01;Pre-covid;Pre-covid
2018;03;Extremadura;Verd /hort  iv gama;424.56;1330.14;3.13;70.5;0.36;1.13;2018-03-01;Pre-covid;Pre-covid
2018;03;Galicia;Patatas;7697.81;6268.65;0.81;66.06;2.78;2.26;2018-03-01;Pre-covid;Pre-covid
2018;03;Galicia;Patatas frescas;6259.54;4672.12;0.75;54.06;2.26;1.69;2018-03-01;Pre-covid;Pre-covid
2018;03;Galicia;Patatas congeladas;207.57;246.83;1.19;7.78;0.07;0.09;2018-03-01;Pre-covid;Pre-covid
2018;03;Galicia;Patatas procesadas;246.14;1349.7;5.48;36.7;0.09;0.49;2018-03-01;Pre-covid;Pre-covid
2018;03;Galicia;Hortalizas frescas;10969.35;20018.13;1.82;96.03;3.96;7.23;2018-03-01;Pre-covid;Pre-covid
2018;03;Galicia;Omates;1969.52;3159.8;1.6;76.87;0.71;1.14;2018-03-01;Pre-covid;Pre-covid
2018;03;Galicia;Cebollas;1387.08;1597.48;1.15;63.62;0.5;0.58;2018-03-01;Pre-covid;Pre-covid
2018;03;Galicia;Ajos;169.84;750.28;4.42;41.53;0.06;0.27;2018-03-01;Pre-covid;Pre-covid
2018;03;Galicia;Coles;735.61;727.01;0.99;33.33;0.27;0.26;2018-03-01;Pre-covid;Pre-covid
2018;03;Galicia;Pepinos;145.4;208.84;1.44;9.65;0.05;0.08;2018-03-01;Pre-covid;Pre-covid
2018;03;Galicia;Judias verdes;280.34;895.42;3.19;25.51;0.1;0.32;2018-03-01;Pre-covid;Pre-covid
2018;03;Galicia;Pimientos;810.24;1632.94;2.02;55.17;0.29;0.59;2018-03-01;Pre-covid;Pre-covid
2018;03;Galicia;Champiñoneso setas;245.95;965.13;3.92;29.98;0.09;0.35;2018-03-01;Pre-covid;Pre-covid
2018;03;Galicia;Lechuga/esc /endivia;794.32;1815.52;2.29;56.81;0.29;0.66;2018-03-01;Pre-covid;Pre-covid
2018;03;Galicia;Esparragos;41.69;223.78;5.37;7.72;0.02;0.08;2018-03-01;Pre-covid;Pre-covid
2018;03;Galicia;Verduras de hoja;308.15;687.79;2.23;20.11;0.11;0.25;2018-03-01;Pre-covid;Pre-covid
2018;03;Galicia;Berenjenas;149.76;221.79;1.48;12.21;0.05;0.08;2018-03-01;Pre-covid;Pre-covid
2018;03;Galicia;Zanahorias;950.49;818.99;0.86;64.37;0.34;0.3;2018-03-01;Pre-covid;Pre-covid
2018;03;Galicia;Calabacines;650.81;863.09;1.33;37.64;0.23;0.31;2018-03-01;Pre-covid;Pre-covid
2018;03;Galicia;Otr hortalizas/verd ;2330.16;5450.27;2.34;74.32;0.84;1.97;2018-03-01;Pre-covid;Pre-covid
2018;03;Galicia;Brocoli;535.48;1210.15;2.26;26.03;0.19;0.44;2018-03-01;Pre-covid;Pre-covid
2018;03;Galicia;Alcachofas;185.84;309.07;1.66;15.16;0.07;0.11;2018-03-01;Pre-covid;Pre-covid
2018;03;Galicia;Verd /hort  iv gama;994.16;2613.5;2.63;56.46;0.36;0.94;2018-03-01;Pre-covid;Pre-covid
2018;03;La rioja;Patatas;477.12;391.34;0.82;61.7;1.51;1.24;2018-03-01;Pre-covid;Pre-covid
2018;03;La rioja;Patatas frescas;388.13;281.0;0.72;51.99;1.23;0.89;2018-03-01;Pre-covid;Pre-covid
2018;03;La rioja;Patatas congeladas;6.59;7.79;1.18;3.74;0.02;0.02;2018-03-01;Pre-covid;Pre-covid
2018;03;La rioja;Patatas procesadas;16.48;102.55;6.22;28.88;0.05;0.32;2018-03-01;Pre-covid;Pre-covid
2018;03;La rioja;Hortalizas frescas;1333.78;2610.99;1.96;92.88;4.21;8.25;2018-03-01;Pre-covid;Pre-covid
2018;03;La rioja;Omates;202.26;317.54;1.57;48.82;0.64;1.0;2018-03-01;Pre-covid;Pre-covid
2018;03;La rioja;Cebollas;159.73;198.92;1.25;56.29;0.5;0.63;2018-03-01;Pre-covid;Pre-covid
2018;03;La rioja;Ajos;20.06;78.72;3.92;34.95;0.06;0.25;2018-03-01;Pre-covid;Pre-covid
2018;03;La rioja;Coles;17.17;27.87;1.62;13.19;0.05;0.09;2018-03-01;Pre-covid;Pre-covid
2018;03;La rioja;Pepinos;10.44;19.28;1.85;15.17;0.03;0.06;2018-03-01;Pre-covid;Pre-covid
2018;03;La rioja;Judias verdes;63.24;205.5;3.25;21.68;0.2;0.65;2018-03-01;Pre-covid;Pre-covid
2018;03;La rioja;Pimientos;125.45;238.98;1.9;58.37;0.4;0.76;2018-03-01;Pre-covid;Pre-covid
2018;03;La rioja;Champiñoneso setas;22.87;101.03;4.42;35.09;0.07;0.32;2018-03-01;Pre-covid;Pre-covid
2018;03;La rioja;Lechuga/esc /endivia;126.0;319.85;2.54;67.73;0.4;1.01;2018-03-01;Pre-covid;Pre-covid
2018;03;La rioja;Esparragos;11.01;74.74;6.79;7.67;0.03;0.24;2018-03-01;Pre-covid;Pre-covid
2018;03;La rioja;Verduras de hoja;56.61;93.88;1.66;31.84;0.18;0.3;2018-03-01;Pre-covid;Pre-covid
2018;03;La rioja;Berenjenas;8.4;12.36;1.47;10.42;0.03;0.04;2018-03-01;Pre-covid;Pre-covid
2018;03;La rioja;Zanahorias;78.95;55.68;0.71;36.99;0.25;0.18;2018-03-01;Pre-covid;Pre-covid
2018;03;La rioja;Calabacines;82.1;121.45;1.48;52.45;0.26;0.38;2018-03-01;Pre-covid;Pre-covid
2018;03;La rioja;Otr hortalizas/verd ;349.49;745.18;2.13;70.78;1.1;2.35;2018-03-01;Pre-covid;Pre-covid
2018;03;La rioja;Brocoli;44.41;47.73;1.07;21.05;0.14;0.15;2018-03-01;Pre-covid;Pre-covid
2018;03;La rioja;Alcachofas;72.0;138.7;1.93;27.45;0.23;0.44;2018-03-01;Pre-covid;Pre-covid
2018;03;La rioja;Verd /hort  iv gama;129.74;368.17;2.84;43.35;0.41;1.16;2018-03-01;Pre-covid;Pre-covid
2018;03;Madrid;Patatas;13602.88;10504.45;0.77;80.87;2.19;1.69;2018-03-01;Pre-covid;Pre-covid
2018;03;Madrid;Patatas frescas;9283.62;6113.39;0.66;71.66;1.49;0.98;2018-03-01;Pre-covid;Pre-covid
2018;03;Madrid;Patatas congeladas;520.09;657.38;1.26;11.03;0.08;0.11;2018-03-01;Pre-covid;Pre-covid
2018;03;Madrid;Patatas procesadas;759.83;3733.68;4.91;45.2;0.12;0.6;2018-03-01;Pre-covid;Pre-covid
2018;03;Madrid;Hortalizas frescas;27933.45;50880.99;1.82;96.4;4.49;8.18;2018-03-01;Pre-covid;Pre-covid
2018;03;Madrid;Omates;5822.66;9628.92;1.65;79.41;0.94;1.55;2018-03-01;Pre-covid;Pre-covid
2018;03;Madrid;Cebollas;3434.71;3648.07;1.06;72.26;0.55;0.59;2018-03-01;Pre-covid;Pre-covid
2018;03;Madrid;Ajos;367.42;1482.07;4.03;36.73;0.06;0.24;2018-03-01;Pre-covid;Pre-covid
2018;03;Madrid;Coles;800.04;952.57;1.19;26.96;0.13;0.15;2018-03-01;Pre-covid;Pre-covid
2018;03;Madrid;Pepinos;535.36;839.89;1.57;20.22;0.09;0.13;2018-03-01;Pre-covid;Pre-covid
2018;03;Madrid;Judias verdes;1175.75;2976.77;2.53;36.73;0.19;0.48;2018-03-01;Pre-covid;Pre-covid
2018;03;Madrid;Pimientos;2345.34;4438.03;1.89;62.86;0.38;0.71;2018-03-01;Pre-covid;Pre-covid
2018;03;Madrid;Champiñoneso setas;618.44;2501.27;4.04;34.41;0.1;0.4;2018-03-01;Pre-covid;Pre-covid
2018;03;Madrid;Lechuga/esc /endivia;1235.28;3995.2;3.23;55.94;0.2;0.64;2018-03-01;Pre-covid;Pre-covid
2018;03;Madrid;Esparragos;598.7;1142.12;1.91;14.43;0.1;0.18;2018-03-01;Pre-covid;Pre-covid
2018;03;Madrid;Verduras de hoja;819.92;1996.52;2.44;35.29;0.13;0.32;2018-03-01;Pre-covid;Pre-covid
2018;03;Madrid;Berenjenas;627.16;874.18;1.39;25.36;0.1;0.14;2018-03-01;Pre-covid;Pre-covid
2018;03;Madrid;Zanahorias;1755.81;1655.82;0.94;60.28;0.28;0.27;2018-03-01;Pre-covid;Pre-covid
2018;03;Madrid;Calabacines;2233.84;3177.27;1.42;55.66;0.36;0.51;2018-03-01;Pre-covid;Pre-covid
2018;03;Madrid;Otr hortalizas/verd ;5563.03;11572.3;2.08;81.67;0.89;1.86;2018-03-01;Pre-covid;Pre-covid
2018;03;Madrid;Brocoli;666.86;998.34;1.5;22.21;0.11;0.16;2018-03-01;Pre-covid;Pre-covid
2018;03;Madrid;Alcachofas;1211.97;1936.05;1.6;26.65;0.19;0.31;2018-03-01;Pre-covid;Pre-covid
2018;03;Madrid;Verd /hort  iv gama;3332.53;9498.74;2.85;70.64;0.54;1.53;2018-03-01;Pre-covid;Pre-covid
2018;03;Murcia;Patatas;4291.27;3590.08;0.84;91.58;3.01;2.52;2018-03-01;Pre-covid;Pre-covid
2018;03;Murcia;Patatas frescas;3206.88;2342.92;0.73;73.46;2.25;1.65;2018-03-01;Pre-covid;Pre-covid
2018;03;Murcia;Patatas congeladas;189.85;236.31;1.24;18.29;0.13;0.17;2018-03-01;Pre-covid;Pre-covid
2018;03;Murcia;Patatas procesadas;178.91;1010.85;5.65;59.22;0.13;0.71;2018-03-01;Pre-covid;Pre-covid
2018;03;Murcia;Hortalizas frescas;7417.73;13159.54;1.77;97.36;5.21;9.24;2018-03-01;Pre-covid;Pre-covid
2018;03;Murcia;Omates;1553.46;2558.47;1.65;77.82;1.09;1.8;2018-03-01;Pre-covid;Pre-covid
2018;03;Murcia;Cebollas;927.76;933.0;1.01;75.1;0.65;0.66;2018-03-01;Pre-covid;Pre-covid
2018;03;Murcia;Ajos;97.6;378.08;3.87;42.78;0.07;0.27;2018-03-01;Pre-covid;Pre-covid
2018;03;Murcia;Coles;120.17;136.58;1.14;21.33;0.08;0.1;2018-03-01;Pre-covid;Pre-covid
2018;03;Murcia;Pepinos;192.84;279.69;1.45;24.21;0.14;0.2;2018-03-01;Pre-covid;Pre-covid
2018;03;Murcia;Judias verdes;199.9;620.0;3.1;30.29;0.14;0.44;2018-03-01;Pre-covid;Pre-covid
2018;03;Murcia;Pimientos;547.01;941.94;1.72;64.01;0.38;0.66;2018-03-01;Pre-covid;Pre-covid
2018;03;Murcia;Champiñoneso setas;269.23;746.67;2.77;41.59;0.19;0.52;2018-03-01;Pre-covid;Pre-covid
2018;03;Murcia;Lechuga/esc /endivia;480.38;1319.16;2.75;58.92;0.34;0.93;2018-03-01;Pre-covid;Pre-covid
2018;03;Murcia;Esparragos;68.63;275.35;4.01;12.33;0.05;0.19;2018-03-01;Pre-covid;Pre-covid
2018;03;Murcia;Verduras de hoja;156.68;338.48;2.16;26.35;0.11;0.24;2018-03-01;Pre-covid;Pre-covid
2018;03;Murcia;Berenjenas;237.36;362.01;1.53;35.17;0.17;0.25;2018-03-01;Pre-covid;Pre-covid
2018;03;Murcia;Zanahorias;339.33;301.59;0.89;54.98;0.24;0.21;2018-03-01;Pre-covid;Pre-covid
2018;03;Murcia;Calabacines;478.31;676.61;1.41;56.34;0.34;0.48;2018-03-01;Pre-covid;Pre-covid
2018;03;Murcia;Otr hortalizas/verd ;1749.08;3291.9;1.88;81.57;1.23;2.31;2018-03-01;Pre-covid;Pre-covid
2018;03;Murcia;Brocoli;139.66;175.89;1.26;15.29;0.1;0.12;2018-03-01;Pre-covid;Pre-covid
2018;03;Murcia;Alcachofas;400.21;619.39;1.55;30.81;0.28;0.43;2018-03-01;Pre-covid;Pre-covid
2018;03;Murcia;Verd /hort  iv gama;820.53;1980.04;2.41;66.11;0.58;1.39;2018-03-01;Pre-covid;Pre-covid
2018;03;Navarra;Patatas;1524.14;1022.87;0.67;75.84;2.57;1.73;2018-03-01;Pre-covid;Pre-covid
2018;03;Navarra;Patatas frescas;1054.07;662.79;0.63;61.58;1.78;1.12;2018-03-01;Pre-covid;Pre-covid
2018;03;Navarra;Patatas congeladas;11.07;15.73;1.42;2.28;0.02;0.03;2018-03-01;Pre-covid;Pre-covid
2018;03;Navarra;Patatas procesadas;91.8;344.36;3.75;39.4;0.15;0.58;2018-03-01;Pre-covid;Pre-covid
2018;03;Navarra;Hortalizas frescas;2829.48;5536.68;1.96;96.9;4.78;9.35;2018-03-01;Pre-covid;Pre-covid
2018;03;Navarra;Omates;293.48;512.14;1.75;61.3;0.5;0.86;2018-03-01;Pre-covid;Pre-covid
2018;03;Navarra;Cebollas;380.2;419.81;1.1;62.91;0.64;0.71;2018-03-01;Pre-covid;Pre-covid
2018;03;Navarra;Ajos;30.03;152.18;5.07;42.03;0.05;0.26;2018-03-01;Pre-covid;Pre-covid
2018;03;Navarra;Coles;133.12;119.63;0.9;20.07;0.22;0.2;2018-03-01;Pre-covid;Pre-covid
2018;03;Navarra;Pepinos;50.06;73.26;1.46;22.47;0.08;0.12;2018-03-01;Pre-covid;Pre-covid
2018;03;Navarra;Judias verdes;103.77;305.92;2.95;41.28;0.18;0.52;2018-03-01;Pre-covid;Pre-covid
2018;03;Navarra;Pimientos;169.1;356.29;2.11;71.97;0.29;0.6;2018-03-01;Pre-covid;Pre-covid
2018;03;Navarra;Champiñoneso setas;66.23;279.25;4.22;41.23;0.11;0.47;2018-03-01;Pre-covid;Pre-covid
2018;03;Navarra;Lechuga/esc /endivia;291.58;769.37;2.64;74.42;0.49;1.3;2018-03-01;Pre-covid;Pre-covid
2018;03;Navarra;Esparragos;8.45;43.38;5.13;9.64;0.01;0.07;2018-03-01;Pre-covid;Pre-covid
2018;03;Navarra;Verduras de hoja;96.88;171.06;1.77;25.53;0.16;0.29;2018-03-01;Pre-covid;Pre-covid
2018;03;Navarra;Berenjenas;57.35;128.72;2.24;31.73;0.1;0.22;2018-03-01;Pre-covid;Pre-covid
2018;03;Navarra;Zanahorias;159.55;144.53;0.91;52.07;0.27;0.24;2018-03-01;Pre-covid;Pre-covid
2018;03;Navarra;Calabacines;215.69;317.01;1.47;61.27;0.36;0.54;2018-03-01;Pre-covid;Pre-covid
2018;03;Navarra;Otr hortalizas/verd ;773.99;1744.14;2.25;80.55;1.31;2.94;2018-03-01;Pre-covid;Pre-covid
2018;03;Navarra;Brocoli;75.26;93.1;1.24;18.13;0.13;0.16;2018-03-01;Pre-covid;Pre-covid
2018;03;Navarra;Alcachofas;155.82;247.13;1.59;25.22;0.26;0.42;2018-03-01;Pre-covid;Pre-covid
2018;03;Navarra;Verd /hort  iv gama;300.24;903.98;3.01;59.66;0.51;1.53;2018-03-01;Pre-covid;Pre-covid
2018;03;Pais vasco;Patatas;5096.2;4427.25;0.87;79.73;2.46;2.14;2018-03-01;Pre-covid;Pre-covid
2018;03;Pais vasco;Patatas frescas;3848.69;2846.32;0.74;64.53;1.86;1.37;2018-03-01;Pre-covid;Pre-covid
2018;03;Pais vasco;Patatas congeladas;87.91;123.36;1.4;7.57;0.04;0.06;2018-03-01;Pre-covid;Pre-covid
2018;03;Pais vasco;Patatas procesadas;231.92;1457.58;6.28;45.71;0.11;0.7;2018-03-01;Pre-covid;Pre-covid
2018;03;Pais vasco;Hortalizas frescas;10433.0;20470.56;1.96;95.65;5.04;9.89;2018-03-01;Pre-covid;Pre-covid
2018;03;Pais vasco;Omates;1653.68;3012.39;1.82;72.88;0.8;1.46;2018-03-01;Pre-covid;Pre-covid
2018;03;Pais vasco;Cebollas;1541.39;1909.39;1.24;80.11;0.74;0.92;2018-03-01;Pre-covid;Pre-covid
2018;03;Pais vasco;Ajos;123.08;671.77;5.46;42.81;0.06;0.32;2018-03-01;Pre-covid;Pre-covid
2018;03;Pais vasco;Coles;290.79;362.1;1.25;25.33;0.14;0.17;2018-03-01;Pre-covid;Pre-covid
2018;03;Pais vasco;Pepinos;108.18;185.95;1.72;13.93;0.05;0.09;2018-03-01;Pre-covid;Pre-covid
2018;03;Pais vasco;Judias verdes;421.59;1172.46;2.78;30.69;0.2;0.57;2018-03-01;Pre-covid;Pre-covid
2018;03;Pais vasco;Pimientos;1022.92;2065.29;2.02;66.74;0.49;1.0;2018-03-01;Pre-covid;Pre-covid
2018;03;Pais vasco;Champiñoneso setas;326.43;1326.54;4.06;53.39;0.16;0.64;2018-03-01;Pre-covid;Pre-covid
2018;03;Pais vasco;Lechuga/esc /endivia;802.16;2221.74;2.77;66.98;0.39;1.07;2018-03-01;Pre-covid;Pre-covid
2018;03;Pais vasco;Esparragos;95.62;266.56;2.79;9.5;0.05;0.13;2018-03-01;Pre-covid;Pre-covid
2018;03;Pais vasco;Verduras de hoja;236.7;618.56;2.61;29.59;0.11;0.3;2018-03-01;Pre-covid;Pre-covid
2018;03;Pais vasco;Berenjenas;195.02;316.28;1.62;24.4;0.09;0.15;2018-03-01;Pre-covid;Pre-covid
2018;03;Pais vasco;Zanahorias;704.39;603.13;0.86;56.98;0.34;0.29;2018-03-01;Pre-covid;Pre-covid
2018;03;Pais vasco;Calabacines;895.89;1301.92;1.45;56.03;0.43;0.63;2018-03-01;Pre-covid;Pre-covid
2018;03;Pais vasco;Otr hortalizas/verd ;2015.16;4436.5;2.2;79.81;0.97;2.14;2018-03-01;Pre-covid;Pre-covid
2018;03;Pais vasco;Brocoli;365.36;587.71;1.61;28.57;0.18;0.28;2018-03-01;Pre-covid;Pre-covid
2018;03;Pais vasco;Alcachofas;300.71;491.39;1.63;23.31;0.15;0.24;2018-03-01;Pre-covid;Pre-covid
2018;03;Pais vasco;Verd /hort  iv gama;1145.5;3181.05;2.78;68.01;0.55;1.54;2018-03-01;Pre-covid;Pre-covid
2018;03;Valencia;Patatas;11369.7;9384.16;0.83;82.61;2.4;1.98;2018-03-01;Pre-covid;Pre-covid
2018;03;Valencia;Patatas frescas;7628.28;5265.36;0.69;65.08;1.61;1.11;2018-03-01;Pre-covid;Pre-covid
2018;03;Valencia;Patatas congeladas;359.33;478.58;1.33;11.55;0.08;0.1;2018-03-01;Pre-covid;Pre-covid
2018;03;Valencia;Patatas procesadas;676.42;3640.22;5.38;59.18;0.14;0.77;2018-03-01;Pre-covid;Pre-covid
2018;03;Valencia;Hortalizas frescas;25737.24;46032.7;1.79;97.42;5.44;9.73;2018-03-01;Pre-covid;Pre-covid
2018;03;Valencia;Omates;4588.51;7224.62;1.57;75.55;0.97;1.53;2018-03-01;Pre-covid;Pre-covid
2018;03;Valencia;Cebollas;2995.51;3201.16;1.07;66.22;0.63;0.68;2018-03-01;Pre-covid;Pre-covid
2018;03;Valencia;Ajos;381.37;1491.55;3.91;33.7;0.08;0.32;2018-03-01;Pre-covid;Pre-covid
2018;03;Valencia;Coles;458.99;540.5;1.18;19.96;0.1;0.11;2018-03-01;Pre-covid;Pre-covid
2018;03;Valencia;Pepinos;738.23;1052.91;1.43;30.52;0.16;0.22;2018-03-01;Pre-covid;Pre-covid
2018;03;Valencia;Judias verdes;694.82;2244.31;3.23;38.83;0.15;0.47;2018-03-01;Pre-covid;Pre-covid
2018;03;Valencia;Pimientos;1990.88;3652.77;1.83;62.94;0.42;0.77;2018-03-01;Pre-covid;Pre-covid
2018;03;Valencia;Champiñoneso setas;730.51;2424.26;3.32;45.02;0.15;0.51;2018-03-01;Pre-covid;Pre-covid
2018;03;Valencia;Lechuga/esc /endivia;1471.31;4083.64;2.78;58.82;0.31;0.86;2018-03-01;Pre-covid;Pre-covid
2018;03;Valencia;Esparragos;243.9;1005.35;4.12;15.62;0.05;0.21;2018-03-01;Pre-covid;Pre-covid
2018;03;Valencia;Verduras de hoja;912.13;1996.89;2.19;35.77;0.19;0.42;2018-03-01;Pre-covid;Pre-covid
2018;03;Valencia;Berenjenas;876.65;1321.52;1.51;38.31;0.19;0.28;2018-03-01;Pre-covid;Pre-covid
2018;03;Valencia;Zanahorias;1353.97;1116.17;0.82;52.9;0.29;0.24;2018-03-01;Pre-covid;Pre-covid
2018;03;Valencia;Calabacines;1429.94;1947.63;1.36;51.11;0.3;0.41;2018-03-01;Pre-covid;Pre-covid
2018;03;Valencia;Otr hortalizas/verd ;6870.53;12729.41;1.85;87.34;1.45;2.69;2018-03-01;Pre-covid;Pre-covid
2018;03;Valencia;Brocoli;485.43;679.26;1.4;20.76;0.1;0.14;2018-03-01;Pre-covid;Pre-covid
2018;03;Valencia;Alcachofas;2446.0;3263.37;1.33;49.8;0.52;0.69;2018-03-01;Pre-covid;Pre-covid
2018;03;Valencia;Verd /hort  iv gama;2817.36;7750.49;2.75;71.63;0.6;1.64;2018-03-01;Pre-covid;Pre-covid
2018;03;Nacional;Frutas frescas;323953.56;515564.86;1.59;95.65;7.1;11.3;2018-03-01;Pre-covid;Pre-covid
2018;03;Nacional;Naranjas;97836.07;92153.76;0.94;61.18;2.14;2.02;2018-03-01;Pre-covid;Pre-covid
2018;03;Nacional;Mandarinas;26847.89;45930.9;1.71;49.23;0.59;1.01;2018-03-01;Pre-covid;Pre-covid
2018;03;Nacional;Limones;9016.69;13863.91;1.54;36.48;0.2;0.3;2018-03-01;Pre-covid;Pre-covid
2018;03;Nacional;Platanos;52610.8;78924.6;1.5;80.65;1.15;1.73;2018-03-01;Pre-covid;Pre-covid
2018;03;Nacional;Manzanas;44012.83;65063.12;1.48;67.94;0.96;1.43;2018-03-01;Pre-covid;Pre-covid
2018;03;Nacional;Peras;23735.3;35569.06;1.5;52.37;0.52;0.78;2018-03-01;Pre-covid;Pre-covid
2018;03;Nacional;Melocotones;206.52;412.55;2.0;0.77;0.0;0.01;2018-03-01;Pre-covid;Pre-covid
2018;03;Nacional;Nectarinas;410.47;869.49;2.12;2.12;0.01;0.02;2018-03-01;Pre-covid;Pre-covid
2018;03;Nacional;Albaricoques;135.18;215.65;1.6;0.81;0.0;0.0;2018-03-01;Pre-covid;Pre-covid
2018;03;Nacional;Fresas/freson;24636.69;72994.2;2.96;62.58;0.54;1.6;2018-03-01;Pre-covid;Pre-covid
2018;03;Nacional;Melon;6721.64;10366.26;1.54;10.51;0.15;0.23;2018-03-01;Pre-covid;Pre-covid
2018;03;Nacional;Sandia;2002.88;3676.57;1.84;4.23;0.04;0.08;2018-03-01;Pre-covid;Pre-covid
2018;03;Nacional;Ciruelas;1396.01;4310.88;3.09;7.62;0.03;0.09;2018-03-01;Pre-covid;Pre-covid
2018;03;Nacional;Cerezas;176.27;559.05;3.17;1.05;0.0;0.01;2018-03-01;Pre-covid;Pre-covid
2018;03;Nacional;Uvas;2654.99;9755.88;3.67;12.43;0.06;0.21;2018-03-01;Pre-covid;Pre-covid
2018;03;Nacional;Kiwi;10792.71;29180.52;2.7;36.71;0.24;0.64;2018-03-01;Pre-covid;Pre-covid
2018;03;Nacional;Aguacate;4471.08;16051.25;3.59;24.01;0.1;0.35;2018-03-01;Pre-covid;Pre-covid
2018;03;Nacional;Piña;7434.82;11612.44;1.56;17.41;0.16;0.25;2018-03-01;Pre-covid;Pre-covid
2018;03;Nacional;Otras frutas frescas;8854.73;24054.77;2.72;27.86;0.19;0.53;2018-03-01;Pre-covid;Pre-covid
2018;03;Nacional;Pomelo;1539.83;2734.97;1.78;3.86;0.03;0.06;2018-03-01;Pre-covid;Pre-covid
2018;03;Nacional;Chirimoya;0.0;0.0;0.0;0.0;0.0;0.0;2018-03-01;Pre-covid;Pre-covid
2018;03;Nacional;Frutas iv gama;16980.36;29997.89;1.77;32.39;0.37;0.66;2018-03-01;Pre-covid;Pre-covid
2018;03;Andalucia;Frutas frescas;51799.84;80538.85;1.55;94.6;5.96;9.27;2018-03-01;Pre-covid;Pre-covid
2018;03;Andalucia;Naranjas;14820.42;13497.41;0.91;56.6;1.71;1.55;2018-03-01;Pre-covid;Pre-covid
2018;03;Andalucia;Mandarinas;4211.98;6899.2;1.64;43.83;0.48;0.79;2018-03-01;Pre-covid;Pre-covid
2018;03;Andalucia;Limones;1316.04;2005.51;1.52;29.78;0.15;0.23;2018-03-01;Pre-covid;Pre-covid
2018;03;Andalucia;Platanos;9409.23;13449.58;1.43;82.49;1.08;1.55;2018-03-01;Pre-covid;Pre-covid
2018;03;Andalucia;Manzanas;6958.18;10184.13;1.46;64.9;0.8;1.17;2018-03-01;Pre-covid;Pre-covid
2018;03;Andalucia;Peras;3761.47;5420.69;1.44;46.42;0.43;0.62;2018-03-01;Pre-covid;Pre-covid
2018;03;Andalucia;Melocotones;12.8;62.87;4.91;0.56;0.0;0.01;2018-03-01;Pre-covid;Pre-covid
2018;03;Andalucia;Nectarinas;67.96;166.75;2.45;1.46;0.01;0.02;2018-03-01;Pre-covid;Pre-covid
2018;03;Andalucia;Albaricoques;48.08;63.27;1.32;1.25;0.01;0.01;2018-03-01;Pre-covid;Pre-covid
2018;03;Andalucia;Fresas/freson;4342.11;12335.98;2.84;63.96;0.5;1.42;2018-03-01;Pre-covid;Pre-covid
2018;03;Andalucia;Melon;1223.5;1879.33;1.54;11.63;0.14;0.22;2018-03-01;Pre-covid;Pre-covid
2018;03;Andalucia;Sandia;353.05;648.46;1.84;4.1;0.04;0.07;2018-03-01;Pre-covid;Pre-covid
2018;03;Andalucia;Ciruelas;251.48;698.06;2.78;7.95;0.03;0.08;2018-03-01;Pre-covid;Pre-covid
2018;03;Andalucia;Cerezas;0.0;0.0;0.0;0.0;0.0;0.0;2018-03-01;Pre-covid;Pre-covid
2018;03;Andalucia;Uvas;512.55;1795.82;3.5;13.57;0.06;0.21;2018-03-01;Pre-covid;Pre-covid
2018;03;Andalucia;Kiwi;1412.13;3755.0;2.66;31.76;0.16;0.43;2018-03-01;Pre-covid;Pre-covid
2018;03;Andalucia;Aguacate;740.07;2423.65;3.27;24.73;0.09;0.28;2018-03-01;Pre-covid;Pre-covid
2018;03;Andalucia;Piña;919.35;1509.77;1.64;14.4;0.11;0.17;2018-03-01;Pre-covid;Pre-covid
2018;03;Andalucia;Otras frutas frescas;1439.41;3743.36;2.6;28.46;0.17;0.43;2018-03-01;Pre-covid;Pre-covid
2018;03;Andalucia;Pomelo;203.63;363.54;1.79;3.29;0.02;0.04;2018-03-01;Pre-covid;Pre-covid
2018;03;Andalucia;Chirimoya;0.0;0.0;0.0;0.0;0.0;0.0;2018-03-01;Pre-covid;Pre-covid
2018;03;Andalucia;Frutas iv gama;3142.76;5435.95;1.73;34.49;0.36;0.63;2018-03-01;Pre-covid;Pre-covid
2018;03;Aragon;Frutas frescas;9297.01;14668.82;1.58;96.37;7.08;11.17;2018-03-01;Pre-covid;Pre-covid
2018;03;Aragon;Naranjas;2796.46;2657.1;0.95;66.58;2.13;2.02;2018-03-01;Pre-covid;Pre-covid
2018;03;Aragon;Mandarinas;941.37;1614.98;1.72;50.62;0.72;1.23;2018-03-01;Pre-covid;Pre-covid
2018;03;Aragon;Limones;258.76;378.57;1.46;40.96;0.2;0.29;2018-03-01;Pre-covid;Pre-covid
2018;03;Aragon;Platanos;1365.17;2003.6;1.47;84.59;1.04;1.53;2018-03-01;Pre-covid;Pre-covid
2018;03;Aragon;Manzanas;1259.53;1798.51;1.43;66.57;0.96;1.37;2018-03-01;Pre-covid;Pre-covid
2018;03;Aragon;Peras;653.09;1011.35;1.55;50.9;0.5;0.77;2018-03-01;Pre-covid;Pre-covid
2018;03;Aragon;Melocotones;3.92;30.43;7.76;0.18;0.0;0.02;2018-03-01;Pre-covid;Pre-covid
2018;03;Aragon;Nectarinas;5.74;17.68;3.08;3.33;0.0;0.01;2018-03-01;Pre-covid;Pre-covid
2018;03;Aragon;Albaricoques;9.1;15.72;1.73;2.48;0.01;0.01;2018-03-01;Pre-covid;Pre-covid
2018;03;Aragon;Fresas/freson;618.56;1774.48;2.87;60.09;0.47;1.35;2018-03-01;Pre-covid;Pre-covid
2018;03;Aragon;Melon;168.64;288.15;1.71;12.34;0.13;0.22;2018-03-01;Pre-covid;Pre-covid
2018;03;Aragon;Sandia;82.79;174.95;2.11;6.78;0.06;0.13;2018-03-01;Pre-covid;Pre-covid
2018;03;Aragon;Ciruelas;34.6;100.54;2.91;9.52;0.03;0.08;2018-03-01;Pre-covid;Pre-covid
2018;03;Aragon;Cerezas;6.11;24.92;4.08;1.14;0.0;0.02;2018-03-01;Pre-covid;Pre-covid
2018;03;Aragon;Uvas;62.24;237.72;3.82;10.78;0.05;0.18;2018-03-01;Pre-covid;Pre-covid
2018;03;Aragon;Kiwi;426.02;1204.38;2.83;46.97;0.32;0.92;2018-03-01;Pre-covid;Pre-covid
2018;03;Aragon;Aguacate;129.19;496.36;3.84;26.07;0.1;0.38;2018-03-01;Pre-covid;Pre-covid
2018;03;Aragon;Piña;310.82;474.55;1.53;18.71;0.24;0.36;2018-03-01;Pre-covid;Pre-covid
2018;03;Aragon;Otras frutas frescas;164.9;364.81;2.21;25.71;0.13;0.28;2018-03-01;Pre-covid;Pre-covid
2018;03;Aragon;Pomelo;27.42;47.08;1.72;3.79;0.02;0.04;2018-03-01;Pre-covid;Pre-covid
2018;03;Aragon;Chirimoya;0.0;0.0;0.0;0.0;0.0;0.0;2018-03-01;Pre-covid;Pre-covid
2018;03;Aragon;Frutas iv gama;487.81;812.4;1.67;34.49;0.37;0.62;2018-03-01;Pre-covid;Pre-covid
2018;03;Asturias;Frutas frescas;8089.5;13880.37;1.72;95.62;7.46;12.8;2018-03-01;Pre-covid;Pre-covid
2018;03;Asturias;Naranjas;2023.88;2045.95;1.01;63.62;1.87;1.89;2018-03-01;Pre-covid;Pre-covid
2018;03;Asturias;Mandarinas;795.22;1392.99;1.75;61.49;0.73;1.28;2018-03-01;Pre-covid;Pre-covid
2018;03;Asturias;Limones;201.68;306.7;1.52;32.22;0.19;0.28;2018-03-01;Pre-covid;Pre-covid
2018;03;Asturias;Platanos;1484.9;2250.57;1.52;78.37;1.37;2.08;2018-03-01;Pre-covid;Pre-covid
2018;03;Asturias;Manzanas;1156.4;1790.42;1.55;65.91;1.07;1.65;2018-03-01;Pre-covid;Pre-covid
2018;03;Asturias;Peras;589.52;962.0;1.63;54.33;0.54;0.89;2018-03-01;Pre-covid;Pre-covid
2018;03;Asturias;Melocotones;13.99;10.32;0.74;1.09;0.01;0.01;2018-03-01;Pre-covid;Pre-covid
2018;03;Asturias;Nectarinas;18.28;42.99;2.35;4.02;0.02;0.04;2018-03-01;Pre-covid;Pre-covid
2018;03;Asturias;Albaricoques;0.0;0.0;0.0;0.0;0.0;0.0;2018-03-01;Pre-covid;Pre-covid
2018;03;Asturias;Fresas/freson;790.94;2340.83;2.96;70.25;0.73;2.16;2018-03-01;Pre-covid;Pre-covid
2018;03;Asturias;Melon;74.19;119.89;1.62;6.89;0.07;0.11;2018-03-01;Pre-covid;Pre-covid
2018;03;Asturias;Sandia;31.33;53.85;1.72;3.98;0.03;0.05;2018-03-01;Pre-covid;Pre-covid
2018;03;Asturias;Ciruelas;58.93;163.43;2.77;13.04;0.05;0.15;2018-03-01;Pre-covid;Pre-covid
2018;03;Asturias;Cerezas;0.0;0.0;0.0;0.0;0.0;0.0;2018-03-01;Pre-covid;Pre-covid
2018;03;Asturias;Uvas;59.05;213.17;3.61;14.18;0.05;0.2;2018-03-01;Pre-covid;Pre-covid
2018;03;Asturias;Kiwi;362.13;1009.96;2.79;45.79;0.33;0.93;2018-03-01;Pre-covid;Pre-covid
2018;03;Asturias;Aguacate;59.94;249.99;4.17;18.91;0.06;0.23;2018-03-01;Pre-covid;Pre-covid
2018;03;Asturias;Piña;138.01;200.05;1.45;19.74;0.13;0.18;2018-03-01;Pre-covid;Pre-covid
2018;03;Asturias;Otras frutas frescas;231.12;727.28;3.15;28.74;0.21;0.67;2018-03-01;Pre-covid;Pre-covid
2018;03;Asturias;Pomelo;77.96;130.31;1.67;5.12;0.07;0.12;2018-03-01;Pre-covid;Pre-covid
2018;03;Asturias;Chirimoya;0.0;0.0;0.0;0.0;0.0;0.0;2018-03-01;Pre-covid;Pre-covid
2018;03;Asturias;Frutas iv gama;369.08;664.61;1.8;35.05;0.34;0.61;2018-03-01;Pre-covid;Pre-covid
2018;03;Baleares;Frutas frescas;7535.42;13008.17;1.73;95.94;7.31;12.63;2018-03-01;Pre-covid;Pre-covid
2018;03;Baleares;Naranjas;2047.9;1885.5;0.92;52.03;1.99;1.83;2018-03-01;Pre-covid;Pre-covid
2018;03;Baleares;Mandarinas;329.43;585.12;1.78;40.7;0.32;0.57;2018-03-01;Pre-covid;Pre-covid
2018;03;Baleares;Limones;122.78;161.75;1.32;23.01;0.12;0.16;2018-03-01;Pre-covid;Pre-covid
2018;03;Baleares;Platanos;1501.09;2359.06;1.57;89.72;1.46;2.29;2018-03-01;Pre-covid;Pre-covid
2018;03;Baleares;Manzanas;1139.23;1684.9;1.48;76.25;1.11;1.64;2018-03-01;Pre-covid;Pre-covid
2018;03;Baleares;Peras;535.5;820.53;1.53;50.4;0.52;0.8;2018-03-01;Pre-covid;Pre-covid
2018;03;Baleares;Melocotones;2.92;10.79;3.7;1.35;0.0;0.01;2018-03-01;Pre-covid;Pre-covid
2018;03;Baleares;Nectarinas;0.0;0.0;0.0;0.0;0.0;0.0;2018-03-01;Pre-covid;Pre-covid
2018;03;Baleares;Albaricoques;0.0;0.0;0.0;0.0;0.0;0.0;2018-03-01;Pre-covid;Pre-covid
2018;03;Baleares;Fresas/freson;654.84;2074.88;3.17;59.03;0.64;2.01;2018-03-01;Pre-covid;Pre-covid
2018;03;Baleares;Melon;52.01;99.51;1.91;9.5;0.05;0.1;2018-03-01;Pre-covid;Pre-covid
2018;03;Baleares;Sandia;69.75;117.55;1.69;8.14;0.07;0.11;2018-03-01;Pre-covid;Pre-covid
2018;03;Baleares;Ciruelas;43.49;141.52;3.25;9.89;0.04;0.14;2018-03-01;Pre-covid;Pre-covid
2018;03;Baleares;Cerezas;4.57;7.03;1.54;1.2;0.0;0.01;2018-03-01;Pre-covid;Pre-covid
2018;03;Baleares;Uvas;136.31;614.04;4.5;19.36;0.13;0.6;2018-03-01;Pre-covid;Pre-covid
2018;03;Baleares;Kiwi;275.69;742.99;2.7;39.44;0.27;0.72;2018-03-01;Pre-covid;Pre-covid
2018;03;Baleares;Aguacate;204.51;808.86;3.96;40.76;0.2;0.79;2018-03-01;Pre-covid;Pre-covid
2018;03;Baleares;Piña;240.64;388.45;1.61;31.25;0.23;0.38;2018-03-01;Pre-covid;Pre-covid
2018;03;Baleares;Otras frutas frescas;174.77;505.69;2.89;29.87;0.17;0.49;2018-03-01;Pre-covid;Pre-covid
2018;03;Baleares;Pomelo;32.95;65.3;1.98;7.24;0.03;0.06;2018-03-01;Pre-covid;Pre-covid
2018;03;Baleares;Chirimoya;0.0;0.0;0.0;0.0;0.0;0.0;2018-03-01;Pre-covid;Pre-covid
2018;03;Baleares;Frutas iv gama;260.51;500.2;1.92;24.98;0.25;0.49;2018-03-01;Pre-covid;Pre-covid
2018;03;Canarias;Frutas frescas;15612.69;25998.64;1.67;96.33;7.14;11.89;2018-03-01;Pre-covid;Pre-covid
2018;03;Canarias;Naranjas;4459.83;4476.56;1.0;52.45;2.04;2.05;2018-03-01;Pre-covid;Pre-covid
2018;03;Canarias;Mandarinas;1105.49;1876.8;1.7;47.89;0.51;0.86;2018-03-01;Pre-covid;Pre-covid
2018;03;Canarias;Limones;525.45;750.38;1.43;38.4;0.24;0.34;2018-03-01;Pre-covid;Pre-covid
2018;03;Canarias;Platanos;2917.3;3682.69;1.26;75.27;1.33;1.68;2018-03-01;Pre-covid;Pre-covid
2018;03;Canarias;Manzanas;2311.71;3589.03;1.55;65.34;1.06;1.64;2018-03-01;Pre-covid;Pre-covid
2018;03;Canarias;Peras;1322.93;2203.25;1.67;51.93;0.61;1.01;2018-03-01;Pre-covid;Pre-covid
2018;03;Canarias;Melocotones;34.44;58.67;1.7;1.99;0.02;0.03;2018-03-01;Pre-covid;Pre-covid
2018;03;Canarias;Nectarinas;30.65;84.82;2.77;3.9;0.01;0.04;2018-03-01;Pre-covid;Pre-covid
2018;03;Canarias;Albaricoques;8.48;23.26;2.74;1.09;0.0;0.01;2018-03-01;Pre-covid;Pre-covid
2018;03;Canarias;Fresas/freson;562.67;2322.15;4.13;51.45;0.26;1.06;2018-03-01;Pre-covid;Pre-covid
2018;03;Canarias;Melon;143.81;309.95;2.16;7.39;0.07;0.14;2018-03-01;Pre-covid;Pre-covid
2018;03;Canarias;Sandia;32.78;72.89;2.22;1.48;0.01;0.03;2018-03-01;Pre-covid;Pre-covid
2018;03;Canarias;Ciruelas;24.14;63.52;2.63;4.02;0.01;0.03;2018-03-01;Pre-covid;Pre-covid
2018;03;Canarias;Cerezas;16.08;78.41;4.88;4.3;0.01;0.04;2018-03-01;Pre-covid;Pre-covid
2018;03;Canarias;Uvas;178.16;636.46;3.57;14.78;0.08;0.29;2018-03-01;Pre-covid;Pre-covid
2018;03;Canarias;Kiwi;502.01;1316.84;2.62;33.68;0.23;0.6;2018-03-01;Pre-covid;Pre-covid
2018;03;Canarias;Aguacate;478.93;2018.43;4.21;38.2;0.22;0.92;2018-03-01;Pre-covid;Pre-covid
2018;03;Canarias;Piña;28.47;84.67;2.97;1.55;0.01;0.04;2018-03-01;Pre-covid;Pre-covid
2018;03;Canarias;Otras frutas frescas;929.37;2349.84;2.53;40.62;0.43;1.07;2018-03-01;Pre-covid;Pre-covid
2018;03;Canarias;Pomelo;161.03;279.85;1.74;4.23;0.07;0.13;2018-03-01;Pre-covid;Pre-covid
2018;03;Canarias;Chirimoya;0.0;0.0;0.0;0.0;0.0;0.0;2018-03-01;Pre-covid;Pre-covid
2018;03;Canarias;Frutas iv gama;1028.97;1717.85;1.67;31.42;0.47;0.79;2018-03-01;Pre-covid;Pre-covid
2018;03;Cantabria;Frutas frescas;3991.16;6067.56;1.52;95.99;7.17;10.9;2018-03-01;Pre-covid;Pre-covid
2018;03;Cantabria;Naranjas;1306.24;1301.36;1.0;64.6;2.35;2.34;2018-03-01;Pre-covid;Pre-covid
2018;03;Cantabria;Mandarinas;240.55;370.8;1.54;50.19;0.43;0.67;2018-03-01;Pre-covid;Pre-covid
2018;03;Cantabria;Limones;106.49;165.45;1.55;41.75;0.19;0.3;2018-03-01;Pre-covid;Pre-covid
2018;03;Cantabria;Platanos;617.31;839.06;1.36;79.34;1.11;1.51;2018-03-01;Pre-covid;Pre-covid
2018;03;Cantabria;Manzanas;612.39;778.22;1.27;59.77;1.1;1.4;2018-03-01;Pre-covid;Pre-covid
2018;03;Cantabria;Peras;314.58;417.4;1.33;51.87;0.57;0.75;2018-03-01;Pre-covid;Pre-covid
2018;03;Cantabria;Melocotones;0.0;0.0;0.0;0.0;0.0;0.0;2018-03-01;Pre-covid;Pre-covid
2018;03;Cantabria;Nectarinas;0.0;0.0;0.0;0.0;0.0;0.0;2018-03-01;Pre-covid;Pre-covid
2018;03;Cantabria;Albaricoques;0.0;0.0;0.0;0.0;0.0;0.0;2018-03-01;Pre-covid;Pre-covid
2018;03;Cantabria;Fresas/freson;350.19;1064.15;3.04;65.03;0.63;1.91;2018-03-01;Pre-covid;Pre-covid
2018;03;Cantabria;Melon;22.19;33.35;1.5;3.47;0.04;0.06;2018-03-01;Pre-covid;Pre-covid
2018;03;Cantabria;Sandia;14.35;24.81;1.73;4.23;0.03;0.04;2018-03-01;Pre-covid;Pre-covid
2018;03;Cantabria;Ciruelas;4.34;14.72;3.39;4.71;0.01;0.03;2018-03-01;Pre-covid;Pre-covid
2018;03;Cantabria;Cerezas;0.0;0.0;0.0;0.0;0.0;0.0;2018-03-01;Pre-covid;Pre-covid
2018;03;Cantabria;Uvas;16.75;76.78;4.58;10.72;0.03;0.14;2018-03-01;Pre-covid;Pre-covid
2018;03;Cantabria;Kiwi;158.74;511.01;3.22;35.77;0.29;0.92;2018-03-01;Pre-covid;Pre-covid
2018;03;Cantabria;Aguacate;52.46;203.12;3.87;23.05;0.09;0.36;2018-03-01;Pre-covid;Pre-covid
2018;03;Cantabria;Piña;129.45;142.65;1.1;10.68;0.23;0.26;2018-03-01;Pre-covid;Pre-covid
2018;03;Cantabria;Otras frutas frescas;45.12;124.68;2.76;12.52;0.08;0.22;2018-03-01;Pre-covid;Pre-covid
2018;03;Cantabria;Pomelo;8.76;14.18;1.62;2.82;0.02;0.03;2018-03-01;Pre-covid;Pre-covid
2018;03;Cantabria;Chirimoya;0.0;0.0;0.0;0.0;0.0;0.0;2018-03-01;Pre-covid;Pre-covid
2018;03;Cantabria;Frutas iv gama;151.82;274.82;1.81;29.97;0.27;0.49;2018-03-01;Pre-covid;Pre-covid
2018;03;Castilla la mancha;Frutas frescas;14001.27;20928.38;1.49;97.14;6.67;9.98;2018-03-01;Pre-covid;Pre-covid
2018;03;Castilla la mancha;Naranjas;4681.52;3956.92;0.85;69.7;2.23;1.89;2018-03-01;Pre-covid;Pre-covid
2018;03;Castilla la mancha;Mandarinas;1069.06;1802.42;1.69;52.25;0.51;0.86;2018-03-01;Pre-covid;Pre-covid
2018;03;Castilla la mancha;Limones;409.38;587.82;1.44;47.98;0.2;0.28;2018-03-01;Pre-covid;Pre-covid
2018;03;Castilla la mancha;Platanos;2239.35;3441.14;1.54;78.66;1.07;1.64;2018-03-01;Pre-covid;Pre-covid
2018;03;Castilla la mancha;Manzanas;1741.75;2472.05;1.42;68.36;0.83;1.18;2018-03-01;Pre-covid;Pre-covid
2018;03;Castilla la mancha;Peras;1082.62;1563.95;1.44;58.66;0.52;0.75;2018-03-01;Pre-covid;Pre-covid
2018;03;Castilla la mancha;Melocotones;4.23;6.74;1.59;0.29;0.0;0.0;2018-03-01;Pre-covid;Pre-covid
2018;03;Castilla la mancha;Nectarinas;21.3;24.75;1.16;1.47;0.01;0.01;2018-03-01;Pre-covid;Pre-covid
2018;03;Castilla la mancha;Albaricoques;8.95;15.37;1.72;1.63;0.0;0.01;2018-03-01;Pre-covid;Pre-covid
2018;03;Castilla la mancha;Fresas/freson;1090.5;3243.54;2.97;63.94;0.52;1.55;2018-03-01;Pre-covid;Pre-covid
2018;03;Castilla la mancha;Melon;261.15;448.41;1.72;11.81;0.12;0.21;2018-03-01;Pre-covid;Pre-covid
2018;03;Castilla la mancha;Sandia;42.5;53.34;1.26;2.52;0.02;0.03;2018-03-01;Pre-covid;Pre-covid
2018;03;Castilla la mancha;Ciruelas;63.21;212.75;3.37;5.13;0.03;0.1;2018-03-01;Pre-covid;Pre-covid
2018;03;Castilla la mancha;Cerezas;0.0;0.0;0.0;0.0;0.0;0.0;2018-03-01;Pre-covid;Pre-covid
2018;03;Castilla la mancha;Uvas;108.63;283.82;2.61;10.01;0.05;0.14;2018-03-01;Pre-covid;Pre-covid
2018;03;Castilla la mancha;Kiwi;556.14;1381.98;2.48;40.1;0.27;0.66;2018-03-01;Pre-covid;Pre-covid
2018;03;Castilla la mancha;Aguacate;97.28;345.71;3.55;18.31;0.05;0.16;2018-03-01;Pre-covid;Pre-covid
2018;03;Castilla la mancha;Piña;238.28;383.98;1.61;12.82;0.11;0.18;2018-03-01;Pre-covid;Pre-covid
2018;03;Castilla la mancha;Otras frutas frescas;285.42;703.7;2.47;33.82;0.14;0.34;2018-03-01;Pre-covid;Pre-covid
2018;03;Castilla la mancha;Pomelo;25.81;36.44;1.41;3.41;0.01;0.02;2018-03-01;Pre-covid;Pre-covid
2018;03;Castilla la mancha;Chirimoya;0.0;0.0;0.0;0.0;0.0;0.0;2018-03-01;Pre-covid;Pre-covid
2018;03;Castilla la mancha;Frutas iv gama;628.67;1120.96;1.78;31.04;0.3;0.53;2018-03-01;Pre-covid;Pre-covid
2018;03;Castilla leon;Frutas frescas;19706.01;28465.86;1.44;95.54;8.06;11.64;2018-03-01;Pre-covid;Pre-covid
2018;03;Castilla leon;Naranjas;7093.25;6413.28;0.9;70.7;2.9;2.62;2018-03-01;Pre-covid;Pre-covid
2018;03;Castilla leon;Mandarinas;1491.34;2339.7;1.57;52.23;0.61;0.96;2018-03-01;Pre-covid;Pre-covid
2018;03;Castilla leon;Limones;562.45;845.89;1.5;38.4;0.23;0.35;2018-03-01;Pre-covid;Pre-covid
2018;03;Castilla leon;Platanos;2747.59;4005.09;1.46;80.02;1.12;1.64;2018-03-01;Pre-covid;Pre-covid
2018;03;Castilla leon;Manzanas;2488.93;3267.08;1.31;72.47;1.02;1.34;2018-03-01;Pre-covid;Pre-covid
2018;03;Castilla leon;Peras;1593.87;2189.06;1.37;60.09;0.65;0.89;2018-03-01;Pre-covid;Pre-covid
2018;03;Castilla leon;Melocotones;4.19;8.42;2.01;0.32;0.0;0.0;2018-03-01;Pre-covid;Pre-covid
2018;03;Castilla leon;Nectarinas;58.53;112.25;1.92;3.87;0.02;0.05;2018-03-01;Pre-covid;Pre-covid
2018;03;Castilla leon;Albaricoques;3.65;8.93;2.44;0.57;0.0;0.0;2018-03-01;Pre-covid;Pre-covid
2018;03;Castilla leon;Fresas/freson;1356.65;3804.13;2.8;61.21;0.55;1.55;2018-03-01;Pre-covid;Pre-covid
2018;03;Castilla leon;Melon;340.84;515.24;1.51;6.89;0.14;0.21;2018-03-01;Pre-covid;Pre-covid
2018;03;Castilla leon;Sandia;94.87;153.88;1.62;4.22;0.04;0.06;2018-03-01;Pre-covid;Pre-covid
2018;03;Castilla leon;Ciruelas;34.82;102.24;2.94;5.98;0.01;0.04;2018-03-01;Pre-covid;Pre-covid
2018;03;Castilla leon;Cerezas;6.16;11.06;1.8;0.67;0.0;0.0;2018-03-01;Pre-covid;Pre-covid
2018;03;Castilla leon;Uvas;117.67;421.11;3.58;8.15;0.05;0.17;2018-03-01;Pre-covid;Pre-covid
2018;03;Castilla leon;Kiwi;561.63;1528.63;2.72;38.45;0.23;0.62;2018-03-01;Pre-covid;Pre-covid
2018;03;Castilla leon;Aguacate;218.28;841.42;3.85;23.03;0.09;0.34;2018-03-01;Pre-covid;Pre-covid
2018;03;Castilla leon;Piña;438.96;573.68;1.31;18.64;0.18;0.23;2018-03-01;Pre-covid;Pre-covid
2018;03;Castilla leon;Otras frutas frescas;492.36;1324.75;2.69;28.06;0.2;0.54;2018-03-01;Pre-covid;Pre-covid
2018;03;Castilla leon;Pomelo;77.77;127.01;1.63;3.11;0.03;0.05;2018-03-01;Pre-covid;Pre-covid
2018;03;Castilla leon;Chirimoya;0.0;0.0;0.0;0.0;0.0;0.0;2018-03-01;Pre-covid;Pre-covid
2018;03;Castilla leon;Frutas iv gama;1208.64;1851.71;1.53;34.5;0.49;0.76;2018-03-01;Pre-covid;Pre-covid
2018;03;Cataluña;Frutas frescas;55803.64;93248.33;1.67;96.08;8.07;13.48;2018-03-01;Pre-covid;Pre-covid
2018;03;Cataluña;Naranjas;16688.55;17257.63;1.03;64.64;2.41;2.49;2018-03-01;Pre-covid;Pre-covid
2018;03;Cataluña;Mandarinas;5558.9;10064.39;1.81;56.59;0.8;1.45;2018-03-01;Pre-covid;Pre-covid
2018;03;Cataluña;Limones;1661.24;2644.73;1.59;41.33;0.24;0.38;2018-03-01;Pre-covid;Pre-covid
2018;03;Cataluña;Platanos;8382.26;13590.15;1.62;82.17;1.21;1.96;2018-03-01;Pre-covid;Pre-covid
2018;03;Cataluña;Manzanas;7203.14;10943.0;1.52;68.46;1.04;1.58;2018-03-01;Pre-covid;Pre-covid
2018;03;Cataluña;Peras;3812.09;5833.29;1.53;54.05;0.55;0.84;2018-03-01;Pre-covid;Pre-covid
2018;03;Cataluña;Melocotones;20.46;43.44;2.12;0.57;0.0;0.01;2018-03-01;Pre-covid;Pre-covid
2018;03;Cataluña;Nectarinas;44.66;98.06;2.2;1.49;0.01;0.01;2018-03-01;Pre-covid;Pre-covid
2018;03;Cataluña;Albaricoques;6.46;7.46;1.15;0.26;0.0;0.0;2018-03-01;Pre-covid;Pre-covid
2018;03;Cataluña;Fresas/freson;4058.81;12209.87;3.01;62.79;0.59;1.76;2018-03-01;Pre-covid;Pre-covid
2018;03;Cataluña;Melon;1643.14;2809.11;1.71;12.57;0.24;0.41;2018-03-01;Pre-covid;Pre-covid
2018;03;Cataluña;Sandia;544.02;1098.53;2.02;5.95;0.08;0.16;2018-03-01;Pre-covid;Pre-covid
2018;03;Cataluña;Ciruelas;298.52;1055.35;3.54;9.05;0.04;0.15;2018-03-01;Pre-covid;Pre-covid
2018;03;Cataluña;Cerezas;25.63;108.57;4.24;1.72;0.0;0.02;2018-03-01;Pre-covid;Pre-covid
2018;03;Cataluña;Uvas;484.36;1949.2;4.02;16.19;0.07;0.28;2018-03-01;Pre-covid;Pre-covid
2018;03;Cataluña;Kiwi;1569.08;4594.76;2.93;34.09;0.23;0.66;2018-03-01;Pre-covid;Pre-covid
2018;03;Cataluña;Aguacate;827.57;2653.83;3.21;23.65;0.12;0.38;2018-03-01;Pre-covid;Pre-covid
2018;03;Cataluña;Piña;1613.97;2664.88;1.65;23.67;0.23;0.39;2018-03-01;Pre-covid;Pre-covid
2018;03;Cataluña;Otras frutas frescas;1360.76;3622.09;2.66;27.66;0.2;0.52;2018-03-01;Pre-covid;Pre-covid
2018;03;Cataluña;Pomelo;200.97;343.43;1.71;3.47;0.03;0.05;2018-03-01;Pre-covid;Pre-covid
2018;03;Cataluña;Chirimoya;0.0;0.0;0.0;0.0;0.0;0.0;2018-03-01;Pre-covid;Pre-covid
2018;03;Cataluña;Frutas iv gama;3074.44;5716.99;1.86;33.78;0.44;0.83;2018-03-01;Pre-covid;Pre-covid
2018;03;Extremadura;Frutas frescas;8041.53;11221.09;1.4;96.18;6.82;9.52;2018-03-01;Pre-covid;Pre-covid
2018;03;Extremadura;Naranjas;3337.58;2902.23;0.87;67.68;2.83;2.46;2018-03-01;Pre-covid;Pre-covid
2018;03;Extremadura;Mandarinas;519.45;832.03;1.6;45.97;0.44;0.71;2018-03-01;Pre-covid;Pre-covid
2018;03;Extremadura;Limones;202.46;337.43;1.67;13.77;0.17;0.29;2018-03-01;Pre-covid;Pre-covid
2018;03;Extremadura;Platanos;1180.13;1653.28;1.4;86.55;1.0;1.4;2018-03-01;Pre-covid;Pre-covid
2018;03;Extremadura;Manzanas;1053.4;1341.76;1.27;69.12;0.89;1.14;2018-03-01;Pre-covid;Pre-covid
2018;03;Extremadura;Peras;609.04;915.65;1.5;61.82;0.52;0.78;2018-03-01;Pre-covid;Pre-covid
2018;03;Extremadura;Melocotones;3.56;17.73;4.98;1.72;0.0;0.02;2018-03-01;Pre-covid;Pre-covid
2018;03;Extremadura;Nectarinas;10.43;22.35;2.14;2.26;0.01;0.02;2018-03-01;Pre-covid;Pre-covid
2018;03;Extremadura;Albaricoques;6.25;9.19;1.47;0.75;0.01;0.01;2018-03-01;Pre-covid;Pre-covid
2018;03;Extremadura;Fresas/freson;473.5;1465.64;3.1;56.91;0.4;1.24;2018-03-01;Pre-covid;Pre-covid
2018;03;Extremadura;Melon;50.17;62.45;1.24;5.33;0.04;0.05;2018-03-01;Pre-covid;Pre-covid
2018;03;Extremadura;Sandia;8.95;14.33;1.6;1.27;0.01;0.01;2018-03-01;Pre-covid;Pre-covid
2018;03;Extremadura;Ciruelas;17.57;66.35;3.78;4.97;0.01;0.06;2018-03-01;Pre-covid;Pre-covid
2018;03;Extremadura;Cerezas;9.26;10.28;1.11;2.64;0.01;0.01;2018-03-01;Pre-covid;Pre-covid
2018;03;Extremadura;Uvas;35.77;172.43;4.82;12.76;0.03;0.15;2018-03-01;Pre-covid;Pre-covid
2018;03;Extremadura;Kiwi;218.02;697.51;3.2;34.57;0.18;0.59;2018-03-01;Pre-covid;Pre-covid
2018;03;Extremadura;Aguacate;54.81;160.0;2.92;21.31;0.05;0.14;2018-03-01;Pre-covid;Pre-covid
2018;03;Extremadura;Piña;131.32;231.43;1.76;13.36;0.11;0.2;2018-03-01;Pre-covid;Pre-covid
2018;03;Extremadura;Otras frutas frescas;119.85;309.02;2.58;19.49;0.1;0.26;2018-03-01;Pre-covid;Pre-covid
2018;03;Extremadura;Pomelo;26.54;44.99;1.7;2.59;0.02;0.04;2018-03-01;Pre-covid;Pre-covid
2018;03;Extremadura;Chirimoya;0.0;0.0;0.0;0.0;0.0;0.0;2018-03-01;Pre-covid;Pre-covid
2018;03;Extremadura;Frutas iv gama;397.78;553.79;1.39;28.62;0.34;0.47;2018-03-01;Pre-covid;Pre-covid
2018;03;Galicia;Frutas frescas;22853.01;36470.49;1.6;97.22;8.25;13.17;2018-03-01;Pre-covid;Pre-covid
2018;03;Galicia;Naranjas;7452.09;6860.69;0.92;70.56;2.69;2.48;2018-03-01;Pre-covid;Pre-covid
2018;03;Galicia;Mandarinas;1912.0;3446.2;1.8;57.89;0.69;1.24;2018-03-01;Pre-covid;Pre-covid
2018;03;Galicia;Limones;624.47;1013.19;1.62;35.06;0.23;0.37;2018-03-01;Pre-covid;Pre-covid
2018;03;Galicia;Platanos;3491.05;5440.1;1.56;82.51;1.26;1.96;2018-03-01;Pre-covid;Pre-covid
2018;03;Galicia;Manzanas;3301.29;4952.28;1.5;70.66;1.19;1.79;2018-03-01;Pre-covid;Pre-covid
2018;03;Galicia;Peras;1606.58;2456.34;1.53;55.45;0.58;0.89;2018-03-01;Pre-covid;Pre-covid
2018;03;Galicia;Melocotones;20.32;23.48;1.16;1.34;0.01;0.01;2018-03-01;Pre-covid;Pre-covid
2018;03;Galicia;Nectarinas;29.92;84.73;2.83;2.52;0.01;0.03;2018-03-01;Pre-covid;Pre-covid
2018;03;Galicia;Albaricoques;10.28;16.37;1.59;1.1;0.0;0.01;2018-03-01;Pre-covid;Pre-covid
2018;03;Galicia;Fresas/freson;1534.24;4726.18;3.08;67.94;0.55;1.71;2018-03-01;Pre-covid;Pre-covid
2018;03;Galicia;Melon;256.69;379.8;1.48;9.5;0.09;0.14;2018-03-01;Pre-covid;Pre-covid
2018;03;Galicia;Sandia;97.19;175.54;1.81;3.94;0.04;0.06;2018-03-01;Pre-covid;Pre-covid
2018;03;Galicia;Ciruelas;144.34;437.75;3.03;9.82;0.05;0.16;2018-03-01;Pre-covid;Pre-covid
2018;03;Galicia;Cerezas;4.11;17.38;4.23;0.45;0.0;0.01;2018-03-01;Pre-covid;Pre-covid
2018;03;Galicia;Uvas;249.96;875.99;3.5;14.15;0.09;0.32;2018-03-01;Pre-covid;Pre-covid
2018;03;Galicia;Kiwi;925.17;2400.74;2.59;42.86;0.33;0.87;2018-03-01;Pre-covid;Pre-covid
2018;03;Galicia;Aguacate;224.85;742.52;3.3;18.47;0.08;0.27;2018-03-01;Pre-covid;Pre-covid
2018;03;Galicia;Piña;444.8;713.18;1.6;13.15;0.16;0.26;2018-03-01;Pre-covid;Pre-covid
2018;03;Galicia;Otras frutas frescas;523.67;1708.04;3.26;26.93;0.19;0.62;2018-03-01;Pre-covid;Pre-covid
2018;03;Galicia;Pomelo;110.44;202.2;1.83;5.43;0.04;0.07;2018-03-01;Pre-covid;Pre-covid
2018;03;Galicia;Chirimoya;0.0;0.0;0.0;0.0;0.0;0.0;2018-03-01;Pre-covid;Pre-covid
2018;03;Galicia;Frutas iv gama;1180.29;2128.32;1.8;33.41;0.43;0.77;2018-03-01;Pre-covid;Pre-covid
2018;03;La rioja;Frutas frescas;2071.35;3599.35;1.74;97.62;6.55;11.37;2018-03-01;Pre-covid;Pre-covid
2018;03;La rioja;Naranjas;566.84;652.78;1.15;65.18;1.79;2.06;2018-03-01;Pre-covid;Pre-covid
2018;03;La rioja;Mandarinas;216.66;389.23;1.8;66.08;0.68;1.23;2018-03-01;Pre-covid;Pre-covid
2018;03;La rioja;Limones;60.08;90.94;1.51;31.5;0.19;0.29;2018-03-01;Pre-covid;Pre-covid
2018;03;La rioja;Platanos;377.33;639.26;1.69;80.01;1.19;2.02;2018-03-01;Pre-covid;Pre-covid
2018;03;La rioja;Manzanas;318.11;431.62;1.36;61.73;1.01;1.36;2018-03-01;Pre-covid;Pre-covid
2018;03;La rioja;Peras;156.15;251.37;1.61;55.02;0.49;0.79;2018-03-01;Pre-covid;Pre-covid
2018;03;La rioja;Melocotones;0.0;0.0;0.0;0.0;0.0;0.0;2018-03-01;Pre-covid;Pre-covid
2018;03;La rioja;Nectarinas;1.6;6.39;3.99;1.13;0.01;0.02;2018-03-01;Pre-covid;Pre-covid
2018;03;La rioja;Albaricoques;0.0;0.0;0.0;0.0;0.0;0.0;2018-03-01;Pre-covid;Pre-covid
2018;03;La rioja;Fresas/freson;127.08;408.81;3.22;56.09;0.4;1.29;2018-03-01;Pre-covid;Pre-covid
2018;03;La rioja;Melon;23.16;43.06;1.86;6.06;0.07;0.14;2018-03-01;Pre-covid;Pre-covid
2018;03;La rioja;Sandia;1.4;2.24;1.59;1.74;0.0;0.01;2018-03-01;Pre-covid;Pre-covid
2018;03;La rioja;Ciruelas;11.13;44.24;3.97;10.67;0.04;0.14;2018-03-01;Pre-covid;Pre-covid
2018;03;La rioja;Cerezas;1.12;6.71;6.0;0.27;0.0;0.02;2018-03-01;Pre-covid;Pre-covid
2018;03;La rioja;Uvas;3.26;15.85;4.87;5.05;0.01;0.05;2018-03-01;Pre-covid;Pre-covid
2018;03;La rioja;Kiwi;55.63;157.22;2.83;24.52;0.18;0.5;2018-03-01;Pre-covid;Pre-covid
2018;03;La rioja;Aguacate;29.06;108.43;3.73;32.26;0.09;0.34;2018-03-01;Pre-covid;Pre-covid
2018;03;La rioja;Piña;70.24;179.21;2.55;31.97;0.22;0.57;2018-03-01;Pre-covid;Pre-covid
2018;03;La rioja;Otras frutas frescas;52.51;172.0;3.28;29.78;0.17;0.54;2018-03-01;Pre-covid;Pre-covid
2018;03;La rioja;Pomelo;11.94;18.72;1.57;5.79;0.04;0.06;2018-03-01;Pre-covid;Pre-covid
2018;03;La rioja;Chirimoya;0.0;0.0;0.0;0.0;0.0;0.0;2018-03-01;Pre-covid;Pre-covid
2018;03;La rioja;Frutas iv gama;130.04;235.38;1.81;55.34;0.41;0.74;2018-03-01;Pre-covid;Pre-covid
2018;03;Madrid;Frutas frescas;44308.28;69747.0;1.57;95.34;7.12;11.21;2018-03-01;Pre-covid;Pre-covid
2018;03;Madrid;Naranjas;14087.85;12966.52;0.92;66.33;2.26;2.08;2018-03-01;Pre-covid;Pre-covid
2018;03;Madrid;Mandarinas;4087.7;7034.82;1.72;55.65;0.66;1.13;2018-03-01;Pre-covid;Pre-covid
2018;03;Madrid;Limones;1276.25;2041.0;1.6;43.86;0.21;0.33;2018-03-01;Pre-covid;Pre-covid
2018;03;Madrid;Platanos;6111.94;9548.35;1.56;75.3;0.98;1.53;2018-03-01;Pre-covid;Pre-covid
2018;03;Madrid;Manzanas;5551.08;8746.8;1.58;65.42;0.89;1.41;2018-03-01;Pre-covid;Pre-covid
2018;03;Madrid;Peras;3428.24;5184.62;1.51;51.42;0.55;0.83;2018-03-01;Pre-covid;Pre-covid
2018;03;Madrid;Melocotones;13.21;13.32;1.01;0.29;0.0;0.0;2018-03-01;Pre-covid;Pre-covid
2018;03;Madrid;Nectarinas;41.88;77.28;1.85;2.35;0.01;0.01;2018-03-01;Pre-covid;Pre-covid
2018;03;Madrid;Albaricoques;13.2;24.53;1.86;0.44;0.0;0.0;2018-03-01;Pre-covid;Pre-covid
2018;03;Madrid;Fresas/freson;3399.99;9449.83;2.78;62.7;0.55;1.52;2018-03-01;Pre-covid;Pre-covid
2018;03;Madrid;Melon;1099.58;1442.23;1.31;11.1;0.18;0.23;2018-03-01;Pre-covid;Pre-covid
2018;03;Madrid;Sandia;240.24;412.67;1.72;4.22;0.04;0.07;2018-03-01;Pre-covid;Pre-covid
2018;03;Madrid;Ciruelas;156.11;398.77;2.55;7.31;0.03;0.06;2018-03-01;Pre-covid;Pre-covid
2018;03;Madrid;Cerezas;91.97;234.83;2.55;1.93;0.01;0.04;2018-03-01;Pre-covid;Pre-covid
2018;03;Madrid;Uvas;241.86;843.09;3.49;10.08;0.04;0.14;2018-03-01;Pre-covid;Pre-covid
2018;03;Madrid;Kiwi;1627.44;4283.15;2.63;39.36;0.26;0.69;2018-03-01;Pre-covid;Pre-covid
2018;03;Madrid;Aguacate;480.71;1743.98;3.63;19.38;0.08;0.28;2018-03-01;Pre-covid;Pre-covid
2018;03;Madrid;Piña;946.23;1426.64;1.51;16.15;0.15;0.23;2018-03-01;Pre-covid;Pre-covid
2018;03;Madrid;Otras frutas frescas;1412.8;3874.57;2.74;30.15;0.23;0.62;2018-03-01;Pre-covid;Pre-covid
2018;03;Madrid;Pomelo;262.38;484.71;1.85;4.52;0.04;0.08;2018-03-01;Pre-covid;Pre-covid
2018;03;Madrid;Chirimoya;0.0;0.0;0.0;0.0;0.0;0.0;2018-03-01;Pre-covid;Pre-covid
2018;03;Madrid;Frutas iv gama;1724.86;3211.11;1.86;31.58;0.28;0.52;2018-03-01;Pre-covid;Pre-covid
2018;03;Murcia;Frutas frescas;8552.26;13652.66;1.6;93.43;6.01;9.59;2018-03-01;Pre-covid;Pre-covid
2018;03;Murcia;Naranjas;2077.84;1813.05;0.87;47.96;1.46;1.27;2018-03-01;Pre-covid;Pre-covid
2018;03;Murcia;Mandarinas;456.59;759.17;1.66;32.65;0.32;0.53;2018-03-01;Pre-covid;Pre-covid
2018;03;Murcia;Limones;299.71;389.59;1.3;33.25;0.21;0.27;2018-03-01;Pre-covid;Pre-covid
2018;03;Murcia;Platanos;1588.0;2305.61;1.45;77.25;1.12;1.62;2018-03-01;Pre-covid;Pre-covid
2018;03;Murcia;Manzanas;1337.31;1930.08;1.44;73.43;0.94;1.36;2018-03-01;Pre-covid;Pre-covid
2018;03;Murcia;Peras;661.01;976.12;1.48;53.08;0.46;0.69;2018-03-01;Pre-covid;Pre-covid
2018;03;Murcia;Melocotones;0.0;0.0;0.0;0.0;0.0;0.0;2018-03-01;Pre-covid;Pre-covid
2018;03;Murcia;Nectarinas;0.0;0.0;0.0;0.0;0.0;0.0;2018-03-01;Pre-covid;Pre-covid
2018;03;Murcia;Albaricoques;6.21;6.13;0.99;1.27;0.0;0.0;2018-03-01;Pre-covid;Pre-covid
2018;03;Murcia;Fresas/freson;774.32;2196.04;2.84;56.05;0.54;1.54;2018-03-01;Pre-covid;Pre-covid
2018;03;Murcia;Melon;132.35;231.8;1.75;14.95;0.09;0.16;2018-03-01;Pre-covid;Pre-covid
2018;03;Murcia;Sandia;89.31;115.55;1.29;7.66;0.06;0.08;2018-03-01;Pre-covid;Pre-covid
2018;03;Murcia;Ciruelas;23.07;80.93;3.51;4.26;0.02;0.06;2018-03-01;Pre-covid;Pre-covid
2018;03;Murcia;Cerezas;2.05;5.63;2.74;1.28;0.0;0.0;2018-03-01;Pre-covid;Pre-covid
2018;03;Murcia;Uvas;97.71;303.28;3.1;14.44;0.07;0.21;2018-03-01;Pre-covid;Pre-covid
2018;03;Murcia;Kiwi;268.66;714.04;2.66;38.24;0.19;0.5;2018-03-01;Pre-covid;Pre-covid
2018;03;Murcia;Aguacate;172.85;710.15;4.11;32.57;0.12;0.5;2018-03-01;Pre-covid;Pre-covid
2018;03;Murcia;Piña;327.51;434.17;1.33;20.09;0.23;0.3;2018-03-01;Pre-covid;Pre-covid
2018;03;Murcia;Otras frutas frescas;237.75;681.33;2.87;29.06;0.17;0.48;2018-03-01;Pre-covid;Pre-covid
2018;03;Murcia;Pomelo;14.71;21.43;1.46;2.81;0.01;0.02;2018-03-01;Pre-covid;Pre-covid
2018;03;Murcia;Chirimoya;0.0;0.0;0.0;0.0;0.0;0.0;2018-03-01;Pre-covid;Pre-covid
2018;03;Murcia;Frutas iv gama;438.32;770.7;1.76;29.34;0.31;0.54;2018-03-01;Pre-covid;Pre-covid
2018;03;Navarra;Frutas frescas;4672.65;7402.6;1.58;97.45;7.89;12.5;2018-03-01;Pre-covid;Pre-covid
2018;03;Navarra;Naranjas;1551.59;1473.03;0.95;62.62;2.62;2.49;2018-03-01;Pre-covid;Pre-covid
2018;03;Navarra;Mandarinas;472.08;798.96;1.69;50.27;0.8;1.35;2018-03-01;Pre-covid;Pre-covid
2018;03;Navarra;Limones;103.49;144.75;1.4;33.27;0.17;0.24;2018-03-01;Pre-covid;Pre-covid
2018;03;Navarra;Platanos;677.75;1079.24;1.59;85.85;1.14;1.82;2018-03-01;Pre-covid;Pre-covid
2018;03;Navarra;Manzanas;675.25;992.54;1.47;63.93;1.14;1.68;2018-03-01;Pre-covid;Pre-covid
2018;03;Navarra;Peras;181.72;262.39;1.44;47.45;0.31;0.44;2018-03-01;Pre-covid;Pre-covid
2018;03;Navarra;Melocotones;10.17;12.98;1.28;2.74;0.02;0.02;2018-03-01;Pre-covid;Pre-covid
2018;03;Navarra;Nectarinas;5.37;7.82;1.46;1.28;0.01;0.01;2018-03-01;Pre-covid;Pre-covid
2018;03;Navarra;Albaricoques;1.98;1.97;0.99;0.71;0.0;0.0;2018-03-01;Pre-covid;Pre-covid
2018;03;Navarra;Fresas/freson;386.74;1100.67;2.85;61.91;0.65;1.86;2018-03-01;Pre-covid;Pre-covid
2018;03;Navarra;Melon;81.82;111.09;1.36;10.3;0.14;0.19;2018-03-01;Pre-covid;Pre-covid
2018;03;Navarra;Sandia;3.72;8.87;2.38;1.32;0.01;0.01;2018-03-01;Pre-covid;Pre-covid
2018;03;Navarra;Ciruelas;10.81;33.24;3.07;8.96;0.02;0.06;2018-03-01;Pre-covid;Pre-covid
2018;03;Navarra;Cerezas;1.71;10.26;6.0;0.74;0.0;0.02;2018-03-01;Pre-covid;Pre-covid
2018;03;Navarra;Uvas;31.86;119.19;3.74;12.12;0.05;0.2;2018-03-01;Pre-covid;Pre-covid
2018;03;Navarra;Kiwi;174.88;521.61;2.98;47.39;0.3;0.88;2018-03-01;Pre-covid;Pre-covid
2018;03;Navarra;Aguacate;72.43;265.0;3.66;31.65;0.12;0.45;2018-03-01;Pre-covid;Pre-covid
2018;03;Navarra;Piña;132.84;181.2;1.36;29.26;0.22;0.31;2018-03-01;Pre-covid;Pre-covid
2018;03;Navarra;Otras frutas frescas;96.44;277.81;2.88;29.7;0.16;0.47;2018-03-01;Pre-covid;Pre-covid
2018;03;Navarra;Pomelo;10.76;23.52;2.19;2.81;0.02;0.04;2018-03-01;Pre-covid;Pre-covid
2018;03;Navarra;Chirimoya;0.0;0.0;0.0;0.0;0.0;0.0;2018-03-01;Pre-covid;Pre-covid
2018;03;Navarra;Frutas iv gama;237.32;424.76;1.79;38.12;0.4;0.72;2018-03-01;Pre-covid;Pre-covid
2018;03;Pais vasco;Frutas frescas;18224.67;29829.5;1.64;96.34;8.8;14.41;2018-03-01;Pre-covid;Pre-covid
2018;03;Pais vasco;Naranjas;5885.43;5921.1;1.01;69.52;2.84;2.86;2018-03-01;Pre-covid;Pre-covid
2018;03;Pais vasco;Mandarinas;1671.36;2952.09;1.77;59.51;0.81;1.43;2018-03-01;Pre-covid;Pre-covid
2018;03;Pais vasco;Limones;530.08;935.31;1.76;45.3;0.26;0.45;2018-03-01;Pre-covid;Pre-covid
2018;03;Pais vasco;Platanos;2489.02;3917.21;1.57;77.7;1.2;1.89;2018-03-01;Pre-covid;Pre-covid
2018;03;Pais vasco;Manzanas;2522.98;4052.59;1.61;72.32;1.22;1.96;2018-03-01;Pre-covid;Pre-covid
2018;03;Pais vasco;Peras;1105.72;1754.38;1.59;52.16;0.53;0.85;2018-03-01;Pre-covid;Pre-covid
2018;03;Pais vasco;Melocotones;18.45;19.07;1.03;1.0;0.01;0.01;2018-03-01;Pre-covid;Pre-covid
2018;03;Pais vasco;Nectarinas;39.12;76.87;1.96;5.04;0.02;0.04;2018-03-01;Pre-covid;Pre-covid
2018;03;Pais vasco;Albaricoques;3.92;9.47;2.41;0.8;0.0;0.0;2018-03-01;Pre-covid;Pre-covid
2018;03;Pais vasco;Fresas/freson;1300.66;3992.21;3.07;69.5;0.63;1.93;2018-03-01;Pre-covid;Pre-covid
2018;03;Pais vasco;Melon;565.99;693.92;1.23;14.35;0.27;0.34;2018-03-01;Pre-covid;Pre-covid
2018;03;Pais vasco;Sandia;49.73;105.47;2.12;2.72;0.02;0.05;2018-03-01;Pre-covid;Pre-covid
2018;03;Pais vasco;Ciruelas;117.91;374.26;3.17;10.04;0.06;0.18;2018-03-01;Pre-covid;Pre-covid
2018;03;Pais vasco;Cerezas;4.01;20.29;5.06;0.74;0.0;0.01;2018-03-01;Pre-covid;Pre-covid
2018;03;Pais vasco;Uvas;143.85;514.32;3.58;14.34;0.07;0.25;2018-03-01;Pre-covid;Pre-covid
2018;03;Pais vasco;Kiwi;681.17;1801.28;2.64;37.77;0.33;0.87;2018-03-01;Pre-covid;Pre-covid
2018;03;Pais vasco;Aguacate;220.05;864.45;3.93;24.13;0.11;0.42;2018-03-01;Pre-covid;Pre-covid
2018;03;Pais vasco;Piña;515.91;861.92;1.67;20.65;0.25;0.42;2018-03-01;Pre-covid;Pre-covid
2018;03;Pais vasco;Otras frutas frescas;359.3;963.3;2.68;27.92;0.17;0.47;2018-03-01;Pre-covid;Pre-covid
2018;03;Pais vasco;Pomelo;125.27;250.0;2.0;9.45;0.06;0.12;2018-03-01;Pre-covid;Pre-covid
2018;03;Pais vasco;Chirimoya;0.0;0.0;0.0;0.0;0.0;0.0;2018-03-01;Pre-covid;Pre-covid
2018;03;Pais vasco;Frutas iv gama;1114.53;2071.0;1.86;32.36;0.54;1.0;2018-03-01;Pre-covid;Pre-covid
2018;03;Valencia;Frutas frescas;29393.27;46837.21;1.59;95.13;6.21;9.9;2018-03-01;Pre-covid;Pre-covid
2018;03;Valencia;Naranjas;6958.79;6072.63;0.87;45.34;1.47;1.28;2018-03-01;Pre-covid;Pre-covid
2018;03;Valencia;Mandarinas;1768.7;2772.0;1.57;29.79;0.37;0.59;2018-03-01;Pre-covid;Pre-covid
2018;03;Valencia;Limones;755.87;1064.91;1.41;32.03;0.16;0.23;2018-03-01;Pre-covid;Pre-covid
2018;03;Valencia;Platanos;6031.38;8720.63;1.45;82.7;1.27;1.84;2018-03-01;Pre-covid;Pre-covid
2018;03;Valencia;Manzanas;4382.16;6108.11;1.39;70.84;0.93;1.29;2018-03-01;Pre-covid;Pre-covid
2018;03;Valencia;Peras;2321.17;3346.67;1.44;52.17;0.49;0.71;2018-03-01;Pre-covid;Pre-covid
2018;03;Valencia;Melocotones;43.87;94.29;2.15;1.22;0.01;0.02;2018-03-01;Pre-covid;Pre-covid
2018;03;Valencia;Nectarinas;35.03;46.74;1.33;1.63;0.01;0.01;2018-03-01;Pre-covid;Pre-covid
2018;03;Valencia;Albaricoques;8.61;13.98;1.62;0.71;0.0;0.0;2018-03-01;Pre-covid;Pre-covid
2018;03;Valencia;Fresas/freson;2814.89;8484.8;3.01;62.95;0.59;1.79;2018-03-01;Pre-covid;Pre-covid
2018;03;Valencia;Melon;582.4;898.98;1.54;10.17;0.12;0.19;2018-03-01;Pre-covid;Pre-covid
2018;03;Valencia;Sandia;246.9;443.64;1.8;3.89;0.05;0.09;2018-03-01;Pre-covid;Pre-covid
2018;03;Valencia;Ciruelas;101.55;323.2;3.18;6.82;0.02;0.07;2018-03-01;Pre-covid;Pre-covid
2018;03;Valencia;Cerezas;3.49;23.69;6.78;0.21;0.0;0.01;2018-03-01;Pre-covid;Pre-covid
2018;03;Valencia;Uvas;175.0;683.61;3.91;8.59;0.04;0.14;2018-03-01;Pre-covid;Pre-covid
2018;03;Valencia;Kiwi;1018.15;2559.44;2.51;35.38;0.22;0.54;2018-03-01;Pre-covid;Pre-covid
2018;03;Valencia;Aguacate;408.08;1415.36;3.47;26.37;0.09;0.3;2018-03-01;Pre-covid;Pre-covid
2018;03;Valencia;Piña;808.04;1162.01;1.44;19.39;0.17;0.25;2018-03-01;Pre-covid;Pre-covid
2018;03;Valencia;Otras frutas frescas;929.17;2602.5;2.8;23.56;0.2;0.55;2018-03-01;Pre-covid;Pre-covid
2018;03;Valencia;Pomelo;161.5;282.26;1.75;2.21;0.03;0.06;2018-03-01;Pre-covid;Pre-covid
2018;03;Valencia;Chirimoya;0.0;0.0;0.0;0.0;0.0;0.0;2018-03-01;Pre-covid;Pre-covid
2018;03;Valencia;Frutas iv gama;1404.52;2507.34;1.79;29.19;0.3;0.53;2018-03-01;Pre-covid;Pre-covid
2018;04;Nacional;Patatas;107954.27;88040.23;0.82;79.16;2.37;1.93;2018-04-01;Pre-covid;Pre-covid
2018;04;Nacional;Patatas frescas;79187.59;56951.68;0.72;65.27;1.74;1.25;2018-04-01;Pre-covid;Pre-covid
2018;04;Nacional;Patatas congeladas;3746.78;4783.78;1.28;12.36;0.08;0.1;2018-04-01;Pre-covid;Pre-covid
2018;04;Nacional;Patatas procesadas;5003.98;26304.77;5.26;46.01;0.11;0.58;2018-04-01;Pre-covid;Pre-covid
2018;04;Nacional;Hortalizas frescas;229968.6;403938.46;1.76;97.29;5.04;8.85;2018-04-01;Pre-covid;Pre-covid
2018;04;Nacional;Omates;45536.21;75309.32;1.65;81.8;1.0;1.65;2018-04-01;Pre-covid;Pre-covid
2018;04;Nacional;Cebollas;26667.55;29996.3;1.12;69.08;0.58;0.66;2018-04-01;Pre-covid;Pre-covid
2018;04;Nacional;Ajos;2771.72;11574.22;4.18;36.05;0.06;0.25;2018-04-01;Pre-covid;Pre-covid
2018;04;Nacional;Coles;5389.82;5624.53;1.04;18.2;0.12;0.12;2018-04-01;Pre-covid;Pre-covid
2018;04;Nacional;Pepinos;6665.06;8878.95;1.33;31.95;0.15;0.19;2018-04-01;Pre-covid;Pre-covid
2018;04;Nacional;Judias verdes;7945.56;20096.8;2.53;37.02;0.17;0.44;2018-04-01;Pre-covid;Pre-covid
2018;04;Nacional;Pimientos;19474.38;32862.62;1.69;65.48;0.43;0.72;2018-04-01;Pre-covid;Pre-covid
2018;04;Nacional;Champiñoneso setas;5401.64;19538.56;3.62;39.81;0.12;0.43;2018-04-01;Pre-covid;Pre-covid
2018;04;Nacional;Lechuga/esc /endivia;13127.8;36274.3;2.76;62.15;0.29;0.79;2018-04-01;Pre-covid;Pre-covid
2018;04;Nacional;Esparragos;5380.82;13227.98;2.46;20.6;0.12;0.29;2018-04-01;Pre-covid;Pre-covid
2018;04;Nacional;Verduras de hoja;6326.53;13584.64;2.15;27.04;0.14;0.3;2018-04-01;Pre-covid;Pre-covid
2018;04;Nacional;Berenjenas;6088.64;8272.12;1.36;32.51;0.13;0.18;2018-04-01;Pre-covid;Pre-covid
2018;04;Nacional;Zanahorias;13173.98;12264.17;0.93;56.58;0.29;0.27;2018-04-01;Pre-covid;Pre-covid
2018;04;Nacional;Calabacines;16335.34;20966.27;1.28;54.09;0.36;0.46;2018-04-01;Pre-covid;Pre-covid
2018;04;Nacional;Otr hortalizas/verd ;49683.54;95467.67;1.92;82.26;1.09;2.09;2018-04-01;Pre-covid;Pre-covid
2018;04;Nacional;Brocoli;5245.43;7999.01;1.52;24.36;0.11;0.18;2018-04-01;Pre-covid;Pre-covid
2018;04;Nacional;Alcachofas;12990.27;16037.92;1.23;33.05;0.28;0.35;2018-04-01;Pre-covid;Pre-covid
2018;04;Nacional;Verd /hort  iv gama;27306.67;69124.85;2.53;69.61;0.6;1.51;2018-04-01;Pre-covid;Pre-covid
2018;04;Andalucia;Patatas;20258.47;15736.19;0.78;81.88;2.33;1.81;2018-04-01;Pre-covid;Pre-covid
2018;04;Andalucia;Patatas frescas;14204.86;9406.13;0.66;65.79;1.63;1.08;2018-04-01;Pre-covid;Pre-covid
2018;04;Andalucia;Patatas congeladas;843.95;978.58;1.16;15.11;0.1;0.11;2018-04-01;Pre-covid;Pre-covid
2018;04;Andalucia;Patatas procesadas;1041.93;5351.48;5.14;50.86;0.12;0.62;2018-04-01;Pre-covid;Pre-covid
2018;04;Andalucia;Hortalizas frescas;39592.07;65471.99;1.65;97.15;4.56;7.54;2018-04-01;Pre-covid;Pre-covid
2018;04;Andalucia;Omates;8857.91;12122.28;1.37;81.83;1.02;1.4;2018-04-01;Pre-covid;Pre-covid
2018;04;Andalucia;Cebollas;4663.07;4922.37;1.06;71.65;0.54;0.57;2018-04-01;Pre-covid;Pre-covid
2018;04;Andalucia;Ajos;530.15;2032.48;3.83;37.13;0.06;0.23;2018-04-01;Pre-covid;Pre-covid
2018;04;Andalucia;Coles;738.2;765.84;1.04;12.2;0.08;0.09;2018-04-01;Pre-covid;Pre-covid
2018;04;Andalucia;Pepinos;1263.97;1595.74;1.26;33.37;0.15;0.18;2018-04-01;Pre-covid;Pre-covid
2018;04;Andalucia;Judias verdes;967.12;2248.67;2.33;29.1;0.11;0.26;2018-04-01;Pre-covid;Pre-covid
2018;04;Andalucia;Pimientos;3493.14;5665.34;1.62;68.42;0.4;0.65;2018-04-01;Pre-covid;Pre-covid
2018;04;Andalucia;Champiñoneso setas;810.08;3085.82;3.81;40.0;0.09;0.36;2018-04-01;Pre-covid;Pre-covid
2018;04;Andalucia;Lechuga/esc /endivia;2060.52;5940.08;2.88;61.27;0.24;0.68;2018-04-01;Pre-covid;Pre-covid
2018;04;Andalucia;Esparragos;1055.28;2268.27;2.15;21.22;0.12;0.26;2018-04-01;Pre-covid;Pre-covid
2018;04;Andalucia;Verduras de hoja;807.67;1961.61;2.43;23.13;0.09;0.23;2018-04-01;Pre-covid;Pre-covid
2018;04;Andalucia;Berenjenas;1082.31;1424.28;1.32;35.71;0.12;0.16;2018-04-01;Pre-covid;Pre-covid
2018;04;Andalucia;Zanahorias;2165.13;1933.99;0.89;53.58;0.25;0.22;2018-04-01;Pre-covid;Pre-covid
2018;04;Andalucia;Calabacines;2643.88;3346.42;1.27;53.18;0.3;0.39;2018-04-01;Pre-covid;Pre-covid
2018;04;Andalucia;Otr hortalizas/verd ;8453.64;16158.78;1.91;83.47;0.97;1.86;2018-04-01;Pre-covid;Pre-covid
2018;04;Andalucia;Brocoli;920.55;1361.11;1.48;25.88;0.11;0.16;2018-04-01;Pre-covid;Pre-covid
2018;04;Andalucia;Alcachofas;2182.7;2756.69;1.26;36.35;0.25;0.32;2018-04-01;Pre-covid;Pre-covid
2018;04;Andalucia;Verd /hort  iv gama;5390.66;12493.36;2.32;69.22;0.62;1.44;2018-04-01;Pre-covid;Pre-covid
2018;04;Aragon;Patatas;3286.08;2273.06;0.69;79.85;2.5;1.73;2018-04-01;Pre-covid;Pre-covid
2018;04;Aragon;Patatas frescas;2700.5;1661.89;0.62;64.62;2.06;1.27;2018-04-01;Pre-covid;Pre-covid
2018;04;Aragon;Patatas congeladas;60.51;90.39;1.49;7.65;0.05;0.07;2018-04-01;Pre-covid;Pre-covid
2018;04;Aragon;Patatas procesadas;105.02;520.77;4.96;40.85;0.08;0.4;2018-04-01;Pre-covid;Pre-covid
2018;04;Aragon;Hortalizas frescas;8522.7;14777.57;1.73;97.66;6.49;11.26;2018-04-01;Pre-covid;Pre-covid
2018;04;Aragon;Omates;1256.85;2101.36;1.67;81.7;0.96;1.6;2018-04-01;Pre-covid;Pre-covid
2018;04;Aragon;Cebollas;685.43;807.68;1.18;62.05;0.52;0.62;2018-04-01;Pre-covid;Pre-covid
2018;04;Aragon;Ajos;66.76;284.38;4.26;32.88;0.05;0.22;2018-04-01;Pre-covid;Pre-covid
2018;04;Aragon;Coles;174.96;180.55;1.03;14.85;0.13;0.14;2018-04-01;Pre-covid;Pre-covid
2018;04;Aragon;Pepinos;279.43;382.59;1.37;42.37;0.21;0.29;2018-04-01;Pre-covid;Pre-covid
2018;04;Aragon;Judias verdes;366.24;873.57;2.39;53.66;0.28;0.67;2018-04-01;Pre-covid;Pre-covid
2018;04;Aragon;Pimientos;687.72;1199.3;1.74;65.33;0.52;0.91;2018-04-01;Pre-covid;Pre-covid
2018;04;Aragon;Champiñoneso setas;144.68;545.06;3.77;37.37;0.11;0.42;2018-04-01;Pre-covid;Pre-covid
2018;04;Aragon;Lechuga/esc /endivia;738.89;1827.43;2.47;64.09;0.56;1.39;2018-04-01;Pre-covid;Pre-covid
2018;04;Aragon;Esparragos;285.08;739.28;2.59;26.02;0.22;0.56;2018-04-01;Pre-covid;Pre-covid
2018;04;Aragon;Verduras de hoja;563.96;863.05;1.53;34.07;0.43;0.66;2018-04-01;Pre-covid;Pre-covid
2018;04;Aragon;Berenjenas;182.06;253.58;1.39;41.13;0.14;0.19;2018-04-01;Pre-covid;Pre-covid
2018;04;Aragon;Zanahorias;359.17;314.61;0.88;56.06;0.27;0.24;2018-04-01;Pre-covid;Pre-covid
2018;04;Aragon;Calabacines;498.65;616.12;1.24;58.76;0.38;0.47;2018-04-01;Pre-covid;Pre-covid
2018;04;Aragon;Otr hortalizas/verd ;2232.81;3788.99;1.7;79.91;1.7;2.89;2018-04-01;Pre-covid;Pre-covid
2018;04;Aragon;Brocoli;175.2;272.95;1.56;26.51;0.13;0.21;2018-04-01;Pre-covid;Pre-covid
2018;04;Aragon;Alcachofas;475.85;613.98;1.29;40.62;0.36;0.47;2018-04-01;Pre-covid;Pre-covid
2018;04;Aragon;Verd /hort  iv gama;712.55;1726.56;2.42;67.45;0.54;1.32;2018-04-01;Pre-covid;Pre-covid
2018;04;Asturias;Patatas;2319.02;1776.01;0.77;69.78;2.14;1.64;2018-04-01;Pre-covid;Pre-covid
2018;04;Asturias;Patatas frescas;1742.52;1159.82;0.67;58.42;1.61;1.07;2018-04-01;Pre-covid;Pre-covid
2018;04;Asturias;Patatas congeladas;111.33;137.75;1.24;11.04;0.1;0.13;2018-04-01;Pre-covid;Pre-covid
2018;04;Asturias;Patatas procesadas;93.03;478.44;5.14;34.7;0.09;0.44;2018-04-01;Pre-covid;Pre-covid
2018;04;Asturias;Hortalizas frescas;4076.22;7359.76;1.81;94.7;3.76;6.79;2018-04-01;Pre-covid;Pre-covid
2018;04;Asturias;Omates;827.81;1500.82;1.81;68.17;0.76;1.38;2018-04-01;Pre-covid;Pre-covid
2018;04;Asturias;Cebollas;729.91;896.54;1.23;70.59;0.67;0.83;2018-04-01;Pre-covid;Pre-covid
2018;04;Asturias;Ajos;65.55;287.33;4.38;40.47;0.06;0.27;2018-04-01;Pre-covid;Pre-covid
2018;04;Asturias;Coles;112.81;112.57;1.0;13.21;0.1;0.1;2018-04-01;Pre-covid;Pre-covid
2018;04;Asturias;Pepinos;54.17;82.53;1.52;23.14;0.05;0.08;2018-04-01;Pre-covid;Pre-covid
2018;04;Asturias;Judias verdes;110.9;251.03;2.26;23.52;0.1;0.23;2018-04-01;Pre-covid;Pre-covid
2018;04;Asturias;Pimientos;361.65;677.51;1.87;56.81;0.33;0.62;2018-04-01;Pre-covid;Pre-covid
2018;04;Asturias;Champiñoneso setas;68.42;325.16;4.75;26.71;0.06;0.3;2018-04-01;Pre-covid;Pre-covid
2018;04;Asturias;Lechuga/esc /endivia;275.09;714.3;2.6;53.08;0.25;0.66;2018-04-01;Pre-covid;Pre-covid
2018;04;Asturias;Esparragos;35.14;112.95;3.21;5.6;0.03;0.1;2018-04-01;Pre-covid;Pre-covid
2018;04;Asturias;Verduras de hoja;86.17;189.9;2.2;15.08;0.08;0.18;2018-04-01;Pre-covid;Pre-covid
2018;04;Asturias;Berenjenas;84.56;116.07;1.37;18.96;0.08;0.11;2018-04-01;Pre-covid;Pre-covid
2018;04;Asturias;Zanahorias;256.17;229.95;0.9;47.89;0.24;0.21;2018-04-01;Pre-covid;Pre-covid
2018;04;Asturias;Calabacines;356.15;465.02;1.31;48.34;0.33;0.43;2018-04-01;Pre-covid;Pre-covid
2018;04;Asturias;Otr hortalizas/verd ;651.73;1398.08;2.15;69.68;0.6;1.29;2018-04-01;Pre-covid;Pre-covid
2018;04;Asturias;Brocoli;113.34;181.27;1.6;25.29;0.1;0.17;2018-04-01;Pre-covid;Pre-covid
2018;04;Asturias;Alcachofas;68.92;101.28;1.47;10.14;0.06;0.09;2018-04-01;Pre-covid;Pre-covid
2018;04;Asturias;Verd /hort  iv gama;446.34;1224.25;2.74;61.3;0.41;1.13;2018-04-01;Pre-covid;Pre-covid
2018;04;Baleares;Patatas;2986.96;2630.26;0.88;79.59;2.9;2.55;2018-04-01;Pre-covid;Pre-covid
2018;04;Baleares;Patatas frescas;2197.2;1718.94;0.78;71.11;2.13;1.67;2018-04-01;Pre-covid;Pre-covid
2018;04;Baleares;Patatas congeladas;145.62;186.48;1.28;15.12;0.14;0.18;2018-04-01;Pre-covid;Pre-covid
2018;04;Baleares;Patatas procesadas;128.83;724.85;5.63;46.4;0.13;0.7;2018-04-01;Pre-covid;Pre-covid
2018;04;Baleares;Hortalizas frescas;5703.51;10656.56;1.87;96.7;5.54;10.34;2018-04-01;Pre-covid;Pre-covid
2018;04;Baleares;Omates;1280.12;2163.55;1.69;90.61;1.24;2.1;2018-04-01;Pre-covid;Pre-covid
2018;04;Baleares;Cebollas;746.61;913.65;1.22;74.17;0.72;0.89;2018-04-01;Pre-covid;Pre-covid
2018;04;Baleares;Ajos;49.91;261.98;5.25;28.58;0.05;0.25;2018-04-01;Pre-covid;Pre-covid
2018;04;Baleares;Coles;124.85;115.0;0.92;19.48;0.12;0.11;2018-04-01;Pre-covid;Pre-covid
2018;04;Baleares;Pepinos;137.22;190.88;1.39;17.93;0.13;0.19;2018-04-01;Pre-covid;Pre-covid
2018;04;Baleares;Judias verdes;157.15;552.35;3.51;46.78;0.15;0.54;2018-04-01;Pre-covid;Pre-covid
2018;04;Baleares;Pimientos;479.32;941.29;1.96;64.57;0.47;0.91;2018-04-01;Pre-covid;Pre-covid
2018;04;Baleares;Champiñoneso setas;117.16;512.01;4.37;49.88;0.11;0.5;2018-04-01;Pre-covid;Pre-covid
2018;04;Baleares;Lechuga/esc /endivia;352.91;1006.5;2.85;78.47;0.34;0.98;2018-04-01;Pre-covid;Pre-covid
2018;04;Baleares;Esparragos;59.74;187.31;3.14;15.84;0.06;0.18;2018-04-01;Pre-covid;Pre-covid
2018;04;Baleares;Verduras de hoja;124.08;308.96;2.49;30.33;0.12;0.3;2018-04-01;Pre-covid;Pre-covid
2018;04;Baleares;Berenjenas;151.62;219.77;1.45;37.9;0.15;0.21;2018-04-01;Pre-covid;Pre-covid
2018;04;Baleares;Zanahorias;350.57;319.06;0.91;58.38;0.34;0.31;2018-04-01;Pre-covid;Pre-covid
2018;04;Baleares;Calabacines;308.49;425.92;1.38;63.38;0.3;0.41;2018-04-01;Pre-covid;Pre-covid
2018;04;Baleares;Otr hortalizas/verd ;1263.78;2538.33;2.01;87.95;1.23;2.46;2018-04-01;Pre-covid;Pre-covid
2018;04;Baleares;Brocoli;95.99;177.36;1.85;23.85;0.09;0.17;2018-04-01;Pre-covid;Pre-covid
2018;04;Baleares;Alcachofas;529.4;663.42;1.25;52.94;0.51;0.64;2018-04-01;Pre-covid;Pre-covid
2018;04;Baleares;Verd /hort  iv gama;690.01;1995.5;2.89;81.67;0.67;1.94;2018-04-01;Pre-covid;Pre-covid
2018;04;Canarias;Patatas;4476.13;4428.51;0.99;75.54;2.05;2.03;2018-04-01;Pre-covid;Pre-covid
2018;04;Canarias;Patatas frescas;3624.01;3491.23;0.96;65.29;1.66;1.6;2018-04-01;Pre-covid;Pre-covid
2018;04;Canarias;Patatas congeladas;270.43;276.84;1.02;11.89;0.12;0.13;2018-04-01;Pre-covid;Pre-covid
2018;04;Canarias;Patatas procesadas;116.34;660.44;5.68;30.4;0.05;0.3;2018-04-01;Pre-covid;Pre-covid
2018;04;Canarias;Hortalizas frescas;10958.44;19765.74;1.8;97.71;5.01;9.04;2018-04-01;Pre-covid;Pre-covid
2018;04;Canarias;Omates;1908.0;2800.34;1.47;87.71;0.87;1.28;2018-04-01;Pre-covid;Pre-covid
2018;04;Canarias;Cebollas;1494.71;1805.15;1.21;75.75;0.68;0.83;2018-04-01;Pre-covid;Pre-covid
2018;04;Canarias;Ajos;135.72;436.53;3.22;31.56;0.06;0.2;2018-04-01;Pre-covid;Pre-covid
2018;04;Canarias;Coles;222.8;256.93;1.15;26.22;0.1;0.12;2018-04-01;Pre-covid;Pre-covid
2018;04;Canarias;Pepinos;379.72;566.77;1.49;43.52;0.17;0.26;2018-04-01;Pre-covid;Pre-covid
2018;04;Canarias;Judias verdes;390.57;624.07;1.6;25.01;0.18;0.29;2018-04-01;Pre-covid;Pre-covid
2018;04;Canarias;Pimientos;911.64;1732.85;1.9;75.15;0.42;0.79;2018-04-01;Pre-covid;Pre-covid
2018;04;Canarias;Champiñoneso setas;297.24;1171.47;3.94;45.46;0.14;0.54;2018-04-01;Pre-covid;Pre-covid
2018;04;Canarias;Lechuga/esc /endivia;362.09;1125.68;3.11;50.54;0.17;0.51;2018-04-01;Pre-covid;Pre-covid
2018;04;Canarias;Esparragos;47.23;140.45;2.97;2.77;0.02;0.06;2018-04-01;Pre-covid;Pre-covid
2018;04;Canarias;Verduras de hoja;101.47;321.84;3.17;18.54;0.05;0.15;2018-04-01;Pre-covid;Pre-covid
2018;04;Canarias;Berenjenas;218.96;334.41;1.53;23.56;0.1;0.15;2018-04-01;Pre-covid;Pre-covid
2018;04;Canarias;Zanahorias;906.18;976.75;1.08;68.36;0.41;0.45;2018-04-01;Pre-covid;Pre-covid
2018;04;Canarias;Calabacines;1319.25;1723.32;1.31;69.69;0.6;0.79;2018-04-01;Pre-covid;Pre-covid
2018;04;Canarias;Otr hortalizas/verd ;2262.88;5749.17;2.54;89.88;1.03;2.63;2018-04-01;Pre-covid;Pre-covid
2018;04;Canarias;Brocoli;94.35;278.35;2.95;10.34;0.04;0.13;2018-04-01;Pre-covid;Pre-covid
2018;04;Canarias;Alcachofas;39.54;93.42;2.36;4.74;0.02;0.04;2018-04-01;Pre-covid;Pre-covid
2018;04;Canarias;Verd /hort  iv gama;1953.17;4383.94;2.24;69.07;0.89;2.01;2018-04-01;Pre-covid;Pre-covid
2018;04;Cantabria;Patatas;1865.59;1273.13;0.68;73.08;3.35;2.29;2018-04-01;Pre-covid;Pre-covid
2018;04;Cantabria;Patatas frescas;1646.65;1037.42;0.63;64.72;2.96;1.86;2018-04-01;Pre-covid;Pre-covid
2018;04;Cantabria;Patatas congeladas;29.96;33.44;1.12;10.25;0.05;0.06;2018-04-01;Pre-covid;Pre-covid
2018;04;Cantabria;Patatas procesadas;37.8;202.27;5.35;29.21;0.07;0.36;2018-04-01;Pre-covid;Pre-covid
2018;04;Cantabria;Hortalizas frescas;2660.3;4315.92;1.62;93.58;4.78;7.75;2018-04-01;Pre-covid;Pre-covid
2018;04;Cantabria;Omates;483.4;862.58;1.78;73.33;0.87;1.55;2018-04-01;Pre-covid;Pre-covid
2018;04;Cantabria;Cebollas;350.12;360.07;1.03;63.59;0.63;0.65;2018-04-01;Pre-covid;Pre-covid
2018;04;Cantabria;Ajos;43.74;149.84;3.43;42.93;0.08;0.27;2018-04-01;Pre-covid;Pre-covid
2018;04;Cantabria;Coles;55.23;51.76;0.94;13.96;0.1;0.09;2018-04-01;Pre-covid;Pre-covid
2018;04;Cantabria;Pepinos;48.78;66.3;1.36;18.15;0.09;0.12;2018-04-01;Pre-covid;Pre-covid
2018;04;Cantabria;Judias verdes;97.92;250.16;2.55;34.67;0.18;0.45;2018-04-01;Pre-covid;Pre-covid
2018;04;Cantabria;Pimientos;266.43;475.29;1.78;62.74;0.48;0.85;2018-04-01;Pre-covid;Pre-covid
2018;04;Cantabria;Champiñoneso setas;96.7;172.24;1.78;33.98;0.17;0.31;2018-04-01;Pre-covid;Pre-covid
2018;04;Cantabria;Lechuga/esc /endivia;113.07;310.68;2.75;55.96;0.2;0.56;2018-04-01;Pre-covid;Pre-covid
2018;04;Cantabria;Esparragos;45.06;90.36;2.01;16.5;0.08;0.16;2018-04-01;Pre-covid;Pre-covid
2018;04;Cantabria;Verduras de hoja;31.68;62.47;1.97;15.04;0.06;0.11;2018-04-01;Pre-covid;Pre-covid
2018;04;Cantabria;Berenjenas;66.04;72.55;1.1;25.97;0.12;0.13;2018-04-01;Pre-covid;Pre-covid
2018;04;Cantabria;Zanahorias;203.2;167.0;0.82;59.99;0.37;0.3;2018-04-01;Pre-covid;Pre-covid
2018;04;Cantabria;Calabacines;308.07;347.68;1.13;46.63;0.55;0.62;2018-04-01;Pre-covid;Pre-covid
2018;04;Cantabria;Otr hortalizas/verd ;450.86;876.92;1.95;63.83;0.81;1.58;2018-04-01;Pre-covid;Pre-covid
2018;04;Cantabria;Brocoli;43.97;77.11;1.75;16.5;0.08;0.14;2018-04-01;Pre-covid;Pre-covid
2018;04;Cantabria;Alcachofas;113.76;140.89;1.24;15.7;0.2;0.25;2018-04-01;Pre-covid;Pre-covid
2018;04;Cantabria;Verd /hort  iv gama;333.17;733.61;2.2;61.43;0.6;1.32;2018-04-01;Pre-covid;Pre-covid
2018;04;Castilla la mancha;Patatas;4521.11;3395.61;0.75;78.69;2.16;1.62;2018-04-01;Pre-covid;Pre-covid
2018;04;Castilla la mancha;Patatas frescas;3142.72;1922.98;0.61;63.04;1.5;0.92;2018-04-01;Pre-covid;Pre-covid
2018;04;Castilla la mancha;Patatas congeladas;271.03;326.36;1.2;18.48;0.13;0.16;2018-04-01;Pre-covid;Pre-covid
2018;04;Castilla la mancha;Patatas procesadas;221.47;1146.28;5.18;47.41;0.11;0.55;2018-04-01;Pre-covid;Pre-covid
2018;04;Castilla la mancha;Hortalizas frescas;9188.25;15339.11;1.67;96.98;4.38;7.31;2018-04-01;Pre-covid;Pre-covid
2018;04;Castilla la mancha;Omates;2321.9;3540.72;1.52;81.4;1.11;1.69;2018-04-01;Pre-covid;Pre-covid
2018;04;Castilla la mancha;Cebollas;903.59;960.41;1.06;65.75;0.43;0.46;2018-04-01;Pre-covid;Pre-covid
2018;04;Castilla la mancha;Ajos;121.18;470.66;3.88;41.68;0.06;0.22;2018-04-01;Pre-covid;Pre-covid
2018;04;Castilla la mancha;Coles;109.96;108.37;0.99;11.0;0.05;0.05;2018-04-01;Pre-covid;Pre-covid
2018;04;Castilla la mancha;Pepinos;392.89;500.59;1.27;38.66;0.19;0.24;2018-04-01;Pre-covid;Pre-covid
2018;04;Castilla la mancha;Judias verdes;277.43;640.5;2.31;33.04;0.13;0.31;2018-04-01;Pre-covid;Pre-covid
2018;04;Castilla la mancha;Pimientos;845.91;1319.9;1.56;64.74;0.4;0.63;2018-04-01;Pre-covid;Pre-covid
2018;04;Castilla la mancha;Champiñoneso setas;247.93;950.05;3.83;46.73;0.12;0.45;2018-04-01;Pre-covid;Pre-covid
2018;04;Castilla la mancha;Lechuga/esc /endivia;420.58;1143.81;2.72;54.66;0.2;0.55;2018-04-01;Pre-covid;Pre-covid
2018;04;Castilla la mancha;Esparragos;328.94;783.72;2.38;27.3;0.16;0.37;2018-04-01;Pre-covid;Pre-covid
2018;04;Castilla la mancha;Verduras de hoja;184.88;401.44;2.17;21.58;0.09;0.19;2018-04-01;Pre-covid;Pre-covid
2018;04;Castilla la mancha;Berenjenas;227.63;318.66;1.4;25.65;0.11;0.15;2018-04-01;Pre-covid;Pre-covid
2018;04;Castilla la mancha;Zanahorias;499.43;417.79;0.84;51.72;0.24;0.2;2018-04-01;Pre-covid;Pre-covid
2018;04;Castilla la mancha;Calabacines;695.22;905.79;1.3;60.26;0.33;0.43;2018-04-01;Pre-covid;Pre-covid
2018;04;Castilla la mancha;Otr hortalizas/verd ;1610.79;2876.71;1.79;75.81;0.77;1.37;2018-04-01;Pre-covid;Pre-covid
2018;04;Castilla la mancha;Brocoli;229.1;303.39;1.32;23.83;0.11;0.14;2018-04-01;Pre-covid;Pre-covid
2018;04;Castilla la mancha;Alcachofas;356.9;453.97;1.27;28.76;0.17;0.22;2018-04-01;Pre-covid;Pre-covid
2018;04;Castilla la mancha;Verd /hort  iv gama;1089.95;2452.08;2.25;63.14;0.52;1.17;2018-04-01;Pre-covid;Pre-covid
2018;04;Castilla leon;Patatas;4749.96;3201.02;0.67;69.69;1.94;1.31;2018-04-01;Pre-covid;Pre-covid
2018;04;Castilla leon;Patatas frescas;3698.61;2008.77;0.54;55.04;1.51;0.82;2018-04-01;Pre-covid;Pre-covid
2018;04;Castilla leon;Patatas congeladas;88.58;130.32;1.47;7.48;0.04;0.05;2018-04-01;Pre-covid;Pre-covid
2018;04;Castilla leon;Patatas procesadas;192.55;1061.94;5.52;40.33;0.08;0.43;2018-04-01;Pre-covid;Pre-covid
2018;04;Castilla leon;Hortalizas frescas;9867.02;16686.66;1.69;98.03;4.03;6.82;2018-04-01;Pre-covid;Pre-covid
2018;04;Castilla leon;Omates;1727.89;2748.46;1.59;73.53;0.71;1.12;2018-04-01;Pre-covid;Pre-covid
2018;04;Castilla leon;Cebollas;1265.61;1369.97;1.08;69.05;0.52;0.56;2018-04-01;Pre-covid;Pre-covid
2018;04;Castilla leon;Ajos;117.39;595.05;5.07;35.04;0.05;0.24;2018-04-01;Pre-covid;Pre-covid
2018;04;Castilla leon;Coles;347.89;361.65;1.04;22.01;0.14;0.15;2018-04-01;Pre-covid;Pre-covid
2018;04;Castilla leon;Pepinos;237.7;309.61;1.3;18.49;0.1;0.13;2018-04-01;Pre-covid;Pre-covid
2018;04;Castilla leon;Judias verdes;333.23;764.91;2.3;29.57;0.14;0.31;2018-04-01;Pre-covid;Pre-covid
2018;04;Castilla leon;Pimientos;921.56;1526.3;1.66;66.02;0.38;0.62;2018-04-01;Pre-covid;Pre-covid
2018;04;Castilla leon;Champiñoneso setas;283.61;896.84;3.16;40.35;0.12;0.37;2018-04-01;Pre-covid;Pre-covid
2018;04;Castilla leon;Lechuga/esc /endivia;650.25;1619.87;2.49;53.85;0.27;0.66;2018-04-01;Pre-covid;Pre-covid
2018;04;Castilla leon;Esparragos;137.49;280.33;2.04;9.53;0.06;0.11;2018-04-01;Pre-covid;Pre-covid
2018;04;Castilla leon;Verduras de hoja;173.55;457.03;2.63;20.88;0.07;0.19;2018-04-01;Pre-covid;Pre-covid
2018;04;Castilla leon;Berenjenas;166.2;231.61;1.39;25.26;0.07;0.09;2018-04-01;Pre-covid;Pre-covid
2018;04;Castilla leon;Zanahorias;805.69;708.94;0.88;59.29;0.33;0.29;2018-04-01;Pre-covid;Pre-covid
2018;04;Castilla leon;Calabacines;804.64;972.3;1.21;50.56;0.33;0.4;2018-04-01;Pre-covid;Pre-covid
2018;04;Castilla leon;Otr hortalizas/verd ;1894.32;3843.78;2.03;79.05;0.77;1.57;2018-04-01;Pre-covid;Pre-covid
2018;04;Castilla leon;Brocoli;274.22;410.01;1.5;20.21;0.11;0.17;2018-04-01;Pre-covid;Pre-covid
2018;04;Castilla leon;Alcachofas;304.8;371.55;1.22;20.27;0.12;0.15;2018-04-01;Pre-covid;Pre-covid
2018;04;Castilla leon;Verd /hort  iv gama;1458.76;3496.28;2.4;68.31;0.6;1.43;2018-04-01;Pre-covid;Pre-covid
2018;04;Cataluña;Patatas;17789.28;15622.19;0.88;83.85;2.57;2.26;2018-04-01;Pre-covid;Pre-covid
2018;04;Cataluña;Patatas frescas;12141.55;9256.6;0.76;70.84;1.75;1.34;2018-04-01;Pre-covid;Pre-covid
2018;04;Cataluña;Patatas congeladas;562.4;811.48;1.44;12.96;0.08;0.12;2018-04-01;Pre-covid;Pre-covid
2018;04;Cataluña;Patatas procesadas;1017.07;5554.12;5.46;53.67;0.15;0.8;2018-04-01;Pre-covid;Pre-covid
2018;04;Cataluña;Hortalizas frescas;42760.85;76992.32;1.8;97.3;6.18;11.13;2018-04-01;Pre-covid;Pre-covid
2018;04;Cataluña;Omates;8329.04;15278.76;1.83;85.64;1.2;2.21;2018-04-01;Pre-covid;Pre-covid
2018;04;Cataluña;Cebollas;4880.64;5993.03;1.23;74.12;0.71;0.87;2018-04-01;Pre-covid;Pre-covid
2018;04;Cataluña;Ajos;371.88;1621.06;4.36;37.62;0.05;0.23;2018-04-01;Pre-covid;Pre-covid
2018;04;Cataluña;Coles;967.13;1013.27;1.05;22.32;0.14;0.15;2018-04-01;Pre-covid;Pre-covid
2018;04;Cataluña;Pepinos;1172.26;1608.93;1.37;37.95;0.17;0.23;2018-04-01;Pre-covid;Pre-covid
2018;04;Cataluña;Judias verdes;1593.21;4956.59;3.11;44.04;0.23;0.72;2018-04-01;Pre-covid;Pre-covid
2018;04;Cataluña;Pimientos;3459.3;5569.49;1.61;66.74;0.5;0.8;2018-04-01;Pre-covid;Pre-covid
2018;04;Cataluña;Champiñoneso setas;817.79;3050.39;3.73;38.59;0.12;0.44;2018-04-01;Pre-covid;Pre-covid
2018;04;Cataluña;Lechuga/esc /endivia;2424.28;7060.58;2.91;68.8;0.35;1.02;2018-04-01;Pre-covid;Pre-covid
2018;04;Cataluña;Esparragos;973.86;2112.45;2.17;22.69;0.14;0.31;2018-04-01;Pre-covid;Pre-covid
2018;04;Cataluña;Verduras de hoja;1589.83;3073.28;1.93;29.12;0.23;0.44;2018-04-01;Pre-covid;Pre-covid
2018;04;Cataluña;Berenjenas;1335.08;1806.12;1.35;43.33;0.19;0.26;2018-04-01;Pre-covid;Pre-covid
2018;04;Cataluña;Zanahorias;1974.48;1988.74;1.01;51.95;0.29;0.29;2018-04-01;Pre-covid;Pre-covid
2018;04;Cataluña;Calabacines;2754.89;3599.24;1.31;57.91;0.4;0.52;2018-04-01;Pre-covid;Pre-covid
2018;04;Cataluña;Otr hortalizas/verd ;10117.19;18260.39;1.8;82.77;1.46;2.64;2018-04-01;Pre-covid;Pre-covid
2018;04;Cataluña;Brocoli;1144.69;1556.16;1.36;28.04;0.17;0.22;2018-04-01;Pre-covid;Pre-covid
2018;04;Cataluña;Alcachofas;3581.68;4325.75;1.21;48.05;0.52;0.63;2018-04-01;Pre-covid;Pre-covid
2018;04;Cataluña;Verd /hort  iv gama;4626.96;12001.4;2.59;73.0;0.67;1.73;2018-04-01;Pre-covid;Pre-covid
2018;04;Extremadura;Patatas;2798.76;2387.92;0.85;79.91;2.37;2.03;2018-04-01;Pre-covid;Pre-covid
2018;04;Extremadura;Patatas frescas;2105.08;1587.26;0.75;62.75;1.79;1.35;2018-04-01;Pre-covid;Pre-covid
2018;04;Extremadura;Patatas congeladas;145.83;183.72;1.26;14.26;0.12;0.16;2018-04-01;Pre-covid;Pre-covid
2018;04;Extremadura;Patatas procesadas;109.57;616.94;5.63;48.94;0.09;0.52;2018-04-01;Pre-covid;Pre-covid
2018;04;Extremadura;Hortalizas frescas;4764.06;7970.35;1.67;98.7;4.04;6.76;2018-04-01;Pre-covid;Pre-covid
2018;04;Extremadura;Omates;962.74;1380.34;1.43;76.91;0.82;1.17;2018-04-01;Pre-covid;Pre-covid
2018;04;Extremadura;Cebollas;509.82;515.92;1.01;67.85;0.43;0.44;2018-04-01;Pre-covid;Pre-covid
2018;04;Extremadura;Ajos;66.93;316.4;4.73;36.09;0.06;0.27;2018-04-01;Pre-covid;Pre-covid
2018;04;Extremadura;Coles;102.74;125.55;1.22;13.01;0.09;0.11;2018-04-01;Pre-covid;Pre-covid
2018;04;Extremadura;Pepinos;117.96;151.42;1.28;28.23;0.1;0.13;2018-04-01;Pre-covid;Pre-covid
2018;04;Extremadura;Judias verdes;102.9;248.54;2.42;33.58;0.09;0.21;2018-04-01;Pre-covid;Pre-covid
2018;04;Extremadura;Pimientos;335.14;606.59;1.81;67.43;0.28;0.51;2018-04-01;Pre-covid;Pre-covid
2018;04;Extremadura;Champiñoneso setas;90.37;267.28;2.96;28.73;0.08;0.23;2018-04-01;Pre-covid;Pre-covid
2018;04;Extremadura;Lechuga/esc /endivia;260.66;691.85;2.65;57.75;0.22;0.59;2018-04-01;Pre-covid;Pre-covid
2018;04;Extremadura;Esparragos;137.8;280.58;2.04;19.23;0.12;0.24;2018-04-01;Pre-covid;Pre-covid
2018;04;Extremadura;Verduras de hoja;294.85;491.92;1.67;31.72;0.25;0.42;2018-04-01;Pre-covid;Pre-covid
2018;04;Extremadura;Berenjenas;94.01;132.3;1.41;24.55;0.08;0.11;2018-04-01;Pre-covid;Pre-covid
2018;04;Extremadura;Zanahorias;315.92;279.95;0.89;59.02;0.27;0.24;2018-04-01;Pre-covid;Pre-covid
2018;04;Extremadura;Calabacines;434.54;593.24;1.37;53.07;0.37;0.5;2018-04-01;Pre-covid;Pre-covid
2018;04;Extremadura;Otr hortalizas/verd ;937.67;1888.45;2.01;80.46;0.8;1.6;2018-04-01;Pre-covid;Pre-covid
2018;04;Extremadura;Brocoli;57.86;95.98;1.66;20.01;0.05;0.08;2018-04-01;Pre-covid;Pre-covid
2018;04;Extremadura;Alcachofas;205.71;261.74;1.27;28.94;0.17;0.22;2018-04-01;Pre-covid;Pre-covid
2018;04;Extremadura;Verd /hort  iv gama;410.03;1080.21;2.63;58.05;0.35;0.92;2018-04-01;Pre-covid;Pre-covid
2018;04;Galicia;Patatas;7923.35;7431.5;0.94;65.54;2.86;2.68;2018-04-01;Pre-covid;Pre-covid
2018;04;Galicia;Patatas frescas;6801.85;6190.81;0.91;52.43;2.46;2.23;2018-04-01;Pre-covid;Pre-covid
2018;04;Galicia;Patatas congeladas;151.91;209.41;1.38;9.14;0.05;0.08;2018-04-01;Pre-covid;Pre-covid
2018;04;Galicia;Patatas procesadas;193.92;1031.28;5.32;29.58;0.07;0.37;2018-04-01;Pre-covid;Pre-covid
2018;04;Galicia;Hortalizas frescas;10898.68;19506.91;1.79;96.83;3.93;7.04;2018-04-01;Pre-covid;Pre-covid
2018;04;Galicia;Omates;1856.07;3137.17;1.69;79.8;0.67;1.13;2018-04-01;Pre-covid;Pre-covid
2018;04;Galicia;Cebollas;1305.35;1640.56;1.26;57.72;0.47;0.59;2018-04-01;Pre-covid;Pre-covid
2018;04;Galicia;Ajos;205.7;826.63;4.02;36.38;0.07;0.3;2018-04-01;Pre-covid;Pre-covid
2018;04;Galicia;Coles;749.82;759.97;1.01;29.09;0.27;0.27;2018-04-01;Pre-covid;Pre-covid
2018;04;Galicia;Pepinos;152.6;228.25;1.5;17.52;0.06;0.08;2018-04-01;Pre-covid;Pre-covid
2018;04;Galicia;Judias verdes;279.8;732.46;2.62;26.82;0.1;0.26;2018-04-01;Pre-covid;Pre-covid
2018;04;Galicia;Pimientos;862.53;1583.7;1.84;59.84;0.31;0.57;2018-04-01;Pre-covid;Pre-covid
2018;04;Galicia;Champiñoneso setas;224.93;860.21;3.82;27.52;0.08;0.31;2018-04-01;Pre-covid;Pre-covid
2018;04;Galicia;Lechuga/esc /endivia;958.01;2046.59;2.14;62.65;0.35;0.74;2018-04-01;Pre-covid;Pre-covid
2018;04;Galicia;Esparragos;202.46;531.31;2.62;10.61;0.07;0.19;2018-04-01;Pre-covid;Pre-covid
2018;04;Galicia;Verduras de hoja;257.64;568.37;2.21;19.15;0.09;0.21;2018-04-01;Pre-covid;Pre-covid
2018;04;Galicia;Berenjenas;157.43;228.82;1.45;18.75;0.06;0.08;2018-04-01;Pre-covid;Pre-covid
2018;04;Galicia;Zanahorias;952.34;877.69;0.92;69.29;0.34;0.32;2018-04-01;Pre-covid;Pre-covid
2018;04;Galicia;Calabacines;644.38;1003.43;1.56;37.4;0.23;0.36;2018-04-01;Pre-covid;Pre-covid
2018;04;Galicia;Otr hortalizas/verd ;2089.63;4481.76;2.14;73.05;0.75;1.62;2018-04-01;Pre-covid;Pre-covid
2018;04;Galicia;Brocoli;441.12;691.01;1.57;30.02;0.16;0.25;2018-04-01;Pre-covid;Pre-covid
2018;04;Galicia;Alcachofas;170.7;221.67;1.3;7.44;0.06;0.08;2018-04-01;Pre-covid;Pre-covid
2018;04;Galicia;Verd /hort  iv gama;1103.25;2928.08;2.65;54.55;0.4;1.06;2018-04-01;Pre-covid;Pre-covid
2018;04;La rioja;Patatas;345.02;335.68;0.97;56.11;1.09;1.06;2018-04-01;Pre-covid;Pre-covid
2018;04;La rioja;Patatas frescas;256.0;223.17;0.87;50.28;0.81;0.71;2018-04-01;Pre-covid;Pre-covid
2018;04;La rioja;Patatas congeladas;3.93;4.55;1.16;3.88;0.01;0.01;2018-04-01;Pre-covid;Pre-covid
2018;04;La rioja;Patatas procesadas;17.02;107.97;6.34;35.2;0.05;0.34;2018-04-01;Pre-covid;Pre-covid
2018;04;La rioja;Hortalizas frescas;1228.54;2454.1;2.0;96.86;3.88;7.75;2018-04-01;Pre-covid;Pre-covid
2018;04;La rioja;Omates;210.88;387.75;1.84;77.19;0.67;1.23;2018-04-01;Pre-covid;Pre-covid
2018;04;La rioja;Cebollas;124.59;177.63;1.43;61.92;0.39;0.56;2018-04-01;Pre-covid;Pre-covid
2018;04;La rioja;Ajos;9.74;44.79;4.6;17.93;0.03;0.14;2018-04-01;Pre-covid;Pre-covid
2018;04;La rioja;Coles;15.02;18.85;1.25;7.28;0.05;0.06;2018-04-01;Pre-covid;Pre-covid
2018;04;La rioja;Pepinos;32.67;49.41;1.51;34.94;0.1;0.16;2018-04-01;Pre-covid;Pre-covid
2018;04;La rioja;Judias verdes;50.67;136.99;2.7;33.98;0.16;0.43;2018-04-01;Pre-covid;Pre-covid
2018;04;La rioja;Pimientos;67.92;135.22;1.99;59.71;0.21;0.43;2018-04-01;Pre-covid;Pre-covid
2018;04;La rioja;Champiñoneso setas;50.2;219.81;4.38;55.27;0.16;0.69;2018-04-01;Pre-covid;Pre-covid
2018;04;La rioja;Lechuga/esc /endivia;79.66;220.13;2.76;59.43;0.25;0.7;2018-04-01;Pre-covid;Pre-covid
2018;04;La rioja;Esparragos;42.47;211.37;4.98;15.71;0.13;0.67;2018-04-01;Pre-covid;Pre-covid
2018;04;La rioja;Verduras de hoja;15.92;59.79;3.76;16.11;0.05;0.19;2018-04-01;Pre-covid;Pre-covid
2018;04;La rioja;Berenjenas;14.27;20.48;1.43;21.05;0.05;0.06;2018-04-01;Pre-covid;Pre-covid
2018;04;La rioja;Zanahorias;77.07;66.38;0.86;55.94;0.24;0.21;2018-04-01;Pre-covid;Pre-covid
2018;04;La rioja;Calabacines;96.9;112.38;1.16;66.73;0.31;0.36;2018-04-01;Pre-covid;Pre-covid
2018;04;La rioja;Otr hortalizas/verd ;340.56;593.12;1.74;87.17;1.08;1.87;2018-04-01;Pre-covid;Pre-covid
2018;04;La rioja;Brocoli;10.29;13.23;1.29;5.42;0.03;0.04;2018-04-01;Pre-covid;Pre-covid
2018;04;La rioja;Alcachofas;194.27;213.95;1.1;37.64;0.61;0.68;2018-04-01;Pre-covid;Pre-covid
2018;04;La rioja;Verd /hort  iv gama;188.09;409.78;2.18;67.27;0.59;1.29;2018-04-01;Pre-covid;Pre-covid
2018;04;Madrid;Patatas;13914.19;10661.62;0.77;82.66;2.24;1.71;2018-04-01;Pre-covid;Pre-covid
2018;04;Madrid;Patatas frescas;10008.0;6652.65;0.66;71.63;1.61;1.07;2018-04-01;Pre-covid;Pre-covid
2018;04;Madrid;Patatas congeladas;482.89;623.7;1.29;11.62;0.08;0.1;2018-04-01;Pre-covid;Pre-covid
2018;04;Madrid;Patatas procesadas;684.66;3385.27;4.94;47.32;0.11;0.54;2018-04-01;Pre-covid;Pre-covid
2018;04;Madrid;Hortalizas frescas;31538.0;56009.15;1.78;98.03;5.07;9.0;2018-04-01;Pre-covid;Pre-covid
2018;04;Madrid;Omates;6604.48;11080.05;1.68;85.12;1.06;1.78;2018-04-01;Pre-covid;Pre-covid
2018;04;Madrid;Cebollas;3507.6;3723.52;1.06;71.08;0.56;0.6;2018-04-01;Pre-covid;Pre-covid
2018;04;Madrid;Ajos;310.57;1360.52;4.38;34.04;0.05;0.22;2018-04-01;Pre-covid;Pre-covid
2018;04;Madrid;Coles;737.78;798.78;1.08;24.23;0.12;0.13;2018-04-01;Pre-covid;Pre-covid
2018;04;Madrid;Pepinos;939.14;1217.33;1.3;31.53;0.15;0.2;2018-04-01;Pre-covid;Pre-covid
2018;04;Madrid;Judias verdes;1501.2;3413.86;2.27;42.78;0.24;0.55;2018-04-01;Pre-covid;Pre-covid
2018;04;Madrid;Pimientos;2846.01;4767.47;1.68;67.06;0.46;0.77;2018-04-01;Pre-covid;Pre-covid
2018;04;Madrid;Champiñoneso setas;693.13;2644.54;3.82;39.99;0.11;0.42;2018-04-01;Pre-covid;Pre-covid
2018;04;Madrid;Lechuga/esc /endivia;1433.12;4569.66;3.19;61.51;0.23;0.73;2018-04-01;Pre-covid;Pre-covid
2018;04;Madrid;Esparragos;919.13;2491.38;2.71;28.28;0.15;0.4;2018-04-01;Pre-covid;Pre-covid
2018;04;Madrid;Verduras de hoja;668.45;1780.75;2.66;32.19;0.11;0.29;2018-04-01;Pre-covid;Pre-covid
2018;04;Madrid;Berenjenas;742.24;933.4;1.26;29.12;0.12;0.15;2018-04-01;Pre-covid;Pre-covid
2018;04;Madrid;Zanahorias;1786.36;1684.05;0.94;62.56;0.29;0.27;2018-04-01;Pre-covid;Pre-covid
2018;04;Madrid;Calabacines;2346.73;2895.82;1.23;58.3;0.38;0.47;2018-04-01;Pre-covid;Pre-covid
2018;04;Madrid;Otr hortalizas/verd ;6502.06;12648.02;1.95;86.11;1.04;2.03;2018-04-01;Pre-covid;Pre-covid
2018;04;Madrid;Brocoli;654.58;1120.69;1.71;26.27;0.11;0.18;2018-04-01;Pre-covid;Pre-covid
2018;04;Madrid;Alcachofas;1455.04;1929.97;1.33;36.24;0.23;0.31;2018-04-01;Pre-covid;Pre-covid
2018;04;Madrid;Verd /hort  iv gama;3498.14;9840.34;2.81;74.63;0.56;1.58;2018-04-01;Pre-covid;Pre-covid
2018;04;Murcia;Patatas;3622.5;2862.08;0.79;81.29;2.54;2.01;2018-04-01;Pre-covid;Pre-covid
2018;04;Murcia;Patatas frescas;2654.87;1864.94;0.7;64.95;1.86;1.31;2018-04-01;Pre-covid;Pre-covid
2018;04;Murcia;Patatas congeladas;113.57;154.44;1.36;13.67;0.08;0.11;2018-04-01;Pre-covid;Pre-covid
2018;04;Murcia;Patatas procesadas;170.81;842.7;4.93;49.07;0.12;0.59;2018-04-01;Pre-covid;Pre-covid
2018;04;Murcia;Hortalizas frescas;7069.85;13147.53;1.86;92.24;4.96;9.23;2018-04-01;Pre-covid;Pre-covid
2018;04;Murcia;Omates;1563.26;3591.47;2.3;79.48;1.1;2.52;2018-04-01;Pre-covid;Pre-covid
2018;04;Murcia;Cebollas;837.97;938.51;1.12;59.53;0.59;0.66;2018-04-01;Pre-covid;Pre-covid
2018;04;Murcia;Ajos;87.99;347.18;3.95;30.89;0.06;0.24;2018-04-01;Pre-covid;Pre-covid
2018;04;Murcia;Coles;63.92;75.47;1.18;10.64;0.04;0.05;2018-04-01;Pre-covid;Pre-covid
2018;04;Murcia;Pepinos;257.6;366.12;1.42;31.58;0.18;0.26;2018-04-01;Pre-covid;Pre-covid
2018;04;Murcia;Judias verdes;238.97;684.63;2.86;40.82;0.17;0.48;2018-04-01;Pre-covid;Pre-covid
2018;04;Murcia;Pimientos;503.74;819.61;1.63;67.78;0.35;0.58;2018-04-01;Pre-covid;Pre-covid
2018;04;Murcia;Champiñoneso setas;274.48;652.21;2.38;48.49;0.19;0.46;2018-04-01;Pre-covid;Pre-covid
2018;04;Murcia;Lechuga/esc /endivia;449.12;1018.35;2.27;54.44;0.32;0.72;2018-04-01;Pre-covid;Pre-covid
2018;04;Murcia;Esparragos;198.01;433.6;2.19;21.42;0.14;0.3;2018-04-01;Pre-covid;Pre-covid
2018;04;Murcia;Verduras de hoja;107.47;250.21;2.33;24.8;0.08;0.18;2018-04-01;Pre-covid;Pre-covid
2018;04;Murcia;Berenjenas;201.39;290.72;1.44;33.67;0.14;0.2;2018-04-01;Pre-covid;Pre-covid
2018;04;Murcia;Zanahorias;294.42;294.12;1.0;47.53;0.21;0.21;2018-04-01;Pre-covid;Pre-covid
2018;04;Murcia;Calabacines;347.96;465.5;1.34;44.71;0.24;0.33;2018-04-01;Pre-covid;Pre-covid
2018;04;Murcia;Otr hortalizas/verd ;1643.55;2919.82;1.78;81.45;1.15;2.05;2018-04-01;Pre-covid;Pre-covid
2018;04;Murcia;Brocoli;131.52;187.03;1.42;17.18;0.09;0.13;2018-04-01;Pre-covid;Pre-covid
2018;04;Murcia;Alcachofas;428.99;462.35;1.08;29.24;0.3;0.32;2018-04-01;Pre-covid;Pre-covid
2018;04;Murcia;Verd /hort  iv gama;681.38;1812.56;2.66;62.58;0.48;1.27;2018-04-01;Pre-covid;Pre-covid
2018;04;Navarra;Patatas;995.26;807.58;0.81;75.02;1.68;1.36;2018-04-01;Pre-covid;Pre-covid
2018;04;Navarra;Patatas frescas;744.67;588.68;0.79;42.17;1.26;0.99;2018-04-01;Pre-covid;Pre-covid
2018;04;Navarra;Patatas congeladas;32.41;42.09;1.3;15.38;0.05;0.07;2018-04-01;Pre-covid;Pre-covid
2018;04;Navarra;Patatas procesadas;43.64;176.8;4.05;37.04;0.07;0.3;2018-04-01;Pre-covid;Pre-covid
2018;04;Navarra;Hortalizas frescas;2807.66;5251.09;1.87;99.36;4.74;8.87;2018-04-01;Pre-covid;Pre-covid
2018;04;Navarra;Omates;387.17;669.86;1.73;70.85;0.65;1.13;2018-04-01;Pre-covid;Pre-covid
2018;04;Navarra;Cebollas;323.55;322.87;1.0;63.54;0.55;0.55;2018-04-01;Pre-covid;Pre-covid
2018;04;Navarra;Ajos;23.35;145.92;6.25;31.8;0.04;0.25;2018-04-01;Pre-covid;Pre-covid
2018;04;Navarra;Coles;44.69;46.07;1.03;9.69;0.08;0.08;2018-04-01;Pre-covid;Pre-covid
2018;04;Navarra;Pepinos;37.86;53.15;1.4;14.18;0.06;0.09;2018-04-01;Pre-covid;Pre-covid
2018;04;Navarra;Judias verdes;119.16;329.53;2.77;44.64;0.2;0.56;2018-04-01;Pre-covid;Pre-covid
2018;04;Navarra;Pimientos;221.98;414.1;1.87;59.14;0.37;0.7;2018-04-01;Pre-covid;Pre-covid
2018;04;Navarra;Champiñoneso setas;48.26;202.35;4.19;37.13;0.08;0.34;2018-04-01;Pre-covid;Pre-covid
2018;04;Navarra;Lechuga/esc /endivia;317.14;805.41;2.54;75.3;0.54;1.36;2018-04-01;Pre-covid;Pre-covid
2018;04;Navarra;Esparragos;121.37;331.57;2.73;16.96;0.2;0.56;2018-04-01;Pre-covid;Pre-covid
2018;04;Navarra;Verduras de hoja;53.8;156.73;2.91;24.72;0.09;0.26;2018-04-01;Pre-covid;Pre-covid
2018;04;Navarra;Berenjenas;97.21;142.5;1.47;24.95;0.16;0.24;2018-04-01;Pre-covid;Pre-covid
2018;04;Navarra;Zanahorias;179.15;166.05;0.93;57.91;0.3;0.28;2018-04-01;Pre-covid;Pre-covid
2018;04;Navarra;Calabacines;201.32;283.93;1.41;58.44;0.34;0.48;2018-04-01;Pre-covid;Pre-covid
2018;04;Navarra;Otr hortalizas/verd ;631.65;1181.07;1.87;76.15;1.07;1.99;2018-04-01;Pre-covid;Pre-covid
2018;04;Navarra;Brocoli;53.37;86.74;1.63;27.67;0.09;0.15;2018-04-01;Pre-covid;Pre-covid
2018;04;Navarra;Alcachofas;150.18;201.88;1.34;22.42;0.25;0.34;2018-04-01;Pre-covid;Pre-covid
2018;04;Navarra;Verd /hort  iv gama;375.77;827.56;2.2;72.7;0.63;1.4;2018-04-01;Pre-covid;Pre-covid
2018;04;Pais vasco;Patatas;5352.26;4345.51;0.81;80.2;2.59;2.1;2018-04-01;Pre-covid;Pre-covid
2018;04;Pais vasco;Patatas frescas;4062.66;2819.48;0.69;67.55;1.96;1.36;2018-04-01;Pre-covid;Pre-covid
2018;04;Pais vasco;Patatas congeladas;103.04;143.68;1.39;8.07;0.05;0.07;2018-04-01;Pre-covid;Pre-covid
2018;04;Pais vasco;Patatas procesadas;237.31;1382.35;5.83;41.98;0.11;0.67;2018-04-01;Pre-covid;Pre-covid
2018;04;Pais vasco;Hortalizas frescas;11657.1;21998.61;1.89;97.54;5.63;10.63;2018-04-01;Pre-covid;Pre-covid
2018;04;Pais vasco;Omates;2060.99;4256.51;2.07;79.91;1.0;2.06;2018-04-01;Pre-covid;Pre-covid
2018;04;Pais vasco;Cebollas;1262.92;1595.51;1.26;69.14;0.61;0.77;2018-04-01;Pre-covid;Pre-covid
2018;04;Pais vasco;Ajos;220.65;807.48;3.66;47.82;0.11;0.39;2018-04-01;Pre-covid;Pre-covid
2018;04;Pais vasco;Coles;261.13;267.29;1.02;13.78;0.13;0.13;2018-04-01;Pre-covid;Pre-covid
2018;04;Pais vasco;Pepinos;190.96;261.46;1.37;24.36;0.09;0.13;2018-04-01;Pre-covid;Pre-covid
2018;04;Pais vasco;Judias verdes;602.66;1429.62;2.37;51.38;0.29;0.69;2018-04-01;Pre-covid;Pre-covid
2018;04;Pais vasco;Pimientos;1111.45;1992.51;1.79;66.81;0.54;0.96;2018-04-01;Pre-covid;Pre-covid
2018;04;Pais vasco;Champiñoneso setas;362.32;1202.03;3.32;42.67;0.18;0.58;2018-04-01;Pre-covid;Pre-covid
2018;04;Pais vasco;Lechuga/esc /endivia;857.7;2222.93;2.59;66.59;0.41;1.07;2018-04-01;Pre-covid;Pre-covid
2018;04;Pais vasco;Esparragos;144.75;452.09;3.12;17.82;0.07;0.22;2018-04-01;Pre-covid;Pre-covid
2018;04;Pais vasco;Verduras de hoja;434.67;768.76;1.77;37.3;0.21;0.37;2018-04-01;Pre-covid;Pre-covid
2018;04;Pais vasco;Berenjenas;252.24;305.49;1.21;26.91;0.12;0.15;2018-04-01;Pre-covid;Pre-covid
2018;04;Pais vasco;Zanahorias;740.59;686.78;0.93;63.57;0.36;0.33;2018-04-01;Pre-covid;Pre-covid
2018;04;Pais vasco;Calabacines;974.51;1259.08;1.29;53.29;0.47;0.61;2018-04-01;Pre-covid;Pre-covid
2018;04;Pais vasco;Otr hortalizas/verd ;2179.57;4491.06;2.06;79.31;1.05;2.17;2018-04-01;Pre-covid;Pre-covid
2018;04;Pais vasco;Brocoli;252.39;393.99;1.56;30.73;0.12;0.19;2018-04-01;Pre-covid;Pre-covid
2018;04;Pais vasco;Alcachofas;395.23;605.01;1.53;27.94;0.19;0.29;2018-04-01;Pre-covid;Pre-covid
2018;04;Pais vasco;Verd /hort  iv gama;1244.9;3146.63;2.53;69.19;0.6;1.52;2018-04-01;Pre-covid;Pre-covid
2018;04;Valencia;Patatas;10750.32;8872.36;0.83;81.18;2.27;1.87;2018-04-01;Pre-covid;Pre-covid
2018;04;Valencia;Patatas frescas;7455.86;5360.92;0.72;65.48;1.58;1.13;2018-04-01;Pre-covid;Pre-covid
2018;04;Valencia;Patatas congeladas;329.4;450.57;1.37;13.11;0.07;0.1;2018-04-01;Pre-covid;Pre-covid
2018;04;Valencia;Patatas procesadas;593.01;3060.87;5.16;51.62;0.13;0.65;2018-04-01;Pre-covid;Pre-covid
2018;04;Valencia;Hortalizas frescas;26675.34;46235.11;1.73;97.8;5.64;9.77;2018-04-01;Pre-covid;Pre-covid
2018;04;Valencia;Omates;4897.7;7687.29;1.57;81.35;1.03;1.62;2018-04-01;Pre-covid;Pre-covid
2018;04;Valencia;Cebollas;3076.07;3052.91;0.99;66.06;0.65;0.65;2018-04-01;Pre-covid;Pre-covid
2018;04;Valencia;Ajos;344.52;1585.99;4.6;33.52;0.07;0.34;2018-04-01;Pre-covid;Pre-covid
2018;04;Valencia;Coles;560.88;566.6;1.01;14.54;0.12;0.12;2018-04-01;Pre-covid;Pre-covid
2018;04;Valencia;Pepinos;970.12;1247.86;1.29;40.77;0.2;0.26;2018-04-01;Pre-covid;Pre-covid
2018;04;Valencia;Judias verdes;756.43;1959.32;2.59;37.8;0.16;0.41;2018-04-01;Pre-covid;Pre-covid
2018;04;Valencia;Pimientos;2098.94;3436.14;1.64;60.33;0.44;0.73;2018-04-01;Pre-covid;Pre-covid
2018;04;Valencia;Champiñoneso setas;774.34;2781.09;3.59;46.05;0.16;0.59;2018-04-01;Pre-covid;Pre-covid
2018;04;Valencia;Lechuga/esc /endivia;1374.74;3950.45;2.87;64.27;0.29;0.83;2018-04-01;Pre-covid;Pre-covid
2018;04;Valencia;Esparragos;647.01;1780.96;2.75;29.34;0.14;0.38;2018-04-01;Pre-covid;Pre-covid
2018;04;Valencia;Verduras de hoja;830.46;1868.54;2.25;34.75;0.18;0.39;2018-04-01;Pre-covid;Pre-covid
2018;04;Valencia;Berenjenas;1015.38;1441.35;1.42;41.51;0.21;0.3;2018-04-01;Pre-covid;Pre-covid
2018;04;Valencia;Zanahorias;1308.14;1152.32;0.88;48.74;0.28;0.24;2018-04-01;Pre-covid;Pre-covid
2018;04;Valencia;Calabacines;1599.75;1951.06;1.22;49.67;0.34;0.41;2018-04-01;Pre-covid;Pre-covid
2018;04;Valencia;Otr hortalizas/verd ;6420.87;11773.23;1.83;86.89;1.36;2.49;2018-04-01;Pre-covid;Pre-covid
2018;04;Valencia;Brocoli;552.88;792.63;1.43;20.73;0.12;0.17;2018-04-01;Pre-covid;Pre-covid
2018;04;Valencia;Alcachofas;2336.61;2620.39;1.12;45.45;0.49;0.55;2018-04-01;Pre-covid;Pre-covid
2018;04;Valencia;Verd /hort  iv gama;3103.56;8572.73;2.76;74.8;0.66;1.81;2018-04-01;Pre-covid;Pre-covid
2018;04;Nacional;Frutas frescas;328838.75;529178.36;1.61;95.86;7.21;11.6;2018-04-01;Pre-covid;Pre-covid
2018;04;Nacional;Naranjas;94388.69;91100.19;0.97;59.4;2.07;2.0;2018-04-01;Pre-covid;Pre-covid
2018;04;Nacional;Mandarinas;20084.89;34236.9;1.7;41.96;0.44;0.75;2018-04-01;Pre-covid;Pre-covid
2018;04;Nacional;Limones;8709.46;13486.06;1.55;34.55;0.19;0.3;2018-04-01;Pre-covid;Pre-covid
2018;04;Nacional;Platanos;52679.79;80862.43;1.53;80.72;1.15;1.77;2018-04-01;Pre-covid;Pre-covid
2018;04;Nacional;Manzanas;43615.94;66873.92;1.53;69.55;0.96;1.47;2018-04-01;Pre-covid;Pre-covid
2018;04;Nacional;Peras;23511.94;36771.84;1.56;54.21;0.52;0.81;2018-04-01;Pre-covid;Pre-covid
2018;04;Nacional;Melocotones;241.97;398.06;1.65;0.89;0.01;0.01;2018-04-01;Pre-covid;Pre-covid
2018;04;Nacional;Nectarinas;679.38;1391.75;2.05;2.7;0.01;0.03;2018-04-01;Pre-covid;Pre-covid
2018;04;Nacional;Albaricoques;232.93;640.69;2.75;2.14;0.01;0.01;2018-04-01;Pre-covid;Pre-covid
2018;04;Nacional;Fresas/freson;35330.17;81728.14;2.31;72.48;0.77;1.79;2018-04-01;Pre-covid;Pre-covid
2018;04;Nacional;Melon;7250.64;13315.29;1.84;12.52;0.16;0.29;2018-04-01;Pre-covid;Pre-covid
2018;04;Nacional;Sandia;6149.65;10451.85;1.7;11.23;0.13;0.23;2018-04-01;Pre-covid;Pre-covid
2018;04;Nacional;Ciruelas;1481.14;4485.6;3.03;8.47;0.03;0.1;2018-04-01;Pre-covid;Pre-covid
2018;04;Nacional;Cerezas;49.58;159.05;3.21;0.4;0.0;0.0;2018-04-01;Pre-covid;Pre-covid
2018;04;Nacional;Uvas;2254.11;8438.45;3.74;11.74;0.05;0.18;2018-04-01;Pre-covid;Pre-covid
2018;04;Nacional;Kiwi;11191.36;30706.13;2.74;36.09;0.25;0.67;2018-04-01;Pre-covid;Pre-covid
2018;04;Nacional;Aguacate;4705.31;16378.71;3.48;24.43;0.1;0.36;2018-04-01;Pre-covid;Pre-covid
2018;04;Nacional;Piña;7249.12;11934.19;1.65;18.91;0.16;0.26;2018-04-01;Pre-covid;Pre-covid
2018;04;Nacional;Otras frutas frescas;9032.68;25819.1;2.86;30.25;0.2;0.57;2018-04-01;Pre-covid;Pre-covid
2018;04;Nacional;Pomelo;1486.16;2655.04;1.79;2.88;0.03;0.06;2018-04-01;Pre-covid;Pre-covid
2018;04;Nacional;Chirimoya;0.0;0.0;0.0;0.0;0.0;0.0;2018-04-01;Pre-covid;Pre-covid
2018;04;Nacional;Frutas iv gama;17838.57;31047.15;1.74;32.61;0.39;0.68;2018-04-01;Pre-covid;Pre-covid
2018;04;Andalucia;Frutas frescas;52121.51;80467.7;1.54;95.02;6.0;9.26;2018-04-01;Pre-covid;Pre-covid
2018;04;Andalucia;Naranjas;13792.46;12406.36;0.9;55.08;1.59;1.43;2018-04-01;Pre-covid;Pre-covid
2018;04;Andalucia;Mandarinas;3311.89;5092.52;1.54;39.47;0.38;0.59;2018-04-01;Pre-covid;Pre-covid
2018;04;Andalucia;Limones;1315.61;1995.94;1.52;30.8;0.15;0.23;2018-04-01;Pre-covid;Pre-covid
2018;04;Andalucia;Platanos;8812.97;12974.65;1.47;80.15;1.01;1.49;2018-04-01;Pre-covid;Pre-covid
2018;04;Andalucia;Manzanas;7087.84;10801.71;1.52;71.0;0.82;1.24;2018-04-01;Pre-covid;Pre-covid
2018;04;Andalucia;Peras;3723.8;5676.09;1.52;52.96;0.43;0.65;2018-04-01;Pre-covid;Pre-covid
2018;04;Andalucia;Melocotones;52.78;70.37;1.33;1.12;0.01;0.01;2018-04-01;Pre-covid;Pre-covid
2018;04;Andalucia;Nectarinas;95.8;170.81;1.78;2.03;0.01;0.02;2018-04-01;Pre-covid;Pre-covid
2018;04;Andalucia;Albaricoques;44.98;132.15;2.94;2.69;0.01;0.02;2018-04-01;Pre-covid;Pre-covid
2018;04;Andalucia;Fresas/freson;6125.71;13493.88;2.2;70.23;0.71;1.55;2018-04-01;Pre-covid;Pre-covid
2018;04;Andalucia;Melon;907.48;1506.68;1.66;9.91;0.1;0.17;2018-04-01;Pre-covid;Pre-covid
2018;04;Andalucia;Sandia;1472.06;2066.23;1.4;10.83;0.17;0.24;2018-04-01;Pre-covid;Pre-covid
2018;04;Andalucia;Ciruelas;243.5;731.55;3.0;7.6;0.03;0.08;2018-04-01;Pre-covid;Pre-covid
2018;04;Andalucia;Cerezas;7.06;19.55;2.77;0.52;0.0;0.0;2018-04-01;Pre-covid;Pre-covid
2018;04;Andalucia;Uvas;360.67;1284.81;3.56;9.84;0.04;0.15;2018-04-01;Pre-covid;Pre-covid
2018;04;Andalucia;Kiwi;1576.43;4264.0;2.7;34.55;0.18;0.49;2018-04-01;Pre-covid;Pre-covid
2018;04;Andalucia;Aguacate;649.83;2295.79;3.53;22.57;0.07;0.26;2018-04-01;Pre-covid;Pre-covid
2018;04;Andalucia;Piña;1067.25;1570.73;1.47;16.99;0.12;0.18;2018-04-01;Pre-covid;Pre-covid
2018;04;Andalucia;Otras frutas frescas;1473.4;3913.87;2.66;32.02;0.17;0.45;2018-04-01;Pre-covid;Pre-covid
2018;04;Andalucia;Pomelo;124.36;250.74;2.02;1.82;0.01;0.03;2018-04-01;Pre-covid;Pre-covid
2018;04;Andalucia;Chirimoya;0.0;0.0;0.0;0.0;0.0;0.0;2018-04-01;Pre-covid;Pre-covid
2018;04;Andalucia;Frutas iv gama;3163.86;5163.47;1.63;34.36;0.36;0.59;2018-04-01;Pre-covid;Pre-covid
2018;04;Aragon;Frutas frescas;9025.25;14125.6;1.57;95.16;6.87;10.76;2018-04-01;Pre-covid;Pre-covid
2018;04;Aragon;Naranjas;2507.0;2434.22;0.97;66.12;1.91;1.85;2018-04-01;Pre-covid;Pre-covid
2018;04;Aragon;Mandarinas;625.01;1003.23;1.61;44.46;0.48;0.76;2018-04-01;Pre-covid;Pre-covid
2018;04;Aragon;Limones;223.26;353.54;1.58;39.77;0.17;0.27;2018-04-01;Pre-covid;Pre-covid
2018;04;Aragon;Platanos;1305.63;2064.84;1.58;76.89;0.99;1.57;2018-04-01;Pre-covid;Pre-covid
2018;04;Aragon;Manzanas;1285.13;1777.99;1.38;62.17;0.98;1.35;2018-04-01;Pre-covid;Pre-covid
2018;04;Aragon;Peras;622.19;895.14;1.44;45.8;0.47;0.68;2018-04-01;Pre-covid;Pre-covid
2018;04;Aragon;Melocotones;4.2;10.47;2.49;0.91;0.0;0.01;2018-04-01;Pre-covid;Pre-covid
2018;04;Aragon;Nectarinas;4.41;6.62;1.5;0.7;0.0;0.01;2018-04-01;Pre-covid;Pre-covid
2018;04;Aragon;Albaricoques;11.67;22.99;1.97;2.71;0.01;0.02;2018-04-01;Pre-covid;Pre-covid
2018;04;Aragon;Fresas/freson;1027.85;2225.37;2.17;70.65;0.78;1.69;2018-04-01;Pre-covid;Pre-covid
2018;04;Aragon;Melon;187.38;332.04;1.77;19.14;0.14;0.25;2018-04-01;Pre-covid;Pre-covid
2018;04;Aragon;Sandia;157.9;303.36;1.92;14.02;0.12;0.23;2018-04-01;Pre-covid;Pre-covid
2018;04;Aragon;Ciruelas;35.8;107.41;3.0;6.78;0.03;0.08;2018-04-01;Pre-covid;Pre-covid
2018;04;Aragon;Cerezas;1.93;6.56;3.4;0.39;0.0;0.0;2018-04-01;Pre-covid;Pre-covid
2018;04;Aragon;Uvas;52.54;211.22;4.02;10.75;0.04;0.16;2018-04-01;Pre-covid;Pre-covid
2018;04;Aragon;Kiwi;308.82;841.18;2.72;42.48;0.24;0.64;2018-04-01;Pre-covid;Pre-covid
2018;04;Aragon;Aguacate;155.24;468.75;3.02;23.37;0.12;0.36;2018-04-01;Pre-covid;Pre-covid
2018;04;Aragon;Piña;266.04;387.49;1.46;18.27;0.2;0.3;2018-04-01;Pre-covid;Pre-covid
2018;04;Aragon;Otras frutas frescas;243.25;673.19;2.77;28.85;0.19;0.51;2018-04-01;Pre-covid;Pre-covid
2018;04;Aragon;Pomelo;18.44;35.04;1.9;4.16;0.01;0.03;2018-04-01;Pre-covid;Pre-covid
2018;04;Aragon;Chirimoya;0.0;0.0;0.0;0.0;0.0;0.0;2018-04-01;Pre-covid;Pre-covid
2018;04;Aragon;Frutas iv gama;531.28;904.59;1.7;35.39;0.4;0.69;2018-04-01;Pre-covid;Pre-covid
2018;04;Asturias;Frutas frescas;7772.6;13030.74;1.68;94.0;7.17;12.02;2018-04-01;Pre-covid;Pre-covid
2018;04;Asturias;Naranjas;2097.18;1997.01;0.95;56.19;1.93;1.84;2018-04-01;Pre-covid;Pre-covid
2018;04;Asturias;Mandarinas;505.53;913.5;1.81;53.49;0.47;0.84;2018-04-01;Pre-covid;Pre-covid
2018;04;Asturias;Limones;178.92;314.45;1.76;30.6;0.17;0.29;2018-04-01;Pre-covid;Pre-covid
2018;04;Asturias;Platanos;1412.83;2191.74;1.55;78.69;1.3;2.02;2018-04-01;Pre-covid;Pre-covid
2018;04;Asturias;Manzanas;1024.35;1722.62;1.68;65.87;0.94;1.59;2018-04-01;Pre-covid;Pre-covid
2018;04;Asturias;Peras;523.51;912.18;1.74;48.31;0.48;0.84;2018-04-01;Pre-covid;Pre-covid
2018;04;Asturias;Melocotones;5.2;13.7;2.63;1.93;0.0;0.01;2018-04-01;Pre-covid;Pre-covid
2018;04;Asturias;Nectarinas;25.94;54.05;2.08;3.83;0.02;0.05;2018-04-01;Pre-covid;Pre-covid
2018;04;Asturias;Albaricoques;1.95;10.95;5.62;1.02;0.0;0.01;2018-04-01;Pre-covid;Pre-covid
2018;04;Asturias;Fresas/freson;799.46;1903.99;2.38;72.45;0.74;1.76;2018-04-01;Pre-covid;Pre-covid
2018;04;Asturias;Melon;101.17;206.87;2.04;9.45;0.09;0.19;2018-04-01;Pre-covid;Pre-covid
2018;04;Asturias;Sandia;107.21;177.8;1.66;8.65;0.1;0.16;2018-04-01;Pre-covid;Pre-covid
2018;04;Asturias;Ciruelas;51.03;168.06;3.29;8.05;0.05;0.16;2018-04-01;Pre-covid;Pre-covid
2018;04;Asturias;Cerezas;0.0;0.0;0.0;0.0;0.0;0.0;2018-04-01;Pre-covid;Pre-covid
2018;04;Asturias;Uvas;67.85;241.63;3.56;14.15;0.06;0.22;2018-04-01;Pre-covid;Pre-covid
2018;04;Asturias;Kiwi;379.67;969.73;2.55;41.25;0.35;0.89;2018-04-01;Pre-covid;Pre-covid
2018;04;Asturias;Aguacate;68.26;223.23;3.27;20.83;0.06;0.21;2018-04-01;Pre-covid;Pre-covid
2018;04;Asturias;Piña;239.72;354.6;1.48;23.85;0.22;0.33;2018-04-01;Pre-covid;Pre-covid
2018;04;Asturias;Otras frutas frescas;182.83;654.64;3.58;30.25;0.17;0.6;2018-04-01;Pre-covid;Pre-covid
2018;04;Asturias;Pomelo;44.23;77.23;1.75;2.97;0.04;0.07;2018-04-01;Pre-covid;Pre-covid
2018;04;Asturias;Chirimoya;0.0;0.0;0.0;0.0;0.0;0.0;2018-04-01;Pre-covid;Pre-covid
2018;04;Asturias;Frutas iv gama;249.3;534.93;2.15;29.07;0.23;0.49;2018-04-01;Pre-covid;Pre-covid
2018;04;Baleares;Frutas frescas;7537.14;13196.25;1.75;94.99;7.32;12.81;2018-04-01;Pre-covid;Pre-covid
2018;04;Baleares;Naranjas;1894.89;1905.32;1.01;43.4;1.84;1.85;2018-04-01;Pre-covid;Pre-covid
2018;04;Baleares;Mandarinas;250.7;447.93;1.79;33.52;0.24;0.43;2018-04-01;Pre-covid;Pre-covid
2018;04;Baleares;Limones;218.46;358.77;1.64;22.78;0.21;0.35;2018-04-01;Pre-covid;Pre-covid
2018;04;Baleares;Platanos;1430.66;2215.62;1.55;85.63;1.39;2.15;2018-04-01;Pre-covid;Pre-covid
2018;04;Baleares;Manzanas;1029.74;1587.08;1.54;70.64;1.0;1.54;2018-04-01;Pre-covid;Pre-covid
2018;04;Baleares;Peras;509.74;836.74;1.64;56.54;0.49;0.81;2018-04-01;Pre-covid;Pre-covid
2018;04;Baleares;Melocotones;0.0;0.0;0.0;0.0;0.0;0.0;2018-04-01;Pre-covid;Pre-covid
2018;04;Baleares;Nectarinas;5.05;13.14;2.6;0.61;0.0;0.01;2018-04-01;Pre-covid;Pre-covid
2018;04;Baleares;Albaricoques;0.0;0.0;0.0;0.0;0.0;0.0;2018-04-01;Pre-covid;Pre-covid
2018;04;Baleares;Fresas/freson;835.78;1962.67;2.35;72.76;0.81;1.91;2018-04-01;Pre-covid;Pre-covid
2018;04;Baleares;Melon;116.87;200.93;1.72;10.73;0.11;0.2;2018-04-01;Pre-covid;Pre-covid
2018;04;Baleares;Sandia;187.9;307.31;1.64;16.59;0.18;0.3;2018-04-01;Pre-covid;Pre-covid
2018;04;Baleares;Ciruelas;59.28;187.26;3.16;10.85;0.06;0.18;2018-04-01;Pre-covid;Pre-covid
2018;04;Baleares;Cerezas;0.0;0.0;0.0;0.0;0.0;0.0;2018-04-01;Pre-covid;Pre-covid
2018;04;Baleares;Uvas;105.1;511.9;4.87;19.89;0.1;0.5;2018-04-01;Pre-covid;Pre-covid
2018;04;Baleares;Kiwi;282.63;843.98;2.99;36.26;0.27;0.82;2018-04-01;Pre-covid;Pre-covid
2018;04;Baleares;Aguacate;169.86;709.6;4.18;34.42;0.16;0.69;2018-04-01;Pre-covid;Pre-covid
2018;04;Baleares;Piña;176.15;285.31;1.62;16.1;0.17;0.28;2018-04-01;Pre-covid;Pre-covid
2018;04;Baleares;Otras frutas frescas;264.33;822.69;3.11;34.24;0.26;0.8;2018-04-01;Pre-covid;Pre-covid
2018;04;Baleares;Pomelo;31.22;53.04;1.7;3.03;0.03;0.05;2018-04-01;Pre-covid;Pre-covid
2018;04;Baleares;Chirimoya;0.0;0.0;0.0;0.0;0.0;0.0;2018-04-01;Pre-covid;Pre-covid
2018;04;Baleares;Frutas iv gama;347.96;624.2;1.79;31.16;0.34;0.61;2018-04-01;Pre-covid;Pre-covid
2018;04;Canarias;Frutas frescas;15279.04;25462.69;1.67;96.71;6.99;11.65;2018-04-01;Pre-covid;Pre-covid
2018;04;Canarias;Naranjas;4444.05;4425.36;1.0;52.58;2.03;2.02;2018-04-01;Pre-covid;Pre-covid
2018;04;Canarias;Mandarinas;887.29;1465.85;1.65;36.94;0.41;0.67;2018-04-01;Pre-covid;Pre-covid
2018;04;Canarias;Limones;503.74;739.74;1.47;40.28;0.23;0.34;2018-04-01;Pre-covid;Pre-covid
2018;04;Canarias;Platanos;2983.87;4038.97;1.35;75.67;1.36;1.85;2018-04-01;Pre-covid;Pre-covid
2018;04;Canarias;Manzanas;1972.47;3217.89;1.63;64.71;0.9;1.47;2018-04-01;Pre-covid;Pre-covid
2018;04;Canarias;Peras;1355.26;2353.84;1.74;55.19;0.62;1.08;2018-04-01;Pre-covid;Pre-covid
2018;04;Canarias;Melocotones;3.23;4.81;1.49;0.55;0.0;0.0;2018-04-01;Pre-covid;Pre-covid
2018;04;Canarias;Nectarinas;6.04;22.39;3.71;1.62;0.0;0.01;2018-04-01;Pre-covid;Pre-covid
2018;04;Canarias;Albaricoques;14.65;29.29;2.0;2.87;0.01;0.01;2018-04-01;Pre-covid;Pre-covid
2018;04;Canarias;Fresas/freson;939.12;2902.44;3.09;56.09;0.43;1.33;2018-04-01;Pre-covid;Pre-covid
2018;04;Canarias;Melon;58.81;146.45;2.49;4.49;0.03;0.07;2018-04-01;Pre-covid;Pre-covid
2018;04;Canarias;Sandia;33.8;84.17;2.49;4.77;0.02;0.04;2018-04-01;Pre-covid;Pre-covid
2018;04;Canarias;Ciruelas;56.18;141.74;2.52;4.03;0.03;0.06;2018-04-01;Pre-covid;Pre-covid
2018;04;Canarias;Cerezas;1.27;2.86;2.25;0.41;0.0;0.0;2018-04-01;Pre-covid;Pre-covid
2018;04;Canarias;Uvas;156.72;516.95;3.3;10.79;0.07;0.24;2018-04-01;Pre-covid;Pre-covid
2018;04;Canarias;Kiwi;464.9;1296.76;2.79;28.98;0.21;0.59;2018-04-01;Pre-covid;Pre-covid
2018;04;Canarias;Aguacate;470.91;1946.38;4.13;39.32;0.22;0.89;2018-04-01;Pre-covid;Pre-covid
2018;04;Canarias;Piña;70.72;166.29;2.35;7.24;0.03;0.08;2018-04-01;Pre-covid;Pre-covid
2018;04;Canarias;Otras frutas frescas;856.02;1960.51;2.29;37.51;0.39;0.9;2018-04-01;Pre-covid;Pre-covid
2018;04;Canarias;Pomelo;123.42;229.26;1.86;2.87;0.06;0.1;2018-04-01;Pre-covid;Pre-covid
2018;04;Canarias;Chirimoya;0.0;0.0;0.0;0.0;0.0;0.0;2018-04-01;Pre-covid;Pre-covid
2018;04;Canarias;Frutas iv gama;865.29;1562.13;1.81;33.21;0.4;0.71;2018-04-01;Pre-covid;Pre-covid
2018;04;Cantabria;Frutas frescas;4185.06;6477.97;1.55;95.68;7.52;11.64;2018-04-01;Pre-covid;Pre-covid
2018;04;Cantabria;Naranjas;1357.05;1341.45;0.99;63.33;2.44;2.41;2018-04-01;Pre-covid;Pre-covid
2018;04;Cantabria;Mandarinas;186.55;302.16;1.62;43.37;0.34;0.54;2018-04-01;Pre-covid;Pre-covid
2018;04;Cantabria;Limones;72.37;118.94;1.64;22.58;0.13;0.21;2018-04-01;Pre-covid;Pre-covid
2018;04;Cantabria;Platanos;607.47;838.6;1.38;82.88;1.09;1.51;2018-04-01;Pre-covid;Pre-covid
2018;04;Cantabria;Manzanas;560.67;792.37;1.41;70.9;1.01;1.42;2018-04-01;Pre-covid;Pre-covid
2018;04;Cantabria;Peras;322.74;456.04;1.41;50.83;0.58;0.82;2018-04-01;Pre-covid;Pre-covid
2018;04;Cantabria;Melocotones;1.45;6.34;4.38;0.7;0.0;0.01;2018-04-01;Pre-covid;Pre-covid
2018;04;Cantabria;Nectarinas;2.76;5.48;1.99;0.56;0.0;0.01;2018-04-01;Pre-covid;Pre-covid
2018;04;Cantabria;Albaricoques;2.48;9.78;3.95;0.52;0.0;0.02;2018-04-01;Pre-covid;Pre-covid
2018;04;Cantabria;Fresas/freson;550.03;1269.2;2.31;72.42;0.99;2.28;2018-04-01;Pre-covid;Pre-covid
2018;04;Cantabria;Melon;116.29;243.61;2.09;12.92;0.21;0.44;2018-04-01;Pre-covid;Pre-covid
2018;04;Cantabria;Sandia;54.6;65.2;1.19;7.88;0.1;0.12;2018-04-01;Pre-covid;Pre-covid
2018;04;Cantabria;Ciruelas;4.54;16.05;3.53;6.89;0.01;0.03;2018-04-01;Pre-covid;Pre-covid
2018;04;Cantabria;Cerezas;0.0;0.0;0.0;0.0;0.0;0.0;2018-04-01;Pre-covid;Pre-covid
2018;04;Cantabria;Uvas;25.89;79.9;3.09;9.73;0.05;0.14;2018-04-01;Pre-covid;Pre-covid
2018;04;Cantabria;Kiwi;139.11;429.94;3.09;34.06;0.25;0.77;2018-04-01;Pre-covid;Pre-covid
2018;04;Cantabria;Aguacate;42.22;165.47;3.92;17.17;0.08;0.3;2018-04-01;Pre-covid;Pre-covid
2018;04;Cantabria;Piña;76.71;118.85;1.55;16.03;0.14;0.21;2018-04-01;Pre-covid;Pre-covid
2018;04;Cantabria;Otras frutas frescas;62.14;218.59;3.52;25.24;0.11;0.39;2018-04-01;Pre-covid;Pre-covid
2018;04;Cantabria;Pomelo;7.78;12.4;1.59;2.23;0.01;0.02;2018-04-01;Pre-covid;Pre-covid
2018;04;Cantabria;Chirimoya;0.0;0.0;0.0;0.0;0.0;0.0;2018-04-01;Pre-covid;Pre-covid
2018;04;Cantabria;Frutas iv gama;132.65;232.64;1.75;18.59;0.24;0.42;2018-04-01;Pre-covid;Pre-covid
2018;04;Castilla la mancha;Frutas frescas;14824.66;22033.5;1.49;96.09;7.07;10.5;2018-04-01;Pre-covid;Pre-covid
2018;04;Castilla la mancha;Naranjas;4929.86;4329.81;0.88;66.83;2.35;2.06;2018-04-01;Pre-covid;Pre-covid
2018;04;Castilla la mancha;Mandarinas;905.86;1426.07;1.57;47.1;0.43;0.68;2018-04-01;Pre-covid;Pre-covid
2018;04;Castilla la mancha;Limones;384.79;545.47;1.42;38.69;0.18;0.26;2018-04-01;Pre-covid;Pre-covid
2018;04;Castilla la mancha;Platanos;2275.98;3474.55;1.53;78.49;1.08;1.66;2018-04-01;Pre-covid;Pre-covid
2018;04;Castilla la mancha;Manzanas;1626.49;2445.31;1.5;68.29;0.78;1.17;2018-04-01;Pre-covid;Pre-covid
2018;04;Castilla la mancha;Peras;1040.19;1461.63;1.41;55.13;0.5;0.7;2018-04-01;Pre-covid;Pre-covid
2018;04;Castilla la mancha;Melocotones;3.39;3.35;0.99;0.62;0.0;0.0;2018-04-01;Pre-covid;Pre-covid
2018;04;Castilla la mancha;Nectarinas;0.0;0.0;0.0;0.0;0.0;0.0;2018-04-01;Pre-covid;Pre-covid
2018;04;Castilla la mancha;Albaricoques;0.0;0.0;0.0;0.0;0.0;0.0;2018-04-01;Pre-covid;Pre-covid
2018;04;Castilla la mancha;Fresas/freson;1648.26;3558.45;2.16;79.81;0.79;1.7;2018-04-01;Pre-covid;Pre-covid
2018;04;Castilla la mancha;Melon;444.07;853.38;1.92;13.81;0.21;0.41;2018-04-01;Pre-covid;Pre-covid
2018;04;Castilla la mancha;Sandia;163.46;283.98;1.74;5.84;0.08;0.14;2018-04-01;Pre-covid;Pre-covid
2018;04;Castilla la mancha;Ciruelas;52.91;160.84;3.04;10.33;0.03;0.08;2018-04-01;Pre-covid;Pre-covid
2018;04;Castilla la mancha;Cerezas;2.63;8.3;3.15;0.36;0.0;0.0;2018-04-01;Pre-covid;Pre-covid
2018;04;Castilla la mancha;Uvas;67.35;267.56;3.97;9.24;0.03;0.13;2018-04-01;Pre-covid;Pre-covid
2018;04;Castilla la mancha;Kiwi;637.08;1539.18;2.42;45.46;0.3;0.73;2018-04-01;Pre-covid;Pre-covid
2018;04;Castilla la mancha;Aguacate;115.64;417.07;3.61;20.64;0.06;0.2;2018-04-01;Pre-covid;Pre-covid
2018;04;Castilla la mancha;Piña;282.26;531.17;1.88;15.39;0.13;0.25;2018-04-01;Pre-covid;Pre-covid
2018;04;Castilla la mancha;Otras frutas frescas;244.44;727.39;2.98;30.4;0.12;0.35;2018-04-01;Pre-covid;Pre-covid
2018;04;Castilla la mancha;Pomelo;32.36;48.28;1.49;1.27;0.02;0.02;2018-04-01;Pre-covid;Pre-covid
2018;04;Castilla la mancha;Chirimoya;0.0;0.0;0.0;0.0;0.0;0.0;2018-04-01;Pre-covid;Pre-covid
2018;04;Castilla la mancha;Frutas iv gama;677.06;1107.68;1.64;25.78;0.32;0.53;2018-04-01;Pre-covid;Pre-covid
2018;04;Castilla leon;Frutas frescas;20193.06;29576.52;1.46;96.46;8.25;12.09;2018-04-01;Pre-covid;Pre-covid
2018;04;Castilla leon;Naranjas;6794.35;6192.66;0.91;73.44;2.78;2.53;2018-04-01;Pre-covid;Pre-covid
2018;04;Castilla leon;Mandarinas;1228.06;1924.15;1.57;43.93;0.5;0.79;2018-04-01;Pre-covid;Pre-covid
2018;04;Castilla leon;Limones;647.19;989.63;1.53;42.13;0.26;0.4;2018-04-01;Pre-covid;Pre-covid
2018;04;Castilla leon;Platanos;2958.24;4356.27;1.47;81.61;1.21;1.78;2018-04-01;Pre-covid;Pre-covid
2018;04;Castilla leon;Manzanas;2577.65;3570.61;1.39;73.87;1.05;1.46;2018-04-01;Pre-covid;Pre-covid
2018;04;Castilla leon;Peras;1435.2;2109.76;1.47;54.46;0.59;0.86;2018-04-01;Pre-covid;Pre-covid
2018;04;Castilla leon;Melocotones;4.89;10.11;2.07;0.68;0.0;0.0;2018-04-01;Pre-covid;Pre-covid
2018;04;Castilla leon;Nectarinas;51.94;113.48;2.18;4.23;0.02;0.05;2018-04-01;Pre-covid;Pre-covid
2018;04;Castilla leon;Albaricoques;12.22;33.21;2.72;1.77;0.0;0.01;2018-04-01;Pre-covid;Pre-covid
2018;04;Castilla leon;Fresas/freson;1994.7;4364.31;2.19;70.4;0.82;1.78;2018-04-01;Pre-covid;Pre-covid
2018;04;Castilla leon;Melon;481.56;903.37;1.88;12.86;0.2;0.37;2018-04-01;Pre-covid;Pre-covid
2018;04;Castilla leon;Sandia;201.91;340.49;1.69;7.14;0.08;0.14;2018-04-01;Pre-covid;Pre-covid
2018;04;Castilla leon;Ciruelas;21.36;70.99;3.32;3.45;0.01;0.03;2018-04-01;Pre-covid;Pre-covid
2018;04;Castilla leon;Cerezas;6.36;21.5;3.38;1.14;0.0;0.01;2018-04-01;Pre-covid;Pre-covid
2018;04;Castilla leon;Uvas;110.4;377.79;3.42;10.26;0.05;0.15;2018-04-01;Pre-covid;Pre-covid
2018;04;Castilla leon;Kiwi;723.51;1905.96;2.63;37.31;0.3;0.78;2018-04-01;Pre-covid;Pre-covid
2018;04;Castilla leon;Aguacate;219.6;702.36;3.2;20.93;0.09;0.29;2018-04-01;Pre-covid;Pre-covid
2018;04;Castilla leon;Piña;385.31;604.74;1.57;17.15;0.16;0.25;2018-04-01;Pre-covid;Pre-covid
2018;04;Castilla leon;Otras frutas frescas;338.59;985.14;2.91;23.75;0.14;0.4;2018-04-01;Pre-covid;Pre-covid
2018;04;Castilla leon;Pomelo;64.63;95.9;1.48;1.93;0.03;0.04;2018-04-01;Pre-covid;Pre-covid
2018;04;Castilla leon;Chirimoya;0.0;0.0;0.0;0.0;0.0;0.0;2018-04-01;Pre-covid;Pre-covid
2018;04;Castilla leon;Frutas iv gama;1017.66;1632.48;1.6;35.9;0.42;0.67;2018-04-01;Pre-covid;Pre-covid
2018;04;Cataluña;Frutas frescas;54070.86;92785.21;1.72;95.79;7.81;13.41;2018-04-01;Pre-covid;Pre-covid
2018;04;Cataluña;Naranjas;15410.33;16400.58;1.06;65.68;2.23;2.37;2018-04-01;Pre-covid;Pre-covid
2018;04;Cataluña;Mandarinas;3741.06;6751.92;1.8;45.76;0.54;0.98;2018-04-01;Pre-covid;Pre-covid
2018;04;Cataluña;Limones;1342.99;2138.41;1.59;34.69;0.19;0.31;2018-04-01;Pre-covid;Pre-covid
2018;04;Cataluña;Platanos;8458.84;14003.14;1.66;81.37;1.22;2.02;2018-04-01;Pre-covid;Pre-covid
2018;04;Cataluña;Manzanas;6686.4;10529.97;1.57;69.57;0.97;1.52;2018-04-01;Pre-covid;Pre-covid
2018;04;Cataluña;Peras;3775.48;5900.31;1.56;55.97;0.55;0.85;2018-04-01;Pre-covid;Pre-covid
2018;04;Cataluña;Melocotones;66.85;98.71;1.48;0.65;0.01;0.01;2018-04-01;Pre-covid;Pre-covid
2018;04;Cataluña;Nectarinas;63.35;131.25;2.07;1.66;0.01;0.02;2018-04-01;Pre-covid;Pre-covid
2018;04;Cataluña;Albaricoques;43.32;144.53;3.34;2.44;0.01;0.02;2018-04-01;Pre-covid;Pre-covid
2018;04;Cataluña;Fresas/freson;5653.44;14002.77;2.48;71.88;0.82;2.02;2018-04-01;Pre-covid;Pre-covid
2018;04;Cataluña;Melon;1728.75;3442.14;1.99;17.16;0.25;0.5;2018-04-01;Pre-covid;Pre-covid
2018;04;Cataluña;Sandia;1306.67;2477.36;1.9;13.7;0.19;0.36;2018-04-01;Pre-covid;Pre-covid
2018;04;Cataluña;Ciruelas;285.33;911.66;3.2;8.26;0.04;0.13;2018-04-01;Pre-covid;Pre-covid
2018;04;Cataluña;Cerezas;10.86;21.13;1.95;0.22;0.0;0.0;2018-04-01;Pre-covid;Pre-covid
2018;04;Cataluña;Uvas;372.28;1580.05;4.24;13.86;0.05;0.23;2018-04-01;Pre-covid;Pre-covid
2018;04;Cataluña;Kiwi;1490.23;4388.63;2.94;34.48;0.22;0.63;2018-04-01;Pre-covid;Pre-covid
2018;04;Cataluña;Aguacate;925.69;2913.95;3.15;26.41;0.13;0.42;2018-04-01;Pre-covid;Pre-covid
2018;04;Cataluña;Piña;1376.07;2544.44;1.85;22.74;0.2;0.37;2018-04-01;Pre-covid;Pre-covid
2018;04;Cataluña;Otras frutas frescas;1332.91;4404.25;3.3;30.54;0.19;0.64;2018-04-01;Pre-covid;Pre-covid
2018;04;Cataluña;Pomelo;219.95;368.06;1.67;2.6;0.03;0.05;2018-04-01;Pre-covid;Pre-covid
2018;04;Cataluña;Chirimoya;0.0;0.0;0.0;0.0;0.0;0.0;2018-04-01;Pre-covid;Pre-covid
2018;04;Cataluña;Frutas iv gama;3512.18;6506.26;1.85;32.73;0.51;0.94;2018-04-01;Pre-covid;Pre-covid
2018;04;Extremadura;Frutas frescas;7175.34;10400.14;1.45;96.52;6.09;8.82;2018-04-01;Pre-covid;Pre-covid
2018;04;Extremadura;Naranjas;2514.64;2207.43;0.88;66.74;2.13;1.87;2018-04-01;Pre-covid;Pre-covid
2018;04;Extremadura;Mandarinas;298.07;477.87;1.6;31.09;0.25;0.41;2018-04-01;Pre-covid;Pre-covid
2018;04;Extremadura;Limones;191.95;332.08;1.73;29.8;0.16;0.28;2018-04-01;Pre-covid;Pre-covid
2018;04;Extremadura;Platanos;1174.9;1645.81;1.4;84.07;1.0;1.4;2018-04-01;Pre-covid;Pre-covid
2018;04;Extremadura;Manzanas;900.51;1257.52;1.4;67.45;0.76;1.07;2018-04-01;Pre-covid;Pre-covid
2018;04;Extremadura;Peras;538.63;815.45;1.51;56.13;0.46;0.69;2018-04-01;Pre-covid;Pre-covid
2018;04;Extremadura;Melocotones;0.0;0.0;0.0;0.0;0.0;0.0;2018-04-01;Pre-covid;Pre-covid
2018;04;Extremadura;Nectarinas;0.0;0.0;0.0;0.0;0.0;0.0;2018-04-01;Pre-covid;Pre-covid
2018;04;Extremadura;Albaricoques;3.15;3.0;0.95;0.92;0.0;0.0;2018-04-01;Pre-covid;Pre-covid
2018;04;Extremadura;Fresas/freson;775.67;1713.08;2.21;75.1;0.66;1.45;2018-04-01;Pre-covid;Pre-covid
2018;04;Extremadura;Melon;93.89;148.23;1.58;5.05;0.08;0.13;2018-04-01;Pre-covid;Pre-covid
2018;04;Extremadura;Sandia;61.21;106.89;1.75;8.5;0.05;0.09;2018-04-01;Pre-covid;Pre-covid
2018;04;Extremadura;Ciruelas;21.46;58.31;2.72;5.98;0.02;0.05;2018-04-01;Pre-covid;Pre-covid
2018;04;Extremadura;Cerezas;1.45;3.25;2.25;0.86;0.0;0.0;2018-04-01;Pre-covid;Pre-covid
2018;04;Extremadura;Uvas;30.07;96.91;3.22;13.18;0.03;0.08;2018-04-01;Pre-covid;Pre-covid
2018;04;Extremadura;Kiwi;245.42;661.98;2.7;36.18;0.21;0.56;2018-04-01;Pre-covid;Pre-covid
2018;04;Extremadura;Aguacate;65.71;269.1;4.1;18.69;0.06;0.23;2018-04-01;Pre-covid;Pre-covid
2018;04;Extremadura;Piña;103.47;205.84;1.99;10.13;0.09;0.17;2018-04-01;Pre-covid;Pre-covid
2018;04;Extremadura;Otras frutas frescas;155.16;397.38;2.56;27.66;0.13;0.34;2018-04-01;Pre-covid;Pre-covid
2018;04;Extremadura;Pomelo;19.28;26.59;1.38;3.8;0.02;0.02;2018-04-01;Pre-covid;Pre-covid
2018;04;Extremadura;Chirimoya;0.0;0.0;0.0;0.0;0.0;0.0;2018-04-01;Pre-covid;Pre-covid
2018;04;Extremadura;Frutas iv gama;291.08;529.06;1.82;30.9;0.25;0.45;2018-04-01;Pre-covid;Pre-covid
2018;04;Galicia;Frutas frescas;23958.12;38506.16;1.61;98.5;8.65;13.9;2018-04-01;Pre-covid;Pre-covid
2018;04;Galicia;Naranjas;7173.74;6920.24;0.96;64.39;2.59;2.5;2018-04-01;Pre-covid;Pre-covid
2018;04;Galicia;Mandarinas;1466.54;2681.08;1.83;49.4;0.53;0.97;2018-04-01;Pre-covid;Pre-covid
2018;04;Galicia;Limones;586.64;1005.57;1.71;29.26;0.21;0.36;2018-04-01;Pre-covid;Pre-covid
2018;04;Galicia;Platanos;3905.84;5940.43;1.52;87.61;1.41;2.14;2018-04-01;Pre-covid;Pre-covid
2018;04;Galicia;Manzanas;3544.78;5462.46;1.54;77.41;1.28;1.97;2018-04-01;Pre-covid;Pre-covid
2018;04;Galicia;Peras;1500.39;2587.79;1.72;56.62;0.54;0.93;2018-04-01;Pre-covid;Pre-covid
2018;04;Galicia;Melocotones;10.49;23.23;2.21;1.22;0.0;0.01;2018-04-01;Pre-covid;Pre-covid
2018;04;Galicia;Nectarinas;130.36;302.48;2.32;7.48;0.05;0.11;2018-04-01;Pre-covid;Pre-covid
2018;04;Galicia;Albaricoques;16.28;30.64;1.88;2.17;0.01;0.01;2018-04-01;Pre-covid;Pre-covid
2018;04;Galicia;Fresas/freson;2075.94;4986.51;2.4;78.06;0.75;1.8;2018-04-01;Pre-covid;Pre-covid
2018;04;Galicia;Melon;402.78;468.49;1.16;12.52;0.15;0.17;2018-04-01;Pre-covid;Pre-covid
2018;04;Galicia;Sandia;313.62;494.89;1.58;11.37;0.11;0.18;2018-04-01;Pre-covid;Pre-covid
2018;04;Galicia;Ciruelas;121.73;344.53;2.83;12.13;0.04;0.12;2018-04-01;Pre-covid;Pre-covid
2018;04;Galicia;Cerezas;0.18;6.8;38.75;0.22;0.0;0.0;2018-04-01;Pre-covid;Pre-covid
2018;04;Galicia;Uvas;210.06;725.36;3.45;16.81;0.08;0.26;2018-04-01;Pre-covid;Pre-covid
2018;04;Galicia;Kiwi;827.15;2125.66;2.57;35.68;0.3;0.77;2018-04-01;Pre-covid;Pre-covid
2018;04;Galicia;Aguacate;325.16;936.8;2.88;18.89;0.12;0.34;2018-04-01;Pre-covid;Pre-covid
2018;04;Galicia;Piña;543.21;969.87;1.79;19.55;0.2;0.35;2018-04-01;Pre-covid;Pre-covid
2018;04;Galicia;Otras frutas frescas;803.22;2493.32;3.1;35.14;0.29;0.9;2018-04-01;Pre-covid;Pre-covid
2018;04;Galicia;Pomelo;144.08;316.77;2.2;5.46;0.05;0.11;2018-04-01;Pre-covid;Pre-covid
2018;04;Galicia;Chirimoya;0.0;0.0;0.0;0.0;0.0;0.0;2018-04-01;Pre-covid;Pre-covid
2018;04;Galicia;Frutas iv gama;1093.35;1994.09;1.82;35.21;0.39;0.72;2018-04-01;Pre-covid;Pre-covid
2018;04;La rioja;Frutas frescas;1743.83;2912.83;1.67;96.07;5.51;9.2;2018-04-01;Pre-covid;Pre-covid
2018;04;La rioja;Naranjas;555.74;580.74;1.04;56.2;1.76;1.84;2018-04-01;Pre-covid;Pre-covid
2018;04;La rioja;Mandarinas;106.28;195.17;1.84;36.71;0.34;0.62;2018-04-01;Pre-covid;Pre-covid
2018;04;La rioja;Limones;63.69;93.19;1.46;34.24;0.2;0.29;2018-04-01;Pre-covid;Pre-covid
2018;04;La rioja;Platanos;279.23;458.66;1.64;77.43;0.88;1.45;2018-04-01;Pre-covid;Pre-covid
2018;04;La rioja;Manzanas;212.52;313.02;1.47;62.06;0.67;0.99;2018-04-01;Pre-covid;Pre-covid
2018;04;La rioja;Peras;78.97;126.61;1.6;33.52;0.25;0.4;2018-04-01;Pre-covid;Pre-covid
2018;04;La rioja;Melocotones;0.0;0.0;0.0;0.0;0.0;0.0;2018-04-01;Pre-covid;Pre-covid
2018;04;La rioja;Nectarinas;3.51;10.6;3.02;1.82;0.01;0.03;2018-04-01;Pre-covid;Pre-covid
2018;04;La rioja;Albaricoques;0.0;0.0;0.0;0.0;0.0;0.0;2018-04-01;Pre-covid;Pre-covid
2018;04;La rioja;Fresas/freson;210.28;473.38;2.25;77.17;0.66;1.5;2018-04-01;Pre-covid;Pre-covid
2018;04;La rioja;Melon;17.1;35.82;2.1;8.82;0.05;0.11;2018-04-01;Pre-covid;Pre-covid
2018;04;La rioja;Sandia;19.7;35.76;1.82;5.39;0.06;0.11;2018-04-01;Pre-covid;Pre-covid
2018;04;La rioja;Ciruelas;9.08;24.55;2.7;9.3;0.03;0.08;2018-04-01;Pre-covid;Pre-covid
2018;04;La rioja;Cerezas;0.0;0.0;0.0;0.0;0.0;0.0;2018-04-01;Pre-covid;Pre-covid
2018;04;La rioja;Uvas;6.36;17.0;2.67;8.28;0.02;0.05;2018-04-01;Pre-covid;Pre-covid
2018;04;La rioja;Kiwi;70.92;190.94;2.69;58.53;0.22;0.6;2018-04-01;Pre-covid;Pre-covid
2018;04;La rioja;Aguacate;36.88;150.82;4.09;37.71;0.12;0.48;2018-04-01;Pre-covid;Pre-covid
2018;04;La rioja;Piña;37.06;68.66;1.85;11.01;0.12;0.22;2018-04-01;Pre-covid;Pre-covid
2018;04;La rioja;Otras frutas frescas;36.51;137.91;3.78;30.55;0.12;0.44;2018-04-01;Pre-covid;Pre-covid
2018;04;La rioja;Pomelo;0.0;0.0;0.0;0.0;0.0;0.0;2018-04-01;Pre-covid;Pre-covid
2018;04;La rioja;Chirimoya;0.0;0.0;0.0;0.0;0.0;0.0;2018-04-01;Pre-covid;Pre-covid
2018;04;La rioja;Frutas iv gama;94.46;145.09;1.54;24.6;0.3;0.46;2018-04-01;Pre-covid;Pre-covid
2018;04;Madrid;Frutas frescas;47628.36;77665.36;1.63;96.44;7.65;12.48;2018-04-01;Pre-covid;Pre-covid
2018;04;Madrid;Naranjas;14465.2;14016.33;0.97;64.33;2.32;2.25;2018-04-01;Pre-covid;Pre-covid
2018;04;Madrid;Mandarinas;3434.27;6156.44;1.79;49.74;0.55;0.99;2018-04-01;Pre-covid;Pre-covid
2018;04;Madrid;Limones;1274.17;1963.64;1.54;42.31;0.2;0.32;2018-04-01;Pre-covid;Pre-covid
2018;04;Madrid;Platanos;6441.2;10308.86;1.6;81.0;1.03;1.66;2018-04-01;Pre-covid;Pre-covid
2018;04;Madrid;Manzanas;5965.24;9552.48;1.6;68.91;0.96;1.53;2018-04-01;Pre-covid;Pre-covid
2018;04;Madrid;Peras;3685.44;5698.12;1.55;56.99;0.59;0.92;2018-04-01;Pre-covid;Pre-covid
2018;04;Madrid;Melocotones;15.33;32.07;2.09;0.3;0.0;0.01;2018-04-01;Pre-covid;Pre-covid
2018;04;Madrid;Nectarinas;86.51;150.38;1.74;2.79;0.01;0.02;2018-04-01;Pre-covid;Pre-covid
2018;04;Madrid;Albaricoques;30.88;93.54;3.03;1.63;0.0;0.02;2018-04-01;Pre-covid;Pre-covid
2018;04;Madrid;Fresas/freson;5367.47;12097.34;2.25;73.77;0.86;1.94;2018-04-01;Pre-covid;Pre-covid
2018;04;Madrid;Melon;968.26;1760.59;1.82;14.38;0.16;0.28;2018-04-01;Pre-covid;Pre-covid
2018;04;Madrid;Sandia;823.49;1363.42;1.66;13.37;0.13;0.22;2018-04-01;Pre-covid;Pre-covid
2018;04;Madrid;Ciruelas;228.09;699.33;3.07;11.96;0.04;0.11;2018-04-01;Pre-covid;Pre-covid
2018;04;Madrid;Cerezas;0.0;0.0;0.0;0.0;0.0;0.0;2018-04-01;Pre-covid;Pre-covid
2018;04;Madrid;Uvas;334.59;1191.89;3.56;11.85;0.05;0.19;2018-04-01;Pre-covid;Pre-covid
2018;04;Madrid;Kiwi;1784.81;5060.53;2.84;38.61;0.29;0.81;2018-04-01;Pre-covid;Pre-covid
2018;04;Madrid;Aguacate;696.39;2517.14;3.61;27.21;0.11;0.4;2018-04-01;Pre-covid;Pre-covid
2018;04;Madrid;Piña;900.6;1438.56;1.6;17.93;0.14;0.23;2018-04-01;Pre-covid;Pre-covid
2018;04;Madrid;Otras frutas frescas;1126.42;3564.7;3.16;28.9;0.18;0.57;2018-04-01;Pre-covid;Pre-covid
2018;04;Madrid;Pomelo;208.54;411.25;1.97;2.72;0.03;0.07;2018-04-01;Pre-covid;Pre-covid
2018;04;Madrid;Chirimoya;0.0;0.0;0.0;0.0;0.0;0.0;2018-04-01;Pre-covid;Pre-covid
2018;04;Madrid;Frutas iv gama;2022.57;3488.72;1.72;30.2;0.32;0.56;2018-04-01;Pre-covid;Pre-covid
2018;04;Murcia;Frutas frescas;8848.12;14076.33;1.59;90.35;6.21;9.88;2018-04-01;Pre-covid;Pre-covid
2018;04;Murcia;Naranjas;2050.64;1791.55;0.87;47.71;1.44;1.26;2018-04-01;Pre-covid;Pre-covid
2018;04;Murcia;Mandarinas;397.42;694.12;1.75;33.22;0.28;0.49;2018-04-01;Pre-covid;Pre-covid
2018;04;Murcia;Limones;263.3;406.71;1.54;29.52;0.18;0.29;2018-04-01;Pre-covid;Pre-covid
2018;04;Murcia;Platanos;1464.2;2176.05;1.49;75.57;1.03;1.53;2018-04-01;Pre-covid;Pre-covid
2018;04;Murcia;Manzanas;1354.4;2041.29;1.51;70.8;0.95;1.43;2018-04-01;Pre-covid;Pre-covid
2018;04;Murcia;Peras;660.15;1115.19;1.69;49.76;0.46;0.78;2018-04-01;Pre-covid;Pre-covid
2018;04;Murcia;Melocotones;41.2;51.26;1.24;1.75;0.03;0.04;2018-04-01;Pre-covid;Pre-covid
2018;04;Murcia;Nectarinas;0.0;0.0;0.0;0.0;0.0;0.0;2018-04-01;Pre-covid;Pre-covid
2018;04;Murcia;Albaricoques;11.24;22.65;2.02;4.0;0.01;0.02;2018-04-01;Pre-covid;Pre-covid
2018;04;Murcia;Fresas/freson;1174.98;2673.42;2.28;71.27;0.83;1.88;2018-04-01;Pre-covid;Pre-covid
2018;04;Murcia;Melon;310.65;517.08;1.66;12.62;0.22;0.36;2018-04-01;Pre-covid;Pre-covid
2018;04;Murcia;Sandia;228.27;410.25;1.8;14.38;0.16;0.29;2018-04-01;Pre-covid;Pre-covid
2018;04;Murcia;Ciruelas;19.74;67.03;3.4;2.62;0.01;0.05;2018-04-01;Pre-covid;Pre-covid
2018;04;Murcia;Cerezas;7.25;29.01;4.0;1.55;0.01;0.02;2018-04-01;Pre-covid;Pre-covid
2018;04;Murcia;Uvas;33.8;141.69;4.19;8.35;0.02;0.1;2018-04-01;Pre-covid;Pre-covid
2018;04;Murcia;Kiwi;195.69;555.84;2.84;24.79;0.14;0.39;2018-04-01;Pre-covid;Pre-covid
2018;04;Murcia;Aguacate;108.05;426.84;3.95;25.22;0.08;0.3;2018-04-01;Pre-covid;Pre-covid
2018;04;Murcia;Piña;290.53;470.89;1.62;29.35;0.2;0.33;2018-04-01;Pre-covid;Pre-covid
2018;04;Murcia;Otras frutas frescas;236.6;485.46;2.05;26.67;0.17;0.34;2018-04-01;Pre-covid;Pre-covid
2018;04;Murcia;Pomelo;42.07;43.75;1.04;3.3;0.03;0.03;2018-04-01;Pre-covid;Pre-covid
2018;04;Murcia;Chirimoya;0.0;0.0;0.0;0.0;0.0;0.0;2018-04-01;Pre-covid;Pre-covid
2018;04;Murcia;Frutas iv gama;521.0;975.12;1.87;27.21;0.37;0.68;2018-04-01;Pre-covid;Pre-covid
2018;04;Navarra;Frutas frescas;4753.66;7699.5;1.62;98.55;8.03;13.0;2018-04-01;Pre-covid;Pre-covid
2018;04;Navarra;Naranjas;1474.32;1617.3;1.1;57.7;2.49;2.73;2018-04-01;Pre-covid;Pre-covid
2018;04;Navarra;Mandarinas;342.31;537.98;1.57;34.87;0.58;0.91;2018-04-01;Pre-covid;Pre-covid
2018;04;Navarra;Limones;133.58;203.0;1.52;30.47;0.23;0.34;2018-04-01;Pre-covid;Pre-covid
2018;04;Navarra;Platanos;718.24;1145.76;1.6;78.95;1.21;1.93;2018-04-01;Pre-covid;Pre-covid
2018;04;Navarra;Manzanas;756.61;1114.06;1.47;60.11;1.28;1.88;2018-04-01;Pre-covid;Pre-covid
2018;04;Navarra;Peras;169.09;268.5;1.59;31.01;0.29;0.45;2018-04-01;Pre-covid;Pre-covid
2018;04;Navarra;Melocotones;0.5;0.5;1.0;1.08;0.0;0.0;2018-04-01;Pre-covid;Pre-covid
2018;04;Navarra;Nectarinas;64.29;154.38;2.4;6.95;0.11;0.26;2018-04-01;Pre-covid;Pre-covid
2018;04;Navarra;Albaricoques;1.73;5.82;3.37;0.92;0.0;0.01;2018-04-01;Pre-covid;Pre-covid
2018;04;Navarra;Fresas/freson;548.25;1233.58;2.25;66.7;0.93;2.08;2018-04-01;Pre-covid;Pre-covid
2018;04;Navarra;Melon;47.57;78.82;1.66;8.14;0.08;0.13;2018-04-01;Pre-covid;Pre-covid
2018;04;Navarra;Sandia;37.3;70.91;1.9;2.61;0.06;0.12;2018-04-01;Pre-covid;Pre-covid
2018;04;Navarra;Ciruelas;4.99;8.09;1.62;1.91;0.01;0.01;2018-04-01;Pre-covid;Pre-covid
2018;04;Navarra;Cerezas;0.0;0.0;0.0;0.0;0.0;0.0;2018-04-01;Pre-covid;Pre-covid
2018;04;Navarra;Uvas;36.08;149.42;4.14;17.94;0.06;0.25;2018-04-01;Pre-covid;Pre-covid
2018;04;Navarra;Kiwi;141.84;462.35;3.26;32.35;0.24;0.78;2018-04-01;Pre-covid;Pre-covid
2018;04;Navarra;Aguacate;62.24;252.42;4.06;38.8;0.11;0.43;2018-04-01;Pre-covid;Pre-covid
2018;04;Navarra;Piña;112.68;169.98;1.51;15.06;0.19;0.29;2018-04-01;Pre-covid;Pre-covid
2018;04;Navarra;Otras frutas frescas;102.04;226.61;2.22;23.88;0.17;0.38;2018-04-01;Pre-covid;Pre-covid
2018;04;Navarra;Pomelo;20.64;28.43;1.38;8.1;0.03;0.05;2018-04-01;Pre-covid;Pre-covid
2018;04;Navarra;Chirimoya;0.0;0.0;0.0;0.0;0.0;0.0;2018-04-01;Pre-covid;Pre-covid
2018;04;Navarra;Frutas iv gama;252.45;451.45;1.79;28.38;0.43;0.76;2018-04-01;Pre-covid;Pre-covid
2018;04;Pais vasco;Frutas frescas;19349.84;32484.18;1.68;97.4;9.35;15.69;2018-04-01;Pre-covid;Pre-covid
2018;04;Pais vasco;Naranjas;5742.98;6235.95;1.09;67.17;2.77;3.01;2018-04-01;Pre-covid;Pre-covid
2018;04;Pais vasco;Mandarinas;1315.16;2474.44;1.88;51.04;0.64;1.2;2018-04-01;Pre-covid;Pre-covid
2018;04;Pais vasco;Limones;567.89;924.46;1.63;44.55;0.27;0.45;2018-04-01;Pre-covid;Pre-covid
2018;04;Pais vasco;Platanos;2825.74;4732.71;1.67;82.3;1.37;2.29;2018-04-01;Pre-covid;Pre-covid
2018;04;Pais vasco;Manzanas;2789.23;4400.81;1.58;73.95;1.35;2.13;2018-04-01;Pre-covid;Pre-covid
2018;04;Pais vasco;Peras;1378.93;2225.17;1.61;60.3;0.67;1.07;2018-04-01;Pre-covid;Pre-covid
2018;04;Pais vasco;Melocotones;5.48;15.44;2.82;1.13;0.0;0.01;2018-04-01;Pre-covid;Pre-covid
2018;04;Pais vasco;Nectarinas;88.48;165.53;1.87;7.55;0.04;0.08;2018-04-01;Pre-covid;Pre-covid
2018;04;Pais vasco;Albaricoques;15.09;44.36;2.94;3.95;0.01;0.02;2018-04-01;Pre-covid;Pre-covid
2018;04;Pais vasco;Fresas/freson;1843.1;4628.68;2.51;78.37;0.89;2.24;2018-04-01;Pre-covid;Pre-covid
2018;04;Pais vasco;Melon;311.54;589.22;1.89;14.42;0.15;0.28;2018-04-01;Pre-covid;Pre-covid
2018;04;Pais vasco;Sandia;178.84;346.98;1.94;11.99;0.09;0.17;2018-04-01;Pre-covid;Pre-covid
2018;04;Pais vasco;Ciruelas;89.64;253.7;2.83;11.62;0.04;0.12;2018-04-01;Pre-covid;Pre-covid
2018;04;Pais vasco;Cerezas;0.66;2.29;3.49;0.3;0.0;0.0;2018-04-01;Pre-covid;Pre-covid
2018;04;Pais vasco;Uvas;98.95;396.93;4.01;10.76;0.05;0.19;2018-04-01;Pre-covid;Pre-covid
2018;04;Pais vasco;Kiwi;845.34;2292.49;2.71;40.52;0.41;1.11;2018-04-01;Pre-covid;Pre-covid
2018;04;Pais vasco;Aguacate;196.14;675.46;3.44;22.32;0.09;0.33;2018-04-01;Pre-covid;Pre-covid
2018;04;Pais vasco;Piña;533.77;766.41;1.44;27.68;0.26;0.37;2018-04-01;Pre-covid;Pre-covid
2018;04;Pais vasco;Otras frutas frescas;522.88;1313.14;2.51;32.15;0.25;0.63;2018-04-01;Pre-covid;Pre-covid
2018;04;Pais vasco;Pomelo;167.89;300.39;1.79;6.99;0.08;0.15;2018-04-01;Pre-covid;Pre-covid
2018;04;Pais vasco;Chirimoya;0.0;0.0;0.0;0.0;0.0;0.0;2018-04-01;Pre-covid;Pre-covid
2018;04;Pais vasco;Frutas iv gama;1238.16;1934.63;1.56;38.36;0.6;0.93;2018-04-01;Pre-covid;Pre-covid
2018;04;Valencia;Frutas frescas;30372.31;48277.7;1.59;95.34;6.42;10.2;2018-04-01;Pre-covid;Pre-covid
2018;04;Valencia;Naranjas;7184.25;6297.9;0.88;42.19;1.52;1.33;2018-04-01;Pre-covid;Pre-covid
2018;04;Valencia;Mandarinas;1082.9;1692.47;1.56;27.22;0.23;0.36;2018-04-01;Pre-covid;Pre-covid
2018;04;Valencia;Limones;740.92;1002.54;1.35;29.33;0.16;0.21;2018-04-01;Pre-covid;Pre-covid
2018;04;Valencia;Platanos;5623.95;8295.79;1.48;80.11;1.19;1.75;2018-04-01;Pre-covid;Pre-covid
2018;04;Valencia;Manzanas;4241.93;6286.73;1.48;67.3;0.9;1.33;2018-04-01;Pre-covid;Pre-covid
2018;04;Valencia;Peras;2192.21;3333.28;1.52;54.34;0.46;0.7;2018-04-01;Pre-covid;Pre-covid
2018;04;Valencia;Melocotones;26.99;57.71;2.14;1.69;0.01;0.01;2018-04-01;Pre-covid;Pre-covid
2018;04;Valencia;Nectarinas;50.94;91.14;1.79;2.87;0.01;0.02;2018-04-01;Pre-covid;Pre-covid
2018;04;Valencia;Albaricoques;23.31;57.76;2.48;2.04;0.0;0.01;2018-04-01;Pre-covid;Pre-covid
2018;04;Valencia;Fresas/freson;3760.14;8239.08;2.19;76.16;0.79;1.74;2018-04-01;Pre-covid;Pre-covid
2018;04;Valencia;Melon;956.47;1881.57;1.97;12.69;0.2;0.4;2018-04-01;Pre-covid;Pre-covid
2018;04;Valencia;Sandia;801.71;1516.84;1.89;13.58;0.17;0.32;2018-04-01;Pre-covid;Pre-covid
2018;04;Valencia;Ciruelas;176.48;534.5;3.03;10.3;0.04;0.11;2018-04-01;Pre-covid;Pre-covid
2018;04;Valencia;Cerezas;9.93;37.81;3.81;0.61;0.0;0.01;2018-04-01;Pre-covid;Pre-covid
2018;04;Valencia;Uvas;185.39;647.42;3.49;10.59;0.04;0.14;2018-04-01;Pre-covid;Pre-covid
2018;04;Valencia;Kiwi;1077.81;2876.96;2.67;35.55;0.23;0.61;2018-04-01;Pre-covid;Pre-covid
2018;04;Valencia;Aguacate;397.49;1307.53;3.29;22.22;0.08;0.28;2018-04-01;Pre-covid;Pre-covid
2018;04;Valencia;Piña;787.55;1280.37;1.63;21.73;0.17;0.27;2018-04-01;Pre-covid;Pre-covid
2018;04;Valencia;Otras frutas frescas;1051.94;2840.31;2.7;29.62;0.22;0.6;2018-04-01;Pre-covid;Pre-covid
2018;04;Valencia;Pomelo;217.28;357.91;1.65;2.94;0.05;0.08;2018-04-01;Pre-covid;Pre-covid
2018;04;Valencia;Chirimoya;0.0;0.0;0.0;0.0;0.0;0.0;2018-04-01;Pre-covid;Pre-covid
2018;04;Valencia;Frutas iv gama;1828.28;3260.62;1.78;35.61;0.39;0.69;2018-04-01;Pre-covid;Pre-covid
2018;05;Nacional;Patatas;105696.43;89499.68;0.85;79.29;2.32;1.96;2018-05-01;Pre-covid;Pre-covid
2018;05;Nacional;Patatas frescas;76637.66;57617.24;0.75;66.39;1.68;1.26;2018-05-01;Pre-covid;Pre-covid
2018;05;Nacional;Patatas congeladas;3793.46;4746.93;1.25;11.28;0.08;0.1;2018-05-01;Pre-covid;Pre-covid
2018;05;Nacional;Patatas procesadas;5053.06;27135.51;5.37;46.18;0.11;0.59;2018-05-01;Pre-covid;Pre-covid
2018;05;Nacional;Hortalizas frescas;227602.54;402871.85;1.77;97.24;4.99;8.83;2018-05-01;Pre-covid;Pre-covid
2018;05;Nacional;Omates;51320.23;82010.22;1.6;82.16;1.12;1.8;2018-05-01;Pre-covid;Pre-covid
2018;05;Nacional;Cebollas;28258.86;30900.85;1.09;70.56;0.62;0.68;2018-05-01;Pre-covid;Pre-covid
2018;05;Nacional;Ajos;2681.02;10867.64;4.05;36.57;0.06;0.24;2018-05-01;Pre-covid;Pre-covid
2018;05;Nacional;Coles;4368.89;4431.69;1.01;15.36;0.1;0.1;2018-05-01;Pre-covid;Pre-covid
2018;05;Nacional;Pepinos;8343.94;11694.47;1.4;37.33;0.18;0.26;2018-05-01;Pre-covid;Pre-covid
2018;05;Nacional;Judias verdes;8016.48;21366.07;2.67;36.06;0.18;0.47;2018-05-01;Pre-covid;Pre-covid
2018;05;Nacional;Pimientos;17829.06;31846.18;1.79;66.95;0.39;0.7;2018-05-01;Pre-covid;Pre-covid
2018;05;Nacional;Champiñoneso setas;5405.12;19359.97;3.58;38.87;0.12;0.42;2018-05-01;Pre-covid;Pre-covid
2018;05;Nacional;Lechuga/esc /endivia;13630.56;38973.26;2.86;62.68;0.3;0.85;2018-05-01;Pre-covid;Pre-covid
2018;05;Nacional;Esparragos;7314.16;16039.44;2.19;24.98;0.16;0.35;2018-05-01;Pre-covid;Pre-covid
2018;05;Nacional;Verduras de hoja;4910.72;11405.82;2.32;26.59;0.11;0.25;2018-05-01;Pre-covid;Pre-covid
2018;05;Nacional;Berenjenas;5410.98;7672.6;1.42;30.06;0.12;0.17;2018-05-01;Pre-covid;Pre-covid
2018;05;Nacional;Zanahorias;12731.3;11844.43;0.93;55.53;0.28;0.26;2018-05-01;Pre-covid;Pre-covid
2018;05;Nacional;Calabacines;14791.32;19368.93;1.31;50.73;0.32;0.42;2018-05-01;Pre-covid;Pre-covid
2018;05;Nacional;Otr hortalizas/verd ;42589.9;85090.29;2.0;78.63;0.93;1.86;2018-05-01;Pre-covid;Pre-covid
2018;05;Nacional;Brocoli;5504.52;7960.12;1.45;22.93;0.12;0.17;2018-05-01;Pre-covid;Pre-covid
2018;05;Nacional;Alcachofas;7953.91;10825.99;1.36;24.51;0.17;0.24;2018-05-01;Pre-covid;Pre-covid
2018;05;Nacional;Verd /hort  iv gama;27404.89;70165.72;2.56;67.76;0.6;1.54;2018-05-01;Pre-covid;Pre-covid
2018;05;Andalucia;Patatas;20480.4;16864.39;0.82;84.29;2.36;1.94;2018-05-01;Pre-covid;Pre-covid
2018;05;Andalucia;Patatas frescas;14154.74;10037.85;0.71;68.71;1.63;1.16;2018-05-01;Pre-covid;Pre-covid
2018;05;Andalucia;Patatas congeladas;847.23;1032.46;1.22;13.97;0.1;0.12;2018-05-01;Pre-covid;Pre-covid
2018;05;Andalucia;Patatas procesadas;1095.69;5794.09;5.29;51.84;0.13;0.67;2018-05-01;Pre-covid;Pre-covid
2018;05;Andalucia;Hortalizas frescas;37609.91;63227.4;1.68;96.77;4.33;7.28;2018-05-01;Pre-covid;Pre-covid
2018;05;Andalucia;Omates;9641.53;13201.87;1.37;80.12;1.11;1.52;2018-05-01;Pre-covid;Pre-covid
2018;05;Andalucia;Cebollas;4843.39;4921.49;1.02;72.12;0.56;0.57;2018-05-01;Pre-covid;Pre-covid
2018;05;Andalucia;Ajos;501.83;1883.31;3.75;34.85;0.06;0.22;2018-05-01;Pre-covid;Pre-covid
2018;05;Andalucia;Coles;418.94;416.98;1.0;9.11;0.05;0.05;2018-05-01;Pre-covid;Pre-covid
2018;05;Andalucia;Pepinos;1508.2;2073.23;1.37;39.34;0.17;0.24;2018-05-01;Pre-covid;Pre-covid
2018;05;Andalucia;Judias verdes;845.32;2315.72;2.74;26.8;0.1;0.27;2018-05-01;Pre-covid;Pre-covid
2018;05;Andalucia;Pimientos;2923.72;5164.35;1.77;69.78;0.34;0.59;2018-05-01;Pre-covid;Pre-covid
2018;05;Andalucia;Champiñoneso setas;684.5;2726.84;3.98;32.96;0.08;0.31;2018-05-01;Pre-covid;Pre-covid
2018;05;Andalucia;Lechuga/esc /endivia;2283.6;6455.33;2.83;62.55;0.26;0.74;2018-05-01;Pre-covid;Pre-covid
2018;05;Andalucia;Esparragos;1197.91;2729.29;2.28;23.31;0.14;0.31;2018-05-01;Pre-covid;Pre-covid
2018;05;Andalucia;Verduras de hoja;593.69;1512.86;2.55;21.23;0.07;0.17;2018-05-01;Pre-covid;Pre-covid
2018;05;Andalucia;Berenjenas;915.53;1285.05;1.4;32.25;0.11;0.15;2018-05-01;Pre-covid;Pre-covid
2018;05;Andalucia;Zanahorias;2111.14;1856.24;0.88;53.72;0.24;0.21;2018-05-01;Pre-covid;Pre-covid
2018;05;Andalucia;Calabacines;2208.2;2825.89;1.28;47.32;0.25;0.33;2018-05-01;Pre-covid;Pre-covid
2018;05;Andalucia;Otr hortalizas/verd ;6932.39;13858.95;2.0;79.14;0.8;1.6;2018-05-01;Pre-covid;Pre-covid
2018;05;Andalucia;Brocoli;773.61;1072.83;1.39;19.29;0.09;0.12;2018-05-01;Pre-covid;Pre-covid
2018;05;Andalucia;Alcachofas;1367.01;1834.56;1.34;23.62;0.16;0.21;2018-05-01;Pre-covid;Pre-covid
2018;05;Andalucia;Verd /hort  iv gama;4567.99;11464.03;2.51;66.8;0.53;1.32;2018-05-01;Pre-covid;Pre-covid
2018;05;Aragon;Patatas;2737.99;2214.4;0.81;81.97;2.09;1.69;2018-05-01;Pre-covid;Pre-covid
2018;05;Aragon;Patatas frescas;2125.93;1461.26;0.69;68.19;1.62;1.11;2018-05-01;Pre-covid;Pre-covid
2018;05;Aragon;Patatas congeladas;81.65;122.86;1.5;12.27;0.06;0.09;2018-05-01;Pre-covid;Pre-covid
2018;05;Aragon;Patatas procesadas;106.08;630.29;5.94;43.29;0.08;0.48;2018-05-01;Pre-covid;Pre-covid
2018;05;Aragon;Hortalizas frescas;8990.71;16299.17;1.81;97.34;6.85;12.41;2018-05-01;Pre-covid;Pre-covid
2018;05;Aragon;Omates;1632.08;2819.2;1.73;88.34;1.24;2.15;2018-05-01;Pre-covid;Pre-covid
2018;05;Aragon;Cebollas;859.38;974.71;1.13;68.71;0.65;0.74;2018-05-01;Pre-covid;Pre-covid
2018;05;Aragon;Ajos;92.38;333.33;3.61;31.65;0.07;0.25;2018-05-01;Pre-covid;Pre-covid
2018;05;Aragon;Coles;196.63;204.11;1.04;15.21;0.15;0.16;2018-05-01;Pre-covid;Pre-covid
2018;05;Aragon;Pepinos;332.81;475.62;1.43;41.62;0.25;0.36;2018-05-01;Pre-covid;Pre-covid
2018;05;Aragon;Judias verdes;398.97;1017.55;2.55;50.6;0.3;0.78;2018-05-01;Pre-covid;Pre-covid
2018;05;Aragon;Pimientos;565.4;1068.38;1.89;59.69;0.43;0.81;2018-05-01;Pre-covid;Pre-covid
2018;05;Aragon;Champiñoneso setas;210.02;707.59;3.37;50.17;0.16;0.54;2018-05-01;Pre-covid;Pre-covid
2018;05;Aragon;Lechuga/esc /endivia;600.13;1526.9;2.54;71.87;0.46;1.16;2018-05-01;Pre-covid;Pre-covid
2018;05;Aragon;Esparragos;398.34;1164.66;2.92;35.91;0.3;0.89;2018-05-01;Pre-covid;Pre-covid
2018;05;Aragon;Verduras de hoja;403.32;774.82;1.92;26.16;0.31;0.59;2018-05-01;Pre-covid;Pre-covid
2018;05;Aragon;Berenjenas;104.17;148.22;1.42;24.94;0.08;0.11;2018-05-01;Pre-covid;Pre-covid
2018;05;Aragon;Zanahorias;323.02;292.83;0.91;53.25;0.25;0.22;2018-05-01;Pre-covid;Pre-covid
2018;05;Aragon;Calabacines;459.44;605.76;1.32;54.25;0.35;0.46;2018-05-01;Pre-covid;Pre-covid
2018;05;Aragon;Otr hortalizas/verd ;2414.61;4185.48;1.73;82.68;1.84;3.19;2018-05-01;Pre-covid;Pre-covid
2018;05;Aragon;Brocoli;219.37;267.9;1.22;27.35;0.17;0.2;2018-05-01;Pre-covid;Pre-covid
2018;05;Aragon;Alcachofas;539.32;755.57;1.4;45.11;0.41;0.58;2018-05-01;Pre-covid;Pre-covid
2018;05;Aragon;Verd /hort  iv gama;688.56;1754.55;2.55;63.61;0.52;1.34;2018-05-01;Pre-covid;Pre-covid
2018;05;Asturias;Patatas;2809.24;2261.23;0.8;72.84;2.59;2.09;2018-05-01;Pre-covid;Pre-covid
2018;05;Asturias;Patatas frescas;2278.32;1697.66;0.75;59.98;2.1;1.57;2018-05-01;Pre-covid;Pre-covid
2018;05;Asturias;Patatas congeladas;110.33;126.36;1.15;9.47;0.1;0.12;2018-05-01;Pre-covid;Pre-covid
2018;05;Asturias;Patatas procesadas;84.12;437.2;5.2;34.71;0.08;0.4;2018-05-01;Pre-covid;Pre-covid
2018;05;Asturias;Hortalizas frescas;3978.06;7224.85;1.82;97.23;3.67;6.66;2018-05-01;Pre-covid;Pre-covid
2018;05;Asturias;Omates;876.92;1453.38;1.66;74.48;0.81;1.34;2018-05-01;Pre-covid;Pre-covid
2018;05;Asturias;Cebollas;675.29;818.85;1.21;72.98;0.62;0.76;2018-05-01;Pre-covid;Pre-covid
2018;05;Asturias;Ajos;59.04;263.61;4.47;45.37;0.05;0.24;2018-05-01;Pre-covid;Pre-covid
2018;05;Asturias;Coles;74.61;81.35;1.09;14.77;0.07;0.08;2018-05-01;Pre-covid;Pre-covid
2018;05;Asturias;Pepinos;54.3;79.53;1.46;15.49;0.05;0.07;2018-05-01;Pre-covid;Pre-covid
2018;05;Asturias;Judias verdes;112.2;268.38;2.39;26.89;0.1;0.25;2018-05-01;Pre-covid;Pre-covid
2018;05;Asturias;Pimientos;369.2;684.89;1.86;57.07;0.34;0.63;2018-05-01;Pre-covid;Pre-covid
2018;05;Asturias;Champiñoneso setas;120.14;481.62;4.01;34.87;0.11;0.44;2018-05-01;Pre-covid;Pre-covid
2018;05;Asturias;Lechuga/esc /endivia;249.8;655.22;2.62;50.95;0.23;0.6;2018-05-01;Pre-covid;Pre-covid
2018;05;Asturias;Esparragos;141.11;234.2;1.66;14.74;0.13;0.22;2018-05-01;Pre-covid;Pre-covid
2018;05;Asturias;Verduras de hoja;88.97;187.6;2.11;22.77;0.08;0.17;2018-05-01;Pre-covid;Pre-covid
2018;05;Asturias;Berenjenas;73.07;95.65;1.31;20.89;0.07;0.09;2018-05-01;Pre-covid;Pre-covid
2018;05;Asturias;Zanahorias;172.0;173.92;1.01;38.65;0.16;0.16;2018-05-01;Pre-covid;Pre-covid
2018;05;Asturias;Calabacines;274.24;329.7;1.2;40.88;0.25;0.3;2018-05-01;Pre-covid;Pre-covid
2018;05;Asturias;Otr hortalizas/verd ;637.17;1416.96;2.22;68.83;0.59;1.31;2018-05-01;Pre-covid;Pre-covid
2018;05;Asturias;Brocoli;127.39;190.62;1.5;22.18;0.12;0.18;2018-05-01;Pre-covid;Pre-covid
2018;05;Asturias;Alcachofas;31.3;45.76;1.46;4.84;0.03;0.04;2018-05-01;Pre-covid;Pre-covid
2018;05;Asturias;Verd /hort  iv gama;431.54;1174.35;2.72;51.21;0.4;1.08;2018-05-01;Pre-covid;Pre-covid
2018;05;Baleares;Patatas;2542.62;2183.27;0.86;80.04;2.47;2.12;2018-05-01;Pre-covid;Pre-covid
2018;05;Baleares;Patatas frescas;1877.9;1438.44;0.77;74.71;1.82;1.4;2018-05-01;Pre-covid;Pre-covid
2018;05;Baleares;Patatas congeladas;76.27;93.18;1.22;10.65;0.07;0.09;2018-05-01;Pre-covid;Pre-covid
2018;05;Baleares;Patatas procesadas;117.69;651.66;5.54;43.24;0.11;0.63;2018-05-01;Pre-covid;Pre-covid
2018;05;Baleares;Hortalizas frescas;5623.84;10863.41;1.93;98.25;5.46;10.55;2018-05-01;Pre-covid;Pre-covid
2018;05;Baleares;Omates;1162.66;1907.88;1.64;85.21;1.13;1.85;2018-05-01;Pre-covid;Pre-covid
2018;05;Baleares;Cebollas;781.82;916.65;1.17;78.87;0.76;0.89;2018-05-01;Pre-covid;Pre-covid
2018;05;Baleares;Ajos;58.22;290.4;4.99;30.27;0.06;0.28;2018-05-01;Pre-covid;Pre-covid
2018;05;Baleares;Coles;147.3;156.57;1.06;20.5;0.14;0.15;2018-05-01;Pre-covid;Pre-covid
2018;05;Baleares;Pepinos;184.0;272.01;1.48;42.57;0.18;0.26;2018-05-01;Pre-covid;Pre-covid
2018;05;Baleares;Judias verdes;118.13;416.67;3.53;35.55;0.11;0.4;2018-05-01;Pre-covid;Pre-covid
2018;05;Baleares;Pimientos;489.53;900.41;1.84;70.89;0.48;0.87;2018-05-01;Pre-covid;Pre-covid
2018;05;Baleares;Champiñoneso setas;175.01;724.8;4.14;50.61;0.17;0.7;2018-05-01;Pre-covid;Pre-covid
2018;05;Baleares;Lechuga/esc /endivia;300.41;1058.34;3.52;69.07;0.29;1.03;2018-05-01;Pre-covid;Pre-covid
2018;05;Baleares;Esparragos;168.69;538.84;3.19;31.46;0.16;0.52;2018-05-01;Pre-covid;Pre-covid
2018;05;Baleares;Verduras de hoja;68.51;247.17;3.61;26.35;0.07;0.24;2018-05-01;Pre-covid;Pre-covid
2018;05;Baleares;Berenjenas;159.27;241.75;1.52;39.87;0.15;0.23;2018-05-01;Pre-covid;Pre-covid
2018;05;Baleares;Zanahorias;303.55;261.03;0.86;62.55;0.29;0.25;2018-05-01;Pre-covid;Pre-covid
2018;05;Baleares;Calabacines;325.69;469.79;1.44;57.16;0.32;0.46;2018-05-01;Pre-covid;Pre-covid
2018;05;Baleares;Otr hortalizas/verd ;1181.05;2461.09;2.08;82.38;1.15;2.39;2018-05-01;Pre-covid;Pre-covid
2018;05;Baleares;Brocoli;134.93;244.69;1.81;25.96;0.13;0.24;2018-05-01;Pre-covid;Pre-covid
2018;05;Baleares;Alcachofas;148.03;234.49;1.58;26.59;0.14;0.23;2018-05-01;Pre-covid;Pre-covid
2018;05;Baleares;Verd /hort  iv gama;954.58;2428.1;2.54;74.82;0.93;2.36;2018-05-01;Pre-covid;Pre-covid
2018;05;Canarias;Patatas;5042.2;5044.74;1.0;75.12;2.31;2.31;2018-05-01;Pre-covid;Pre-covid
2018;05;Canarias;Patatas frescas;4235.7;4124.39;0.97;60.63;1.94;1.89;2018-05-01;Pre-covid;Pre-covid
2018;05;Canarias;Patatas congeladas;186.46;194.58;1.04;7.95;0.09;0.09;2018-05-01;Pre-covid;Pre-covid
2018;05;Canarias;Patatas procesadas;124.01;725.76;5.85;39.08;0.06;0.33;2018-05-01;Pre-covid;Pre-covid
2018;05;Canarias;Hortalizas frescas;11344.12;19410.14;1.71;98.02;5.19;8.88;2018-05-01;Pre-covid;Pre-covid
2018;05;Canarias;Omates;2205.61;3030.5;1.37;82.2;1.01;1.39;2018-05-01;Pre-covid;Pre-covid
2018;05;Canarias;Cebollas;1691.74;1906.46;1.13;74.34;0.77;0.87;2018-05-01;Pre-covid;Pre-covid
2018;05;Canarias;Ajos;166.12;570.26;3.43;40.44;0.08;0.26;2018-05-01;Pre-covid;Pre-covid
2018;05;Canarias;Coles;320.02;306.31;0.96;34.01;0.15;0.14;2018-05-01;Pre-covid;Pre-covid
2018;05;Canarias;Pepinos;291.79;447.96;1.54;42.75;0.13;0.2;2018-05-01;Pre-covid;Pre-covid
2018;05;Canarias;Judias verdes;291.85;565.37;1.94;26.39;0.13;0.26;2018-05-01;Pre-covid;Pre-covid
2018;05;Canarias;Pimientos;943.63;1796.05;1.9;74.44;0.43;0.82;2018-05-01;Pre-covid;Pre-covid
2018;05;Canarias;Champiñoneso setas;241.62;1078.3;4.46;44.16;0.11;0.49;2018-05-01;Pre-covid;Pre-covid
2018;05;Canarias;Lechuga/esc /endivia;335.38;1059.01;3.16;50.8;0.15;0.48;2018-05-01;Pre-covid;Pre-covid
2018;05;Canarias;Esparragos;31.96;65.04;2.04;3.45;0.01;0.03;2018-05-01;Pre-covid;Pre-covid
2018;05;Canarias;Verduras de hoja;100.03;394.88;3.95;25.05;0.05;0.18;2018-05-01;Pre-covid;Pre-covid
2018;05;Canarias;Berenjenas;218.81;296.61;1.36;27.74;0.1;0.14;2018-05-01;Pre-covid;Pre-covid
2018;05;Canarias;Zanahorias;881.42;879.41;1.0;71.26;0.4;0.4;2018-05-01;Pre-covid;Pre-covid
2018;05;Canarias;Calabacines;1207.09;1462.37;1.21;73.56;0.55;0.67;2018-05-01;Pre-covid;Pre-covid
2018;05;Canarias;Otr hortalizas/verd ;2417.04;5551.62;2.3;81.79;1.11;2.54;2018-05-01;Pre-covid;Pre-covid
2018;05;Canarias;Brocoli;203.61;279.83;1.37;6.91;0.09;0.13;2018-05-01;Pre-covid;Pre-covid
2018;05;Canarias;Alcachofas;35.57;100.43;2.82;2.37;0.02;0.05;2018-05-01;Pre-covid;Pre-covid
2018;05;Canarias;Verd /hort  iv gama;2345.51;4857.02;2.07;68.47;1.07;2.22;2018-05-01;Pre-covid;Pre-covid
2018;05;Cantabria;Patatas;1311.54;1047.92;0.8;66.95;2.36;1.88;2018-05-01;Pre-covid;Pre-covid
2018;05;Cantabria;Patatas frescas;1034.35;812.26;0.79;71.7;1.86;1.46;2018-05-01;Pre-covid;Pre-covid
2018;05;Cantabria;Patatas congeladas;35.12;46.52;1.32;13.84;0.06;0.08;2018-05-01;Pre-covid;Pre-covid
2018;05;Cantabria;Patatas procesadas;48.41;189.14;3.91;29.38;0.09;0.34;2018-05-01;Pre-covid;Pre-covid
2018;05;Cantabria;Hortalizas frescas;2026.17;3824.07;1.89;97.98;3.64;6.87;2018-05-01;Pre-covid;Pre-covid
2018;05;Cantabria;Omates;432.58;866.83;2.0;74.4;0.78;1.56;2018-05-01;Pre-covid;Pre-covid
2018;05;Cantabria;Cebollas;320.29;344.3;1.07;78.67;0.58;0.62;2018-05-01;Pre-covid;Pre-covid
2018;05;Cantabria;Ajos;36.48;157.83;4.33;32.22;0.07;0.28;2018-05-01;Pre-covid;Pre-covid
2018;05;Cantabria;Coles;28.13;29.41;1.05;10.14;0.05;0.05;2018-05-01;Pre-covid;Pre-covid
2018;05;Cantabria;Pepinos;51.36;72.24;1.41;17.35;0.09;0.13;2018-05-01;Pre-covid;Pre-covid
2018;05;Cantabria;Judias verdes;71.83;179.51;2.5;33.96;0.13;0.32;2018-05-01;Pre-covid;Pre-covid
2018;05;Cantabria;Pimientos;175.74;324.18;1.84;71.46;0.32;0.58;2018-05-01;Pre-covid;Pre-covid
2018;05;Cantabria;Champiñoneso setas;46.91;208.81;4.45;38.83;0.08;0.38;2018-05-01;Pre-covid;Pre-covid
2018;05;Cantabria;Lechuga/esc /endivia;144.9;412.59;2.85;57.02;0.26;0.74;2018-05-01;Pre-covid;Pre-covid
2018;05;Cantabria;Esparragos;36.63;82.53;2.25;12.84;0.07;0.15;2018-05-01;Pre-covid;Pre-covid
2018;05;Cantabria;Verduras de hoja;13.07;38.68;2.96;9.7;0.02;0.07;2018-05-01;Pre-covid;Pre-covid
2018;05;Cantabria;Berenjenas;51.02;65.45;1.28;33.54;0.09;0.12;2018-05-01;Pre-covid;Pre-covid
2018;05;Cantabria;Zanahorias;154.73;129.02;0.83;58.66;0.28;0.23;2018-05-01;Pre-covid;Pre-covid
2018;05;Cantabria;Calabacines;196.26;275.75;1.4;54.28;0.35;0.5;2018-05-01;Pre-covid;Pre-covid
2018;05;Cantabria;Otr hortalizas/verd ;266.24;636.93;2.39;79.95;0.48;1.14;2018-05-01;Pre-covid;Pre-covid
2018;05;Cantabria;Brocoli;50.35;108.75;2.16;22.0;0.09;0.2;2018-05-01;Pre-covid;Pre-covid
2018;05;Cantabria;Alcachofas;28.01;43.47;1.55;16.55;0.05;0.08;2018-05-01;Pre-covid;Pre-covid
2018;05;Cantabria;Verd /hort  iv gama;244.8;673.34;2.75;63.39;0.44;1.21;2018-05-01;Pre-covid;Pre-covid
2018;05;Castilla la mancha;Patatas;5108.41;4010.53;0.79;82.91;2.44;1.91;2018-05-01;Pre-covid;Pre-covid
2018;05;Castilla la mancha;Patatas frescas;3549.18;2296.63;0.65;67.63;1.69;1.09;2018-05-01;Pre-covid;Pre-covid
2018;05;Castilla la mancha;Patatas congeladas;339.33;451.43;1.33;22.75;0.16;0.22;2018-05-01;Pre-covid;Pre-covid
2018;05;Castilla la mancha;Patatas procesadas;243.98;1262.47;5.17;55.56;0.12;0.6;2018-05-01;Pre-covid;Pre-covid
2018;05;Castilla la mancha;Hortalizas frescas;9115.92;15337.22;1.68;97.2;4.35;7.31;2018-05-01;Pre-covid;Pre-covid
2018;05;Castilla la mancha;Omates;2404.5;3584.69;1.49;84.5;1.15;1.71;2018-05-01;Pre-covid;Pre-covid
2018;05;Castilla la mancha;Cebollas;1149.51;1072.56;0.93;69.05;0.55;0.51;2018-05-01;Pre-covid;Pre-covid
2018;05;Castilla la mancha;Ajos;94.76;399.18;4.21;30.79;0.05;0.19;2018-05-01;Pre-covid;Pre-covid
2018;05;Castilla la mancha;Coles;125.69;122.51;0.97;12.92;0.06;0.06;2018-05-01;Pre-covid;Pre-covid
2018;05;Castilla la mancha;Pepinos;579.62;798.56;1.38;42.51;0.28;0.38;2018-05-01;Pre-covid;Pre-covid
2018;05;Castilla la mancha;Judias verdes;268.27;647.41;2.41;31.2;0.13;0.31;2018-05-01;Pre-covid;Pre-covid
2018;05;Castilla la mancha;Pimientos;729.93;1181.88;1.62;59.26;0.35;0.56;2018-05-01;Pre-covid;Pre-covid
2018;05;Castilla la mancha;Champiñoneso setas;214.45;845.67;3.94;38.94;0.1;0.4;2018-05-01;Pre-covid;Pre-covid
2018;05;Castilla la mancha;Lechuga/esc /endivia;485.33;1445.32;2.98;67.41;0.23;0.69;2018-05-01;Pre-covid;Pre-covid
2018;05;Castilla la mancha;Esparragos;323.64;746.61;2.31;25.12;0.15;0.36;2018-05-01;Pre-covid;Pre-covid
2018;05;Castilla la mancha;Verduras de hoja;224.68;431.79;1.92;24.13;0.11;0.21;2018-05-01;Pre-covid;Pre-covid
2018;05;Castilla la mancha;Berenjenas;160.63;236.12;1.47;23.26;0.08;0.11;2018-05-01;Pre-covid;Pre-covid
2018;05;Castilla la mancha;Zanahorias;484.4;411.5;0.85;53.63;0.23;0.2;2018-05-01;Pre-covid;Pre-covid
2018;05;Castilla la mancha;Calabacines;582.14;735.07;1.26;53.84;0.28;0.35;2018-05-01;Pre-covid;Pre-covid
2018;05;Castilla la mancha;Otr hortalizas/verd ;1288.38;2678.38;2.08;74.18;0.61;1.28;2018-05-01;Pre-covid;Pre-covid
2018;05;Castilla la mancha;Brocoli;164.36;286.91;1.75;18.08;0.08;0.14;2018-05-01;Pre-covid;Pre-covid
2018;05;Castilla la mancha;Alcachofas;216.04;311.09;1.44;21.95;0.1;0.15;2018-05-01;Pre-covid;Pre-covid
2018;05;Castilla la mancha;Verd /hort  iv gama;1192.74;2759.28;2.31;67.46;0.57;1.32;2018-05-01;Pre-covid;Pre-covid
2018;05;Castilla leon;Patatas;4432.38;3447.41;0.78;72.67;1.81;1.41;2018-05-01;Pre-covid;Pre-covid
2018;05;Castilla leon;Patatas frescas;3471.25;2387.2;0.69;60.85;1.42;0.98;2018-05-01;Pre-covid;Pre-covid
2018;05;Castilla leon;Patatas congeladas;103.56;137.63;1.33;6.36;0.04;0.06;2018-05-01;Pre-covid;Pre-covid
2018;05;Castilla leon;Patatas procesadas;171.52;922.58;5.38;33.68;0.07;0.38;2018-05-01;Pre-covid;Pre-covid
2018;05;Castilla leon;Hortalizas frescas;10254.46;17848.5;1.74;96.12;4.19;7.3;2018-05-01;Pre-covid;Pre-covid
2018;05;Castilla leon;Omates;2220.57;3460.72;1.56;76.46;0.91;1.41;2018-05-01;Pre-covid;Pre-covid
2018;05;Castilla leon;Cebollas;1244.84;1380.33;1.11;64.02;0.51;0.56;2018-05-01;Pre-covid;Pre-covid
2018;05;Castilla leon;Ajos;142.84;569.25;3.99;39.58;0.06;0.23;2018-05-01;Pre-covid;Pre-covid
2018;05;Castilla leon;Coles;244.34;247.69;1.01;16.62;0.1;0.1;2018-05-01;Pre-covid;Pre-covid
2018;05;Castilla leon;Pepinos;311.34;454.73;1.46;24.21;0.13;0.19;2018-05-01;Pre-covid;Pre-covid
2018;05;Castilla leon;Judias verdes;382.62;1063.24;2.78;32.15;0.16;0.43;2018-05-01;Pre-covid;Pre-covid
2018;05;Castilla leon;Pimientos;904.69;1612.46;1.78;65.77;0.37;0.66;2018-05-01;Pre-covid;Pre-covid
2018;05;Castilla leon;Champiñoneso setas;242.3;851.55;3.51;40.33;0.1;0.35;2018-05-01;Pre-covid;Pre-covid
2018;05;Castilla leon;Lechuga/esc /endivia;764.93;1886.26;2.47;58.98;0.31;0.77;2018-05-01;Pre-covid;Pre-covid
2018;05;Castilla leon;Esparragos;241.07;459.83;1.91;12.5;0.1;0.19;2018-05-01;Pre-covid;Pre-covid
2018;05;Castilla leon;Verduras de hoja;251.6;513.94;2.04;20.41;0.1;0.21;2018-05-01;Pre-covid;Pre-covid
2018;05;Castilla leon;Berenjenas;140.55;205.18;1.46;20.83;0.06;0.08;2018-05-01;Pre-covid;Pre-covid
2018;05;Castilla leon;Zanahorias;747.57;621.92;0.83;56.71;0.31;0.25;2018-05-01;Pre-covid;Pre-covid
2018;05;Castilla leon;Calabacines;786.66;1057.42;1.34;55.38;0.32;0.43;2018-05-01;Pre-covid;Pre-covid
2018;05;Castilla leon;Otr hortalizas/verd ;1628.55;3463.97;2.13;71.45;0.67;1.42;2018-05-01;Pre-covid;Pre-covid
2018;05;Castilla leon;Brocoli;270.22;370.5;1.37;21.52;0.11;0.15;2018-05-01;Pre-covid;Pre-covid
2018;05;Castilla leon;Alcachofas;190.43;289.22;1.52;16.71;0.08;0.12;2018-05-01;Pre-covid;Pre-covid
2018;05;Castilla leon;Verd /hort  iv gama;1342.11;3324.53;2.48;65.31;0.55;1.36;2018-05-01;Pre-covid;Pre-covid
2018;05;Cataluña;Patatas;17286.68;15496.28;0.9;82.7;2.5;2.24;2018-05-01;Pre-covid;Pre-covid
2018;05;Cataluña;Patatas frescas;12210.03;9543.44;0.78;71.26;1.76;1.38;2018-05-01;Pre-covid;Pre-covid
2018;05;Cataluña;Patatas congeladas;524.55;698.08;1.33;10.83;0.08;0.1;2018-05-01;Pre-covid;Pre-covid
2018;05;Cataluña;Patatas procesadas;910.42;5254.76;5.77;50.92;0.13;0.76;2018-05-01;Pre-covid;Pre-covid
2018;05;Cataluña;Hortalizas frescas;41835.07;76042.56;1.82;98.25;6.05;10.99;2018-05-01;Pre-covid;Pre-covid
2018;05;Cataluña;Omates;9366.51;16707.06;1.78;87.15;1.35;2.41;2018-05-01;Pre-covid;Pre-covid
2018;05;Cataluña;Cebollas;4746.38;5715.79;1.2;72.31;0.69;0.83;2018-05-01;Pre-covid;Pre-covid
2018;05;Cataluña;Ajos;405.87;1618.32;3.99;33.97;0.06;0.23;2018-05-01;Pre-covid;Pre-covid
2018;05;Cataluña;Coles;795.36;795.69;1.0;15.7;0.11;0.11;2018-05-01;Pre-covid;Pre-covid
2018;05;Cataluña;Pepinos;1557.4;2293.45;1.47;41.65;0.23;0.33;2018-05-01;Pre-covid;Pre-covid
2018;05;Cataluña;Judias verdes;1842.18;5495.18;2.98;45.69;0.27;0.79;2018-05-01;Pre-covid;Pre-covid
2018;05;Cataluña;Pimientos;3022.2;5364.49;1.78;65.68;0.44;0.78;2018-05-01;Pre-covid;Pre-covid
2018;05;Cataluña;Champiñoneso setas;856.51;3146.1;3.67;37.09;0.12;0.45;2018-05-01;Pre-covid;Pre-covid
2018;05;Cataluña;Lechuga/esc /endivia;2646.42;7666.36;2.9;69.57;0.38;1.11;2018-05-01;Pre-covid;Pre-covid
2018;05;Cataluña;Esparragos;1573.74;2509.2;1.59;26.95;0.23;0.36;2018-05-01;Pre-covid;Pre-covid
2018;05;Cataluña;Verduras de hoja;857.56;1978.22;2.31;28.92;0.12;0.29;2018-05-01;Pre-covid;Pre-covid
2018;05;Cataluña;Berenjenas;1235.8;1665.04;1.35;37.1;0.18;0.24;2018-05-01;Pre-covid;Pre-covid
2018;05;Cataluña;Zanahorias;2078.92;2114.58;1.02;52.05;0.3;0.31;2018-05-01;Pre-covid;Pre-covid
2018;05;Cataluña;Calabacines;2617.45;3583.27;1.37;50.55;0.38;0.52;2018-05-01;Pre-covid;Pre-covid
2018;05;Cataluña;Otr hortalizas/verd ;8232.76;15389.82;1.87;81.69;1.19;2.22;2018-05-01;Pre-covid;Pre-covid
2018;05;Cataluña;Brocoli;1138.06;1543.52;1.36;27.53;0.16;0.22;2018-05-01;Pre-covid;Pre-covid
2018;05;Cataluña;Alcachofas;1828.45;2438.33;1.33;33.91;0.26;0.35;2018-05-01;Pre-covid;Pre-covid
2018;05;Cataluña;Verd /hort  iv gama;4653.75;12176.52;2.62;74.55;0.67;1.76;2018-05-01;Pre-covid;Pre-covid
2018;05;Extremadura;Patatas;2799.95;2369.68;0.85;76.46;2.37;2.01;2018-05-01;Pre-covid;Pre-covid
2018;05;Extremadura;Patatas frescas;2163.13;1648.18;0.76;59.27;1.83;1.4;2018-05-01;Pre-covid;Pre-covid
2018;05;Extremadura;Patatas congeladas;132.36;178.27;1.35;12.41;0.11;0.15;2018-05-01;Pre-covid;Pre-covid
2018;05;Extremadura;Patatas procesadas;100.89;543.24;5.38;42.03;0.09;0.46;2018-05-01;Pre-covid;Pre-covid
2018;05;Extremadura;Hortalizas frescas;5268.57;8694.1;1.65;98.13;4.47;7.37;2018-05-01;Pre-covid;Pre-covid
2018;05;Extremadura;Omates;1340.47;1939.63;1.45;86.51;1.14;1.65;2018-05-01;Pre-covid;Pre-covid
2018;05;Extremadura;Cebollas;593.73;557.78;0.94;65.49;0.5;0.47;2018-05-01;Pre-covid;Pre-covid
2018;05;Extremadura;Ajos;64.97;263.62;4.06;42.4;0.06;0.22;2018-05-01;Pre-covid;Pre-covid
2018;05;Extremadura;Coles;96.5;121.72;1.26;20.96;0.08;0.1;2018-05-01;Pre-covid;Pre-covid
2018;05;Extremadura;Pepinos;200.71;270.4;1.35;31.94;0.17;0.23;2018-05-01;Pre-covid;Pre-covid
2018;05;Extremadura;Judias verdes;145.91;365.43;2.5;38.11;0.12;0.31;2018-05-01;Pre-covid;Pre-covid
2018;05;Extremadura;Pimientos;362.2;623.13;1.72;72.65;0.31;0.53;2018-05-01;Pre-covid;Pre-covid
2018;05;Extremadura;Champiñoneso setas;78.66;309.53;3.94;28.66;0.07;0.26;2018-05-01;Pre-covid;Pre-covid
2018;05;Extremadura;Lechuga/esc /endivia;268.1;865.58;3.23;52.35;0.23;0.73;2018-05-01;Pre-covid;Pre-covid
2018;05;Extremadura;Esparragos;137.2;254.35;1.85;14.94;0.12;0.22;2018-05-01;Pre-covid;Pre-covid
2018;05;Extremadura;Verduras de hoja;151.02;316.6;2.1;24.52;0.13;0.27;2018-05-01;Pre-covid;Pre-covid
2018;05;Extremadura;Berenjenas;108.47;154.13;1.42;28.55;0.09;0.13;2018-05-01;Pre-covid;Pre-covid
2018;05;Extremadura;Zanahorias;345.38;309.41;0.9;54.0;0.29;0.26;2018-05-01;Pre-covid;Pre-covid
2018;05;Extremadura;Calabacines;368.84;476.46;1.29;45.42;0.31;0.4;2018-05-01;Pre-covid;Pre-covid
2018;05;Extremadura;Otr hortalizas/verd ;1006.42;1866.34;1.85;79.23;0.85;1.58;2018-05-01;Pre-covid;Pre-covid
2018;05;Extremadura;Brocoli;100.7;101.26;1.01;21.29;0.09;0.09;2018-05-01;Pre-covid;Pre-covid
2018;05;Extremadura;Alcachofas;182.37;298.19;1.64;24.93;0.15;0.25;2018-05-01;Pre-covid;Pre-covid
2018;05;Extremadura;Verd /hort  iv gama;538.61;1262.62;2.34;62.18;0.46;1.07;2018-05-01;Pre-covid;Pre-covid
2018;05;Galicia;Patatas;7435.83;5966.14;0.8;68.97;2.68;2.15;2018-05-01;Pre-covid;Pre-covid
2018;05;Galicia;Patatas frescas;5997.23;4543.26;0.76;56.98;2.16;1.64;2018-05-01;Pre-covid;Pre-covid
2018;05;Galicia;Patatas congeladas;164.65;174.63;1.06;8.16;0.06;0.06;2018-05-01;Pre-covid;Pre-covid
2018;05;Galicia;Patatas procesadas;254.79;1248.26;4.9;31.75;0.09;0.45;2018-05-01;Pre-covid;Pre-covid
2018;05;Galicia;Hortalizas frescas;11025.05;19700.49;1.79;96.64;3.98;7.11;2018-05-01;Pre-covid;Pre-covid
2018;05;Galicia;Omates;1981.9;3340.08;1.69;81.27;0.72;1.21;2018-05-01;Pre-covid;Pre-covid
2018;05;Galicia;Cebollas;1430.18;1674.62;1.17;70.69;0.52;0.6;2018-05-01;Pre-covid;Pre-covid
2018;05;Galicia;Ajos;150.32;652.08;4.34;36.12;0.05;0.24;2018-05-01;Pre-covid;Pre-covid
2018;05;Galicia;Coles;623.18;601.24;0.96;21.47;0.22;0.22;2018-05-01;Pre-covid;Pre-covid
2018;05;Galicia;Pepinos;113.12;178.11;1.57;13.47;0.04;0.06;2018-05-01;Pre-covid;Pre-covid
2018;05;Galicia;Judias verdes;388.36;1040.18;2.68;30.16;0.14;0.38;2018-05-01;Pre-covid;Pre-covid
2018;05;Galicia;Pimientos;952.57;1974.1;2.07;70.53;0.34;0.71;2018-05-01;Pre-covid;Pre-covid
2018;05;Galicia;Champiñoneso setas;263.32;877.29;3.33;31.98;0.1;0.32;2018-05-01;Pre-covid;Pre-covid
2018;05;Galicia;Lechuga/esc /endivia;1098.81;2578.1;2.35;59.36;0.4;0.93;2018-05-01;Pre-covid;Pre-covid
2018;05;Galicia;Esparragos;128.16;396.53;3.09;13.98;0.05;0.14;2018-05-01;Pre-covid;Pre-covid
2018;05;Galicia;Verduras de hoja;230.01;527.93;2.3;20.16;0.08;0.19;2018-05-01;Pre-covid;Pre-covid
2018;05;Galicia;Berenjenas;169.33;247.06;1.46;20.49;0.06;0.09;2018-05-01;Pre-covid;Pre-covid
2018;05;Galicia;Zanahorias;797.42;750.66;0.94;56.28;0.29;0.27;2018-05-01;Pre-covid;Pre-covid
2018;05;Galicia;Calabacines;545.16;663.14;1.22;37.92;0.2;0.24;2018-05-01;Pre-covid;Pre-covid
2018;05;Galicia;Otr hortalizas/verd ;2153.21;4199.39;1.95;69.24;0.78;1.52;2018-05-01;Pre-covid;Pre-covid
2018;05;Galicia;Brocoli;437.69;644.01;1.47;28.57;0.16;0.23;2018-05-01;Pre-covid;Pre-covid
2018;05;Galicia;Alcachofas;260.25;311.11;1.2;11.4;0.09;0.11;2018-05-01;Pre-covid;Pre-covid
2018;05;Galicia;Verd /hort  iv gama;1225.32;3101.95;2.53;57.61;0.44;1.12;2018-05-01;Pre-covid;Pre-covid
2018;05;La rioja;Patatas;438.54;377.24;0.86;73.56;1.39;1.19;2018-05-01;Pre-covid;Pre-covid
2018;05;La rioja;Patatas frescas;323.07;245.42;0.76;55.09;1.02;0.78;2018-05-01;Pre-covid;Pre-covid
2018;05;La rioja;Patatas congeladas;7.38;9.0;1.22;5.12;0.02;0.03;2018-05-01;Pre-covid;Pre-covid
2018;05;La rioja;Patatas procesadas;21.62;122.82;5.68;43.58;0.07;0.39;2018-05-01;Pre-covid;Pre-covid
2018;05;La rioja;Hortalizas frescas;1643.97;3277.67;1.99;93.82;5.19;10.36;2018-05-01;Pre-covid;Pre-covid
2018;05;La rioja;Omates;147.79;239.49;1.62;45.45;0.47;0.76;2018-05-01;Pre-covid;Pre-covid
2018;05;La rioja;Cebollas;240.67;310.56;1.29;69.19;0.76;0.98;2018-05-01;Pre-covid;Pre-covid
2018;05;La rioja;Ajos;39.1;173.34;4.43;33.59;0.12;0.55;2018-05-01;Pre-covid;Pre-covid
2018;05;La rioja;Coles;10.21;8.06;0.79;2.82;0.03;0.03;2018-05-01;Pre-covid;Pre-covid
2018;05;La rioja;Pepinos;36.21;58.88;1.63;35.36;0.11;0.19;2018-05-01;Pre-covid;Pre-covid
2018;05;La rioja;Judias verdes;42.55;100.31;2.36;34.81;0.13;0.32;2018-05-01;Pre-covid;Pre-covid
2018;05;La rioja;Pimientos;79.26;165.56;2.09;60.4;0.25;0.52;2018-05-01;Pre-covid;Pre-covid
2018;05;La rioja;Champiñoneso setas;50.21;187.46;3.73;35.93;0.16;0.59;2018-05-01;Pre-covid;Pre-covid
2018;05;La rioja;Lechuga/esc /endivia;78.02;213.04;2.73;52.48;0.25;0.67;2018-05-01;Pre-covid;Pre-covid
2018;05;La rioja;Esparragos;83.0;369.54;4.45;24.35;0.26;1.17;2018-05-01;Pre-covid;Pre-covid
2018;05;La rioja;Verduras de hoja;66.61;139.23;2.09;32.92;0.21;0.44;2018-05-01;Pre-covid;Pre-covid
2018;05;La rioja;Berenjenas;15.62;20.5;1.31;21.05;0.05;0.06;2018-05-01;Pre-covid;Pre-covid
2018;05;La rioja;Zanahorias;78.02;90.55;1.16;53.37;0.25;0.29;2018-05-01;Pre-covid;Pre-covid
2018;05;La rioja;Calabacines;78.62;105.9;1.35;43.6;0.25;0.33;2018-05-01;Pre-covid;Pre-covid
2018;05;La rioja;Otr hortalizas/verd ;598.09;1095.26;1.83;79.82;1.89;3.46;2018-05-01;Pre-covid;Pre-covid
2018;05;La rioja;Brocoli;15.51;22.04;1.42;11.43;0.05;0.07;2018-05-01;Pre-covid;Pre-covid
2018;05;La rioja;Alcachofas;105.87;142.33;1.34;17.68;0.33;0.45;2018-05-01;Pre-covid;Pre-covid
2018;05;La rioja;Verd /hort  iv gama;111.49;298.97;2.68;62.25;0.35;0.94;2018-05-01;Pre-covid;Pre-covid
2018;05;Madrid;Patatas;13733.1;11251.39;0.82;80.05;2.21;1.81;2018-05-01;Pre-covid;Pre-covid
2018;05;Madrid;Patatas frescas;9366.06;6854.43;0.73;68.38;1.5;1.1;2018-05-01;Pre-covid;Pre-covid
2018;05;Madrid;Patatas congeladas;568.99;704.59;1.24;11.46;0.09;0.11;2018-05-01;Pre-covid;Pre-covid
2018;05;Madrid;Patatas procesadas;759.61;3692.37;4.86;48.96;0.12;0.59;2018-05-01;Pre-covid;Pre-covid
2018;05;Madrid;Hortalizas frescas;31211.69;55651.95;1.78;97.44;5.01;8.94;2018-05-01;Pre-covid;Pre-covid
2018;05;Madrid;Omates;7473.15;12410.68;1.66;86.25;1.2;1.99;2018-05-01;Pre-covid;Pre-covid
2018;05;Madrid;Cebollas;3645.22;3854.75;1.06;70.99;0.59;0.62;2018-05-01;Pre-covid;Pre-covid
2018;05;Madrid;Ajos;343.52;1413.9;4.12;37.56;0.06;0.23;2018-05-01;Pre-covid;Pre-covid
2018;05;Madrid;Coles;583.45;602.01;1.03;16.35;0.09;0.1;2018-05-01;Pre-covid;Pre-covid
2018;05;Madrid;Pepinos;1204.49;1608.33;1.34;40.27;0.19;0.26;2018-05-01;Pre-covid;Pre-covid
2018;05;Madrid;Judias verdes;1297.12;3069.28;2.37;36.56;0.21;0.49;2018-05-01;Pre-covid;Pre-covid
2018;05;Madrid;Pimientos;2625.36;4543.91;1.73;67.55;0.42;0.73;2018-05-01;Pre-covid;Pre-covid
2018;05;Madrid;Champiñoneso setas;884.95;2688.07;3.04;41.72;0.14;0.43;2018-05-01;Pre-covid;Pre-covid
2018;05;Madrid;Lechuga/esc /endivia;1600.66;5109.15;3.19;61.22;0.26;0.82;2018-05-01;Pre-covid;Pre-covid
2018;05;Madrid;Esparragos;1384.87;2981.72;2.15;32.64;0.22;0.48;2018-05-01;Pre-covid;Pre-covid
2018;05;Madrid;Verduras de hoja;650.18;1579.53;2.43;31.98;0.1;0.25;2018-05-01;Pre-covid;Pre-covid
2018;05;Madrid;Berenjenas;727.66;971.11;1.33;31.48;0.12;0.16;2018-05-01;Pre-covid;Pre-covid
2018;05;Madrid;Zanahorias;1721.28;1591.65;0.92;59.42;0.28;0.26;2018-05-01;Pre-covid;Pre-covid
2018;05;Madrid;Calabacines;2218.3;2900.27;1.31;52.87;0.36;0.47;2018-05-01;Pre-covid;Pre-covid
2018;05;Madrid;Otr hortalizas/verd ;4851.47;10327.57;2.13;79.62;0.78;1.66;2018-05-01;Pre-covid;Pre-covid
2018;05;Madrid;Brocoli;697.73;1156.01;1.66;24.51;0.11;0.19;2018-05-01;Pre-covid;Pre-covid
2018;05;Madrid;Alcachofas;844.03;1146.06;1.36;23.93;0.14;0.18;2018-05-01;Pre-covid;Pre-covid
2018;05;Madrid;Verd /hort  iv gama;3792.61;10488.6;2.77;68.87;0.61;1.69;2018-05-01;Pre-covid;Pre-covid
2018;05;Murcia;Patatas;3113.85;2480.82;0.8;76.83;2.19;1.74;2018-05-01;Pre-covid;Pre-covid
2018;05;Murcia;Patatas frescas;2216.81;1513.82;0.68;63.71;1.56;1.06;2018-05-01;Pre-covid;Pre-covid
2018;05;Murcia;Patatas congeladas;119.9;156.73;1.31;13.05;0.08;0.11;2018-05-01;Pre-covid;Pre-covid
2018;05;Murcia;Patatas procesadas;155.43;810.27;5.21;46.04;0.11;0.57;2018-05-01;Pre-covid;Pre-covid
2018;05;Murcia;Hortalizas frescas;7318.15;12312.8;1.68;95.15;5.14;8.65;2018-05-01;Pre-covid;Pre-covid
2018;05;Murcia;Omates;1855.26;2808.7;1.51;83.01;1.3;1.97;2018-05-01;Pre-covid;Pre-covid
2018;05;Murcia;Cebollas;936.01;925.06;0.99;67.43;0.66;0.65;2018-05-01;Pre-covid;Pre-covid
2018;05;Murcia;Ajos;115.04;411.52;3.58;53.55;0.08;0.29;2018-05-01;Pre-covid;Pre-covid
2018;05;Murcia;Coles;51.83;39.98;0.77;7.34;0.04;0.03;2018-05-01;Pre-covid;Pre-covid
2018;05;Murcia;Pepinos;334.18;434.75;1.3;40.96;0.23;0.31;2018-05-01;Pre-covid;Pre-covid
2018;05;Murcia;Judias verdes;227.95;706.19;3.1;39.6;0.16;0.5;2018-05-01;Pre-covid;Pre-covid
2018;05;Murcia;Pimientos;506.58;804.76;1.59;57.54;0.36;0.57;2018-05-01;Pre-covid;Pre-covid
2018;05;Murcia;Champiñoneso setas;167.56;577.54;3.45;34.6;0.12;0.41;2018-05-01;Pre-covid;Pre-covid
2018;05;Murcia;Lechuga/esc /endivia;358.96;1092.02;3.04;58.79;0.25;0.77;2018-05-01;Pre-covid;Pre-covid
2018;05;Murcia;Esparragos;378.87;480.1;1.27;31.52;0.27;0.34;2018-05-01;Pre-covid;Pre-covid
2018;05;Murcia;Verduras de hoja;172.66;425.7;2.47;34.37;0.12;0.3;2018-05-01;Pre-covid;Pre-covid
2018;05;Murcia;Berenjenas;206.06;319.11;1.55;27.31;0.14;0.22;2018-05-01;Pre-covid;Pre-covid
2018;05;Murcia;Zanahorias;315.79;302.31;0.96;54.71;0.22;0.21;2018-05-01;Pre-covid;Pre-covid
2018;05;Murcia;Calabacines;425.21;590.01;1.39;43.5;0.3;0.41;2018-05-01;Pre-covid;Pre-covid
2018;05;Murcia;Otr hortalizas/verd ;1266.18;2395.04;1.89;73.62;0.89;1.68;2018-05-01;Pre-covid;Pre-covid
2018;05;Murcia;Brocoli;200.11;279.32;1.4;21.1;0.14;0.2;2018-05-01;Pre-covid;Pre-covid
2018;05;Murcia;Alcachofas;241.87;326.7;1.35;24.46;0.17;0.23;2018-05-01;Pre-covid;Pre-covid
2018;05;Murcia;Verd /hort  iv gama;762.13;2019.1;2.65;65.7;0.54;1.42;2018-05-01;Pre-covid;Pre-covid
2018;05;Navarra;Patatas;1151.59;1016.49;0.88;74.78;1.94;1.72;2018-05-01;Pre-covid;Pre-covid
2018;05;Navarra;Patatas frescas;914.79;675.32;0.74;53.16;1.54;1.14;2018-05-01;Pre-covid;Pre-covid
2018;05;Navarra;Patatas congeladas;12.77;18.6;1.46;3.78;0.02;0.03;2018-05-01;Pre-covid;Pre-covid
2018;05;Navarra;Patatas procesadas;44.81;322.56;7.2;44.71;0.08;0.54;2018-05-01;Pre-covid;Pre-covid
2018;05;Navarra;Hortalizas frescas;2278.72;4356.87;1.91;96.83;3.85;7.36;2018-05-01;Pre-covid;Pre-covid
2018;05;Navarra;Omates;260.5;459.19;1.76;54.95;0.44;0.78;2018-05-01;Pre-covid;Pre-covid
2018;05;Navarra;Cebollas;271.28;299.74;1.1;65.9;0.46;0.51;2018-05-01;Pre-covid;Pre-covid
2018;05;Navarra;Ajos;38.16;181.12;4.75;45.46;0.06;0.31;2018-05-01;Pre-covid;Pre-covid
2018;05;Navarra;Coles;67.09;70.44;1.05;20.52;0.11;0.12;2018-05-01;Pre-covid;Pre-covid
2018;05;Navarra;Pepinos;53.77;77.97;1.45;20.59;0.09;0.13;2018-05-01;Pre-covid;Pre-covid
2018;05;Navarra;Judias verdes;131.15;382.0;2.91;42.97;0.22;0.64;2018-05-01;Pre-covid;Pre-covid
2018;05;Navarra;Pimientos;149.95;318.11;2.12;66.63;0.25;0.54;2018-05-01;Pre-covid;Pre-covid
2018;05;Navarra;Champiñoneso setas;53.78;150.04;2.79;27.73;0.09;0.25;2018-05-01;Pre-covid;Pre-covid
2018;05;Navarra;Lechuga/esc /endivia;176.51;488.49;2.77;50.58;0.3;0.82;2018-05-01;Pre-covid;Pre-covid
2018;05;Navarra;Esparragos;164.16;424.77;2.59;24.19;0.28;0.72;2018-05-01;Pre-covid;Pre-covid
2018;05;Navarra;Verduras de hoja;55.78;112.43;2.02;18.82;0.09;0.19;2018-05-01;Pre-covid;Pre-covid
2018;05;Navarra;Berenjenas;53.67;84.64;1.58;15.72;0.09;0.14;2018-05-01;Pre-covid;Pre-covid
2018;05;Navarra;Zanahorias;90.76;88.16;0.97;29.88;0.15;0.15;2018-05-01;Pre-covid;Pre-covid
2018;05;Navarra;Calabacines;160.76;199.11;1.24;46.01;0.27;0.34;2018-05-01;Pre-covid;Pre-covid
2018;05;Navarra;Otr hortalizas/verd ;551.38;1020.67;1.85;73.65;0.93;1.72;2018-05-01;Pre-covid;Pre-covid
2018;05;Navarra;Brocoli;85.03;91.35;1.07;25.58;0.14;0.15;2018-05-01;Pre-covid;Pre-covid
2018;05;Navarra;Alcachofas;115.95;126.53;1.09;20.65;0.2;0.21;2018-05-01;Pre-covid;Pre-covid
2018;05;Navarra;Verd /hort  iv gama;215.12;664.95;3.09;56.58;0.36;1.12;2018-05-01;Pre-covid;Pre-covid
2018;05;Pais vasco;Patatas;5267.43;4751.85;0.9;77.78;2.54;2.3;2018-05-01;Pre-covid;Pre-covid
2018;05;Pais vasco;Patatas frescas;3897.89;3085.75;0.79;66.36;1.88;1.49;2018-05-01;Pre-covid;Pre-covid
2018;05;Pais vasco;Patatas congeladas;94.62;115.92;1.23;5.52;0.05;0.06;2018-05-01;Pre-covid;Pre-covid
2018;05;Pais vasco;Patatas procesadas;254.98;1550.19;6.08;40.19;0.12;0.75;2018-05-01;Pre-covid;Pre-covid
2018;05;Pais vasco;Hortalizas frescas;11649.19;23375.61;2.01;97.76;5.63;11.29;2018-05-01;Pre-covid;Pre-covid
2018;05;Pais vasco;Omates;2403.03;4905.36;2.04;79.59;1.16;2.37;2018-05-01;Pre-covid;Pre-covid
2018;05;Pais vasco;Cebollas;1366.42;1759.46;1.29;74.28;0.66;0.85;2018-05-01;Pre-covid;Pre-covid
2018;05;Pais vasco;Ajos;122.67;649.48;5.29;44.12;0.06;0.31;2018-05-01;Pre-covid;Pre-covid
2018;05;Pais vasco;Coles;226.7;270.9;1.19;15.27;0.11;0.13;2018-05-01;Pre-covid;Pre-covid
2018;05;Pais vasco;Pepinos;289.25;436.21;1.51;35.06;0.14;0.21;2018-05-01;Pre-covid;Pre-covid
2018;05;Pais vasco;Judias verdes;659.85;1567.8;2.38;46.66;0.32;0.76;2018-05-01;Pre-covid;Pre-covid
2018;05;Pais vasco;Pimientos;1030.9;1972.65;1.91;73.38;0.5;0.95;2018-05-01;Pre-covid;Pre-covid
2018;05;Pais vasco;Champiñoneso setas;363.59;1331.95;3.66;46.11;0.18;0.64;2018-05-01;Pre-covid;Pre-covid
2018;05;Pais vasco;Lechuga/esc /endivia;878.33;2457.19;2.8;72.75;0.42;1.19;2018-05-01;Pre-covid;Pre-covid
2018;05;Pais vasco;Esparragos;206.49;789.17;3.82;26.77;0.1;0.38;2018-05-01;Pre-covid;Pre-covid
2018;05;Pais vasco;Verduras de hoja;306.05;654.48;2.14;31.63;0.15;0.32;2018-05-01;Pre-covid;Pre-covid
2018;05;Pais vasco;Berenjenas;176.17;264.88;1.5;25.54;0.09;0.13;2018-05-01;Pre-covid;Pre-covid
2018;05;Pais vasco;Zanahorias;743.28;685.81;0.92;66.63;0.36;0.33;2018-05-01;Pre-covid;Pre-covid
2018;05;Pais vasco;Calabacines;889.99;1212.15;1.36;52.13;0.43;0.59;2018-05-01;Pre-covid;Pre-covid
2018;05;Pais vasco;Otr hortalizas/verd ;1986.48;4418.11;2.22;80.59;0.96;2.13;2018-05-01;Pre-covid;Pre-covid
2018;05;Pais vasco;Brocoli;311.53;532.87;1.71;27.99;0.15;0.26;2018-05-01;Pre-covid;Pre-covid
2018;05;Pais vasco;Alcachofas;339.44;447.92;1.32;21.44;0.16;0.22;2018-05-01;Pre-covid;Pre-covid
2018;05;Pais vasco;Verd /hort  iv gama;1475.18;3901.05;2.64;68.14;0.71;1.88;2018-05-01;Pre-covid;Pre-covid
2018;05;Valencia;Patatas;10004.67;8715.9;0.87;80.19;2.11;1.84;2018-05-01;Pre-covid;Pre-covid
2018;05;Valencia;Patatas frescas;6821.28;5251.94;0.77;66.57;1.44;1.11;2018-05-01;Pre-covid;Pre-covid
2018;05;Valencia;Patatas congeladas;388.29;486.11;1.25;12.12;0.08;0.1;2018-05-01;Pre-covid;Pre-covid
2018;05;Valencia;Patatas procesadas;559.02;2977.85;5.33;50.46;0.12;0.63;2018-05-01;Pre-covid;Pre-covid
2018;05;Valencia;Hortalizas frescas;26428.95;45425.01;1.72;96.85;5.58;9.6;2018-05-01;Pre-covid;Pre-covid
2018;05;Valencia;Omates;5915.17;8874.98;1.5;80.66;1.25;1.88;2018-05-01;Pre-covid;Pre-covid
2018;05;Valencia;Cebollas;3462.69;3467.72;1.0;66.43;0.73;0.73;2018-05-01;Pre-covid;Pre-covid
2018;05;Valencia;Ajos;249.69;1037.07;4.15;34.21;0.05;0.22;2018-05-01;Pre-covid;Pre-covid
2018;05;Valencia;Coles;358.92;356.73;0.99;13.98;0.08;0.08;2018-05-01;Pre-covid;Pre-covid
2018;05;Valencia;Pepinos;1241.38;1662.49;1.34;48.27;0.26;0.35;2018-05-01;Pre-covid;Pre-covid
2018;05;Valencia;Judias verdes;792.22;2165.84;2.73;40.31;0.17;0.46;2018-05-01;Pre-covid;Pre-covid
2018;05;Valencia;Pimientos;1998.21;3346.88;1.67;64.5;0.42;0.71;2018-05-01;Pre-covid;Pre-covid
2018;05;Valencia;Champiñoneso setas;751.6;2466.8;3.28;46.8;0.16;0.52;2018-05-01;Pre-covid;Pre-covid
2018;05;Valencia;Lechuga/esc /endivia;1360.28;4004.36;2.94;61.7;0.29;0.85;2018-05-01;Pre-covid;Pre-covid
2018;05;Valencia;Esparragos;718.3;1813.05;2.52;34.65;0.15;0.38;2018-05-01;Pre-covid;Pre-covid
2018;05;Valencia;Verduras de hoja;676.99;1569.98;2.32;32.28;0.14;0.33;2018-05-01;Pre-covid;Pre-covid
2018;05;Valencia;Berenjenas;895.16;1372.1;1.53;36.56;0.19;0.29;2018-05-01;Pre-covid;Pre-covid
2018;05;Valencia;Zanahorias;1382.62;1285.41;0.93;53.41;0.29;0.27;2018-05-01;Pre-covid;Pre-covid
2018;05;Valencia;Calabacines;1447.26;1876.87;1.3;51.09;0.31;0.4;2018-05-01;Pre-covid;Pre-covid
2018;05;Valencia;Otr hortalizas/verd ;5178.47;10124.71;1.96;82.04;1.09;2.14;2018-05-01;Pre-covid;Pre-covid
2018;05;Valencia;Brocoli;574.33;767.72;1.34;23.83;0.12;0.16;2018-05-01;Pre-covid;Pre-covid
2018;05;Valencia;Alcachofas;1479.95;1974.23;1.33;37.54;0.31;0.42;2018-05-01;Pre-covid;Pre-covid
2018;05;Valencia;Verd /hort  iv gama;2862.85;7816.76;2.73;70.92;0.6;1.65;2018-05-01;Pre-covid;Pre-covid
2018;05;Nacional;Frutas frescas;352281.86;584041.18;1.66;96.25;7.72;12.8;2018-05-01;Pre-covid;Pre-covid
2018;05;Nacional;Naranjas;87076.13;86327.37;0.99;57.0;1.91;1.89;2018-05-01;Pre-covid;Pre-covid
2018;05;Nacional;Mandarinas;12632.42;21259.18;1.68;29.12;0.28;0.47;2018-05-01;Pre-covid;Pre-covid
2018;05;Nacional;Limones;8774.36;15573.6;1.77;33.95;0.19;0.34;2018-05-01;Pre-covid;Pre-covid
2018;05;Nacional;Platanos;51580.7;80808.44;1.57;80.88;1.13;1.77;2018-05-01;Pre-covid;Pre-covid
2018;05;Nacional;Manzanas;39988.74;64250.72;1.61;67.14;0.88;1.41;2018-05-01;Pre-covid;Pre-covid
2018;05;Nacional;Peras;20258.93;32811.3;1.62;49.38;0.44;0.72;2018-05-01;Pre-covid;Pre-covid
2018;05;Nacional;Melocotones;4224.78;9014.73;2.13;16.89;0.09;0.2;2018-05-01;Pre-covid;Pre-covid
2018;05;Nacional;Nectarinas;5028.93;9469.32;1.88;18.77;0.11;0.21;2018-05-01;Pre-covid;Pre-covid
2018;05;Nacional;Albaricoques;8939.49;19611.37;2.19;33.16;0.2;0.43;2018-05-01;Pre-covid;Pre-covid
2018;05;Nacional;Fresas/freson;24724.77;57487.56;2.33;63.11;0.54;1.26;2018-05-01;Pre-covid;Pre-covid
2018;05;Nacional;Melon;12411.87;20093.7;1.62;23.3;0.27;0.44;2018-05-01;Pre-covid;Pre-covid
2018;05;Nacional;Sandia;28116.87;36953.55;1.31;33.61;0.62;0.81;2018-05-01;Pre-covid;Pre-covid
2018;05;Nacional;Ciruelas;1499.02;3981.04;2.66;9.45;0.03;0.09;2018-05-01;Pre-covid;Pre-covid
2018;05;Nacional;Cerezas;4434.61;17298.27;3.9;22.46;0.1;0.38;2018-05-01;Pre-covid;Pre-covid
2018;05;Nacional;Uvas;2356.5;8242.78;3.5;11.45;0.05;0.18;2018-05-01;Pre-covid;Pre-covid
2018;05;Nacional;Kiwi;10863.14;30477.81;2.81;36.47;0.24;0.67;2018-05-01;Pre-covid;Pre-covid
2018;05;Nacional;Aguacate;5185.62;17126.16;3.3;26.15;0.11;0.38;2018-05-01;Pre-covid;Pre-covid
2018;05;Nacional;Piña;8649.92;12936.01;1.5;20.74;0.19;0.28;2018-05-01;Pre-covid;Pre-covid
2018;05;Nacional;Otras frutas frescas;15535.06;40318.28;2.6;42.97;0.34;0.88;2018-05-01;Pre-covid;Pre-covid
2018;05;Nacional;Pomelo;1527.19;2473.88;1.62;3.1;0.03;0.05;2018-05-01;Pre-covid;Pre-covid
2018;05;Nacional;Chirimoya;1.09;4.84;4.45;0.01;0.0;0.0;2018-05-01;Pre-covid;Pre-covid
2018;05;Nacional;Frutas iv gama;17743.28;31965.62;1.8;31.85;0.39;0.7;2018-05-01;Pre-covid;Pre-covid
2018;05;Andalucia;Frutas frescas;56467.11;89028.25;1.58;95.29;6.5;10.25;2018-05-01;Pre-covid;Pre-covid
2018;05;Andalucia;Naranjas;12632.31;11947.4;0.95;48.85;1.45;1.38;2018-05-01;Pre-covid;Pre-covid
2018;05;Andalucia;Mandarinas;1947.98;3055.87;1.57;28.66;0.22;0.35;2018-05-01;Pre-covid;Pre-covid
2018;05;Andalucia;Limones;1347.39;2233.14;1.66;26.13;0.16;0.26;2018-05-01;Pre-covid;Pre-covid
2018;05;Andalucia;Platanos;8656.35;12765.41;1.47;80.23;1.0;1.47;2018-05-01;Pre-covid;Pre-covid
2018;05;Andalucia;Manzanas;6049.69;9527.2;1.57;66.21;0.7;1.1;2018-05-01;Pre-covid;Pre-covid
2018;05;Andalucia;Peras;3155.14;5017.7;1.59;45.57;0.36;0.58;2018-05-01;Pre-covid;Pre-covid
2018;05;Andalucia;Melocotones;547.46;1306.96;2.39;16.53;0.06;0.15;2018-05-01;Pre-covid;Pre-covid
2018;05;Andalucia;Nectarinas;561.82;1126.3;2.0;14.26;0.06;0.13;2018-05-01;Pre-covid;Pre-covid
2018;05;Andalucia;Albaricoques;1136.19;2315.34;2.04;26.52;0.13;0.27;2018-05-01;Pre-covid;Pre-covid
2018;05;Andalucia;Fresas/freson;3849.24;8707.83;2.26;59.1;0.44;1.0;2018-05-01;Pre-covid;Pre-covid
2018;05;Andalucia;Melon;3041.0;4256.09;1.4;25.81;0.35;0.49;2018-05-01;Pre-covid;Pre-covid
2018;05;Andalucia;Sandia;5814.25;7122.97;1.23;35.33;0.67;0.82;2018-05-01;Pre-covid;Pre-covid
2018;05;Andalucia;Ciruelas;272.73;753.94;2.76;9.47;0.03;0.09;2018-05-01;Pre-covid;Pre-covid
2018;05;Andalucia;Cerezas;449.5;1940.35;4.32;14.94;0.05;0.22;2018-05-01;Pre-covid;Pre-covid
2018;05;Andalucia;Uvas;450.89;1539.95;3.42;13.34;0.05;0.18;2018-05-01;Pre-covid;Pre-covid
2018;05;Andalucia;Kiwi;1501.9;4253.51;2.83;33.34;0.17;0.49;2018-05-01;Pre-covid;Pre-covid
2018;05;Andalucia;Aguacate;807.39;2544.3;3.15;26.61;0.09;0.29;2018-05-01;Pre-covid;Pre-covid
2018;05;Andalucia;Piña;1223.85;1750.3;1.43;20.52;0.14;0.2;2018-05-01;Pre-covid;Pre-covid
2018;05;Andalucia;Otras frutas frescas;3022.03;6863.69;2.27;45.63;0.35;0.79;2018-05-01;Pre-covid;Pre-covid
2018;05;Andalucia;Pomelo;183.59;299.3;1.63;3.41;0.02;0.03;2018-05-01;Pre-covid;Pre-covid
2018;05;Andalucia;Chirimoya;0.0;0.0;0.0;0.0;0.0;0.0;2018-05-01;Pre-covid;Pre-covid
2018;05;Andalucia;Frutas iv gama;3570.89;6182.91;1.73;34.06;0.41;0.71;2018-05-01;Pre-covid;Pre-covid
2018;05;Aragon;Frutas frescas;10882.06;17524.17;1.61;96.12;8.29;13.35;2018-05-01;Pre-covid;Pre-covid
2018;05;Aragon;Naranjas;2643.13;2616.31;0.99;60.96;2.01;1.99;2018-05-01;Pre-covid;Pre-covid
2018;05;Aragon;Mandarinas;447.56;670.9;1.5;27.38;0.34;0.51;2018-05-01;Pre-covid;Pre-covid
2018;05;Aragon;Limones;297.0;510.65;1.72;36.35;0.23;0.39;2018-05-01;Pre-covid;Pre-covid
2018;05;Aragon;Platanos;1461.47;2260.05;1.55;74.84;1.11;1.72;2018-05-01;Pre-covid;Pre-covid
2018;05;Aragon;Manzanas;1387.94;1924.54;1.39;68.24;1.06;1.47;2018-05-01;Pre-covid;Pre-covid
2018;05;Aragon;Peras;576.2;968.34;1.68;56.91;0.44;0.74;2018-05-01;Pre-covid;Pre-covid
2018;05;Aragon;Melocotones;97.73;255.57;2.62;15.65;0.07;0.19;2018-05-01;Pre-covid;Pre-covid
2018;05;Aragon;Nectarinas;133.75;243.4;1.82;22.54;0.1;0.19;2018-05-01;Pre-covid;Pre-covid
2018;05;Aragon;Albaricoques;238.96;527.49;2.21;40.55;0.18;0.4;2018-05-01;Pre-covid;Pre-covid
2018;05;Aragon;Fresas/freson;655.78;1516.33;2.31;58.35;0.5;1.15;2018-05-01;Pre-covid;Pre-covid
2018;05;Aragon;Melon;437.23;696.48;1.59;24.47;0.33;0.53;2018-05-01;Pre-covid;Pre-covid
2018;05;Aragon;Sandia;1148.64;1577.93;1.37;35.72;0.87;1.2;2018-05-01;Pre-covid;Pre-covid
2018;05;Aragon;Ciruelas;41.82;125.21;2.99;14.41;0.03;0.1;2018-05-01;Pre-covid;Pre-covid
2018;05;Aragon;Cerezas;153.34;556.71;3.63;25.72;0.12;0.42;2018-05-01;Pre-covid;Pre-covid
2018;05;Aragon;Uvas;71.04;285.42;4.02;8.41;0.05;0.22;2018-05-01;Pre-covid;Pre-covid
2018;05;Aragon;Kiwi;342.11;951.33;2.78;38.78;0.26;0.72;2018-05-01;Pre-covid;Pre-covid
2018;05;Aragon;Aguacate;150.65;495.52;3.29;27.5;0.11;0.38;2018-05-01;Pre-covid;Pre-covid
2018;05;Aragon;Piña;277.23;386.13;1.39;26.11;0.21;0.29;2018-05-01;Pre-covid;Pre-covid
2018;05;Aragon;Otras frutas frescas;320.5;955.86;2.98;33.58;0.24;0.73;2018-05-01;Pre-covid;Pre-covid
2018;05;Aragon;Pomelo;20.08;34.47;1.72;2.28;0.02;0.03;2018-05-01;Pre-covid;Pre-covid
2018;05;Aragon;Chirimoya;0.0;0.0;0.0;0.0;0.0;0.0;2018-05-01;Pre-covid;Pre-covid
2018;05;Aragon;Frutas iv gama;390.0;673.49;1.73;32.21;0.3;0.51;2018-05-01;Pre-covid;Pre-covid
2018;05;Asturias;Frutas frescas;8766.39;14622.47;1.67;97.26;8.09;13.49;2018-05-01;Pre-covid;Pre-covid
2018;05;Asturias;Naranjas;2199.15;2106.01;0.96;59.08;2.03;1.94;2018-05-01;Pre-covid;Pre-covid
2018;05;Asturias;Mandarinas;375.47;555.61;1.48;32.88;0.35;0.51;2018-05-01;Pre-covid;Pre-covid
2018;05;Asturias;Limones;170.12;299.74;1.76;27.41;0.16;0.28;2018-05-01;Pre-covid;Pre-covid
2018;05;Asturias;Platanos;1354.96;2278.84;1.68;84.62;1.25;2.1;2018-05-01;Pre-covid;Pre-covid
2018;05;Asturias;Manzanas;1173.77;1898.15;1.62;69.88;1.08;1.75;2018-05-01;Pre-covid;Pre-covid
2018;05;Asturias;Peras;479.12;827.42;1.73;39.01;0.44;0.76;2018-05-01;Pre-covid;Pre-covid
2018;05;Asturias;Melocotones;192.11;400.09;2.08;20.07;0.18;0.37;2018-05-01;Pre-covid;Pre-covid
2018;05;Asturias;Nectarinas;272.76;521.69;1.91;29.32;0.25;0.48;2018-05-01;Pre-covid;Pre-covid
2018;05;Asturias;Albaricoques;200.58;463.38;2.31;35.12;0.19;0.43;2018-05-01;Pre-covid;Pre-covid
2018;05;Asturias;Fresas/freson;783.21;1692.99;2.16;68.59;0.72;1.56;2018-05-01;Pre-covid;Pre-covid
2018;05;Asturias;Melon;245.44;400.38;1.63;24.6;0.23;0.37;2018-05-01;Pre-covid;Pre-covid
2018;05;Asturias;Sandia;303.13;422.29;1.39;19.37;0.28;0.39;2018-05-01;Pre-covid;Pre-covid
2018;05;Asturias;Ciruelas;38.14;107.98;2.83;12.09;0.04;0.1;2018-05-01;Pre-covid;Pre-covid
2018;05;Asturias;Cerezas;91.37;308.9;3.38;19.51;0.08;0.28;2018-05-01;Pre-covid;Pre-covid
2018;05;Asturias;Uvas;46.34;164.42;3.55;11.41;0.04;0.15;2018-05-01;Pre-covid;Pre-covid
2018;05;Asturias;Kiwi;371.07;1002.36;2.7;42.52;0.34;0.92;2018-05-01;Pre-covid;Pre-covid
2018;05;Asturias;Aguacate;42.86;181.59;4.24;15.48;0.04;0.17;2018-05-01;Pre-covid;Pre-covid
2018;05;Asturias;Piña;158.43;234.66;1.48;15.55;0.15;0.22;2018-05-01;Pre-covid;Pre-covid
2018;05;Asturias;Otras frutas frescas;268.36;755.98;2.82;34.4;0.25;0.7;2018-05-01;Pre-covid;Pre-covid
2018;05;Asturias;Pomelo;69.07;112.17;1.62;3.59;0.06;0.1;2018-05-01;Pre-covid;Pre-covid
2018;05;Asturias;Chirimoya;0.0;0.0;0.0;0.0;0.0;0.0;2018-05-01;Pre-covid;Pre-covid
2018;05;Asturias;Frutas iv gama;316.75;550.52;1.74;25.06;0.29;0.51;2018-05-01;Pre-covid;Pre-covid
2018;05;Baleares;Frutas frescas;7387.67;12897.72;1.75;96.56;7.17;12.52;2018-05-01;Pre-covid;Pre-covid
2018;05;Baleares;Naranjas;1648.94;1693.28;1.03;42.74;1.6;1.64;2018-05-01;Pre-covid;Pre-covid
2018;05;Baleares;Mandarinas;182.34;247.66;1.36;22.77;0.18;0.24;2018-05-01;Pre-covid;Pre-covid
2018;05;Baleares;Limones;169.09;283.33;1.68;22.2;0.16;0.28;2018-05-01;Pre-covid;Pre-covid
2018;05;Baleares;Platanos;1363.15;2226.53;1.63;84.05;1.32;2.16;2018-05-01;Pre-covid;Pre-covid
2018;05;Baleares;Manzanas;780.11;1245.59;1.6;70.69;0.76;1.21;2018-05-01;Pre-covid;Pre-covid
2018;05;Baleares;Peras;433.38;693.22;1.6;57.51;0.42;0.67;2018-05-01;Pre-covid;Pre-covid
2018;05;Baleares;Melocotones;39.91;125.94;3.16;10.89;0.04;0.12;2018-05-01;Pre-covid;Pre-covid
2018;05;Baleares;Nectarinas;67.7;176.3;2.6;16.17;0.07;0.17;2018-05-01;Pre-covid;Pre-covid
2018;05;Baleares;Albaricoques;187.77;503.36;2.68;31.17;0.18;0.49;2018-05-01;Pre-covid;Pre-covid
2018;05;Baleares;Fresas/freson;601.01;1457.88;2.43;60.47;0.58;1.42;2018-05-01;Pre-covid;Pre-covid
2018;05;Baleares;Melon;164.51;332.7;2.02;19.98;0.16;0.32;2018-05-01;Pre-covid;Pre-covid
2018;05;Baleares;Sandia;584.86;716.62;1.23;29.73;0.57;0.7;2018-05-01;Pre-covid;Pre-covid
2018;05;Baleares;Ciruelas;33.32;107.51;3.23;9.25;0.03;0.1;2018-05-01;Pre-covid;Pre-covid
2018;05;Baleares;Cerezas;78.52;308.96;3.93;15.48;0.08;0.3;2018-05-01;Pre-covid;Pre-covid
2018;05;Baleares;Uvas;116.93;392.2;3.35;27.72;0.11;0.38;2018-05-01;Pre-covid;Pre-covid
2018;05;Baleares;Kiwi;248.75;711.34;2.86;39.69;0.24;0.69;2018-05-01;Pre-covid;Pre-covid
2018;05;Baleares;Aguacate;158.08;577.84;3.66;29.43;0.15;0.56;2018-05-01;Pre-covid;Pre-covid
2018;05;Baleares;Piña;208.86;285.23;1.37;20.51;0.2;0.28;2018-05-01;Pre-covid;Pre-covid
2018;05;Baleares;Otras frutas frescas;320.46;812.24;2.53;42.42;0.31;0.79;2018-05-01;Pre-covid;Pre-covid
2018;05;Baleares;Pomelo;17.59;28.56;1.62;3.06;0.02;0.03;2018-05-01;Pre-covid;Pre-covid
2018;05;Baleares;Chirimoya;0.0;0.0;0.0;0.0;0.0;0.0;2018-05-01;Pre-covid;Pre-covid
2018;05;Baleares;Frutas iv gama;302.74;619.93;2.05;35.29;0.29;0.6;2018-05-01;Pre-covid;Pre-covid
2018;05;Canarias;Frutas frescas;14404.63;25051.57;1.74;97.47;6.59;11.46;2018-05-01;Pre-covid;Pre-covid
2018;05;Canarias;Naranjas;3405.74;3524.82;1.03;49.12;1.56;1.61;2018-05-01;Pre-covid;Pre-covid
2018;05;Canarias;Mandarinas;701.54;1066.74;1.52;32.79;0.32;0.49;2018-05-01;Pre-covid;Pre-covid
2018;05;Canarias;Limones;518.98;964.68;1.86;39.58;0.24;0.44;2018-05-01;Pre-covid;Pre-covid
2018;05;Canarias;Platanos;2691.84;3507.92;1.3;76.36;1.23;1.6;2018-05-01;Pre-covid;Pre-covid
2018;05;Canarias;Manzanas;1799.96;3173.41;1.76;61.67;0.82;1.45;2018-05-01;Pre-covid;Pre-covid
2018;05;Canarias;Peras;1060.45;1867.82;1.76;54.18;0.49;0.85;2018-05-01;Pre-covid;Pre-covid
2018;05;Canarias;Melocotones;56.39;163.55;2.9;4.49;0.03;0.07;2018-05-01;Pre-covid;Pre-covid
2018;05;Canarias;Nectarinas;103.29;290.39;2.81;16.29;0.05;0.13;2018-05-01;Pre-covid;Pre-covid
2018;05;Canarias;Albaricoques;136.69;431.15;3.15;24.74;0.06;0.2;2018-05-01;Pre-covid;Pre-covid
2018;05;Canarias;Fresas/freson;655.4;1894.51;2.89;51.7;0.3;0.87;2018-05-01;Pre-covid;Pre-covid
2018;05;Canarias;Melon;261.23;466.97;1.79;21.37;0.12;0.21;2018-05-01;Pre-covid;Pre-covid
2018;05;Canarias;Sandia;748.64;1031.71;1.38;25.74;0.34;0.47;2018-05-01;Pre-covid;Pre-covid
2018;05;Canarias;Ciruelas;41.31;119.6;2.9;5.65;0.02;0.05;2018-05-01;Pre-covid;Pre-covid
2018;05;Canarias;Cerezas;17.87;99.99;5.59;3.51;0.01;0.05;2018-05-01;Pre-covid;Pre-covid
2018;05;Canarias;Uvas;176.46;586.19;3.32;14.08;0.08;0.27;2018-05-01;Pre-covid;Pre-covid
2018;05;Canarias;Kiwi;379.53;1064.4;2.8;29.07;0.17;0.49;2018-05-01;Pre-covid;Pre-covid
2018;05;Canarias;Aguacate;739.27;2541.44;3.44;44.72;0.34;1.16;2018-05-01;Pre-covid;Pre-covid
2018;05;Canarias;Piña;86.47;228.88;2.65;9.22;0.04;0.1;2018-05-01;Pre-covid;Pre-covid
2018;05;Canarias;Otras frutas frescas;823.56;2027.41;2.46;48.06;0.38;0.93;2018-05-01;Pre-covid;Pre-covid
2018;05;Canarias;Pomelo;84.6;137.38;1.62;1.46;0.04;0.06;2018-05-01;Pre-covid;Pre-covid
2018;05;Canarias;Chirimoya;0.0;0.0;0.0;0.0;0.0;0.0;2018-05-01;Pre-covid;Pre-covid
2018;05;Canarias;Frutas iv gama;979.77;1697.05;1.73;32.12;0.45;0.78;2018-05-01;Pre-covid;Pre-covid
2018;05;Cantabria;Frutas frescas;4300.98;6706.17;1.56;97.78;7.73;12.05;2018-05-01;Pre-covid;Pre-covid
2018;05;Cantabria;Naranjas;1346.37;1319.59;0.98;72.23;2.42;2.37;2018-05-01;Pre-covid;Pre-covid
2018;05;Cantabria;Mandarinas;118.11;159.9;1.35;27.58;0.21;0.29;2018-05-01;Pre-covid;Pre-covid
2018;05;Cantabria;Limones;59.72;116.25;1.95;25.73;0.11;0.21;2018-05-01;Pre-covid;Pre-covid
2018;05;Cantabria;Platanos;564.66;823.23;1.46;87.23;1.01;1.48;2018-05-01;Pre-covid;Pre-covid
2018;05;Cantabria;Manzanas;534.04;805.57;1.51;62.05;0.96;1.45;2018-05-01;Pre-covid;Pre-covid
2018;05;Cantabria;Peras;226.73;368.87;1.63;43.94;0.41;0.66;2018-05-01;Pre-covid;Pre-covid
2018;05;Cantabria;Melocotones;33.03;61.98;1.88;4.94;0.06;0.11;2018-05-01;Pre-covid;Pre-covid
2018;05;Cantabria;Nectarinas;101.34;202.19;2.0;26.09;0.18;0.36;2018-05-01;Pre-covid;Pre-covid
2018;05;Cantabria;Albaricoques;76.39;135.19;1.77;19.38;0.14;0.24;2018-05-01;Pre-covid;Pre-covid
2018;05;Cantabria;Fresas/freson;458.35;1017.34;2.22;83.53;0.82;1.83;2018-05-01;Pre-covid;Pre-covid
2018;05;Cantabria;Melon;94.85;127.65;1.35;22.67;0.17;0.23;2018-05-01;Pre-covid;Pre-covid
2018;05;Cantabria;Sandia;207.17;243.44;1.18;22.95;0.37;0.44;2018-05-01;Pre-covid;Pre-covid
2018;05;Cantabria;Ciruelas;3.14;11.37;3.62;3.55;0.01;0.02;2018-05-01;Pre-covid;Pre-covid
2018;05;Cantabria;Cerezas;43.84;164.95;3.76;22.97;0.08;0.3;2018-05-01;Pre-covid;Pre-covid
2018;05;Cantabria;Uvas;5.27;21.59;4.09;1.76;0.01;0.04;2018-05-01;Pre-covid;Pre-covid
2018;05;Cantabria;Kiwi;125.3;394.78;3.15;34.13;0.23;0.71;2018-05-01;Pre-covid;Pre-covid
2018;05;Cantabria;Aguacate;37.07;185.16;4.99;25.38;0.07;0.33;2018-05-01;Pre-covid;Pre-covid
2018;05;Cantabria;Piña;131.9;154.87;1.17;23.32;0.24;0.28;2018-05-01;Pre-covid;Pre-covid
2018;05;Cantabria;Otras frutas frescas;133.7;392.25;2.93;50.14;0.24;0.7;2018-05-01;Pre-covid;Pre-covid
2018;05;Cantabria;Pomelo;7.09;10.6;1.49;1.53;0.01;0.02;2018-05-01;Pre-covid;Pre-covid
2018;05;Cantabria;Chirimoya;0.0;0.0;0.0;0.0;0.0;0.0;2018-05-01;Pre-covid;Pre-covid
2018;05;Cantabria;Frutas iv gama;224.75;341.56;1.52;28.11;0.4;0.61;2018-05-01;Pre-covid;Pre-covid
2018;05;Castilla la mancha;Frutas frescas;15601.68;23455.46;1.5;96.43;7.44;11.18;2018-05-01;Pre-covid;Pre-covid
2018;05;Castilla la mancha;Naranjas;4530.51;4140.35;0.91;65.09;2.16;1.97;2018-05-01;Pre-covid;Pre-covid
2018;05;Castilla la mancha;Mandarinas;432.21;633.5;1.47;27.22;0.21;0.3;2018-05-01;Pre-covid;Pre-covid
2018;05;Castilla la mancha;Limones;467.74;769.16;1.64;46.5;0.22;0.37;2018-05-01;Pre-covid;Pre-covid
2018;05;Castilla la mancha;Platanos;2292.93;3579.42;1.56;82.82;1.09;1.71;2018-05-01;Pre-covid;Pre-covid
2018;05;Castilla la mancha;Manzanas;1462.96;2276.24;1.56;71.45;0.7;1.09;2018-05-01;Pre-covid;Pre-covid
2018;05;Castilla la mancha;Peras;913.0;1360.34;1.49;53.38;0.44;0.65;2018-05-01;Pre-covid;Pre-covid
2018;05;Castilla la mancha;Melocotones;166.89;353.38;2.12;14.75;0.08;0.17;2018-05-01;Pre-covid;Pre-covid
2018;05;Castilla la mancha;Nectarinas;183.19;275.47;1.5;14.7;0.09;0.13;2018-05-01;Pre-covid;Pre-covid
2018;05;Castilla la mancha;Albaricoques;458.17;876.52;1.91;34.36;0.22;0.42;2018-05-01;Pre-covid;Pre-covid
2018;05;Castilla la mancha;Fresas/freson;967.45;2096.08;2.17;63.34;0.46;1.0;2018-05-01;Pre-covid;Pre-covid
2018;05;Castilla la mancha;Melon;453.66;716.93;1.58;19.43;0.22;0.34;2018-05-01;Pre-covid;Pre-covid
2018;05;Castilla la mancha;Sandia;1480.49;1915.52;1.29;32.65;0.71;0.91;2018-05-01;Pre-covid;Pre-covid
2018;05;Castilla la mancha;Ciruelas;56.0;164.49;2.94;8.47;0.03;0.08;2018-05-01;Pre-covid;Pre-covid
2018;05;Castilla la mancha;Cerezas;170.99;517.02;3.02;23.6;0.08;0.25;2018-05-01;Pre-covid;Pre-covid
2018;05;Castilla la mancha;Uvas;67.73;228.07;3.37;8.53;0.03;0.11;2018-05-01;Pre-covid;Pre-covid
2018;05;Castilla la mancha;Kiwi;545.82;1360.62;2.49;35.62;0.26;0.65;2018-05-01;Pre-covid;Pre-covid
2018;05;Castilla la mancha;Aguacate;185.35;624.93;3.37;18.09;0.09;0.3;2018-05-01;Pre-covid;Pre-covid
2018;05;Castilla la mancha;Piña;317.19;417.22;1.32;14.01;0.15;0.2;2018-05-01;Pre-covid;Pre-covid
2018;05;Castilla la mancha;Otras frutas frescas;449.39;1150.2;2.56;27.3;0.21;0.55;2018-05-01;Pre-covid;Pre-covid
2018;05;Castilla la mancha;Pomelo;23.47;36.49;1.55;0.36;0.01;0.02;2018-05-01;Pre-covid;Pre-covid
2018;05;Castilla la mancha;Chirimoya;0.0;0.0;0.0;0.0;0.0;0.0;2018-05-01;Pre-covid;Pre-covid
2018;05;Castilla la mancha;Frutas iv gama;544.34;944.05;1.73;27.54;0.26;0.45;2018-05-01;Pre-covid;Pre-covid
2018;05;Castilla leon;Frutas frescas;21220.3;32463.76;1.53;96.62;8.67;13.27;2018-05-01;Pre-covid;Pre-covid
2018;05;Castilla leon;Naranjas;6309.33;6036.53;0.96;70.66;2.58;2.47;2018-05-01;Pre-covid;Pre-covid
2018;05;Castilla leon;Mandarinas;825.5;1227.24;1.49;28.12;0.34;0.5;2018-05-01;Pre-covid;Pre-covid
2018;05;Castilla leon;Limones;353.49;640.09;1.81;32.83;0.14;0.26;2018-05-01;Pre-covid;Pre-covid
2018;05;Castilla leon;Platanos;2722.9;4136.01;1.52;82.02;1.11;1.69;2018-05-01;Pre-covid;Pre-covid
2018;05;Castilla leon;Manzanas;2347.1;3401.46;1.45;74.06;0.96;1.39;2018-05-01;Pre-covid;Pre-covid
2018;05;Castilla leon;Peras;1406.23;2182.0;1.55;57.36;0.57;0.89;2018-05-01;Pre-covid;Pre-covid
2018;05;Castilla leon;Melocotones;230.73;445.03;1.93;18.27;0.09;0.18;2018-05-01;Pre-covid;Pre-covid
2018;05;Castilla leon;Nectarinas;366.48;620.83;1.69;21.15;0.15;0.25;2018-05-01;Pre-covid;Pre-covid
2018;05;Castilla leon;Albaricoques;555.21;1238.46;2.23;35.71;0.23;0.51;2018-05-01;Pre-covid;Pre-covid
2018;05;Castilla leon;Fresas/freson;1434.93;3082.55;2.15;68.8;0.59;1.26;2018-05-01;Pre-covid;Pre-covid
2018;05;Castilla leon;Melon;539.58;906.08;1.68;23.11;0.22;0.37;2018-05-01;Pre-covid;Pre-covid
2018;05;Castilla leon;Sandia;1649.68;2168.1;1.31;35.0;0.67;0.89;2018-05-01;Pre-covid;Pre-covid
2018;05;Castilla leon;Ciruelas;62.46;142.75;2.29;8.31;0.03;0.06;2018-05-01;Pre-covid;Pre-covid
2018;05;Castilla leon;Cerezas;218.59;766.03;3.5;21.97;0.09;0.31;2018-05-01;Pre-covid;Pre-covid
2018;05;Castilla leon;Uvas;80.13;258.44;3.23;8.06;0.03;0.11;2018-05-01;Pre-covid;Pre-covid
2018;05;Castilla leon;Kiwi;651.2;1758.76;2.7;33.74;0.27;0.72;2018-05-01;Pre-covid;Pre-covid
2018;05;Castilla leon;Aguacate;227.61;737.64;3.24;22.43;0.09;0.3;2018-05-01;Pre-covid;Pre-covid
2018;05;Castilla leon;Piña;507.32;663.03;1.31;19.98;0.21;0.27;2018-05-01;Pre-covid;Pre-covid
2018;05;Castilla leon;Otras frutas frescas;731.83;2052.74;2.8;40.18;0.3;0.84;2018-05-01;Pre-covid;Pre-covid
2018;05;Castilla leon;Pomelo;82.72;124.24;1.5;3.82;0.03;0.05;2018-05-01;Pre-covid;Pre-covid
2018;05;Castilla leon;Chirimoya;0.0;0.0;0.0;0.0;0.0;0.0;2018-05-01;Pre-covid;Pre-covid
2018;05;Castilla leon;Frutas iv gama;878.02;1419.21;1.62;27.31;0.36;0.58;2018-05-01;Pre-covid;Pre-covid
2018;05;Cataluña;Frutas frescas;58695.77;104646.09;1.78;96.81;8.48;15.12;2018-05-01;Pre-covid;Pre-covid
2018;05;Cataluña;Naranjas;14446.85;15379.22;1.06;61.77;2.09;2.22;2018-05-01;Pre-covid;Pre-covid
2018;05;Cataluña;Mandarinas;2311.64;4878.15;2.11;30.24;0.33;0.71;2018-05-01;Pre-covid;Pre-covid
2018;05;Cataluña;Limones;1589.13;2933.26;1.85;35.72;0.23;0.42;2018-05-01;Pre-covid;Pre-covid
2018;05;Cataluña;Platanos;8207.75;14178.58;1.73;81.46;1.19;2.05;2018-05-01;Pre-covid;Pre-covid
2018;05;Cataluña;Manzanas;6320.95;10618.63;1.68;67.61;0.91;1.53;2018-05-01;Pre-covid;Pre-covid
2018;05;Cataluña;Peras;3267.26;5353.4;1.64;46.61;0.47;0.77;2018-05-01;Pre-covid;Pre-covid
2018;05;Cataluña;Melocotones;1061.7;2267.62;2.14;22.35;0.15;0.33;2018-05-01;Pre-covid;Pre-covid
2018;05;Cataluña;Nectarinas;609.09;1071.88;1.76;15.59;0.09;0.15;2018-05-01;Pre-covid;Pre-covid
2018;05;Cataluña;Albaricoques;1619.49;3498.71;2.16;37.7;0.23;0.51;2018-05-01;Pre-covid;Pre-covid
2018;05;Cataluña;Fresas/freson;4030.76;10154.09;2.52;65.47;0.58;1.47;2018-05-01;Pre-covid;Pre-covid
2018;05;Cataluña;Melon;2222.16;4264.26;1.92;23.29;0.32;0.62;2018-05-01;Pre-covid;Pre-covid
2018;05;Cataluña;Sandia;4685.17;6902.18;1.47;40.84;0.68;1.0;2018-05-01;Pre-covid;Pre-covid
2018;05;Cataluña;Ciruelas;200.21;565.79;2.83;6.96;0.03;0.08;2018-05-01;Pre-covid;Pre-covid
2018;05;Cataluña;Cerezas;916.55;3832.71;4.18;27.68;0.13;0.55;2018-05-01;Pre-covid;Pre-covid
2018;05;Cataluña;Uvas;393.04;1456.49;3.71;13.72;0.06;0.21;2018-05-01;Pre-covid;Pre-covid
2018;05;Cataluña;Kiwi;1852.53;5272.71;2.85;38.93;0.27;0.76;2018-05-01;Pre-covid;Pre-covid
2018;05;Cataluña;Aguacate;815.06;2653.68;3.26;26.83;0.12;0.38;2018-05-01;Pre-covid;Pre-covid
2018;05;Cataluña;Piña;1526.84;2470.15;1.62;23.86;0.22;0.36;2018-05-01;Pre-covid;Pre-covid
2018;05;Cataluña;Otras frutas frescas;2619.61;6894.58;2.63;47.36;0.38;1.0;2018-05-01;Pre-covid;Pre-covid
2018;05;Cataluña;Pomelo;280.08;415.66;1.48;2.64;0.04;0.06;2018-05-01;Pre-covid;Pre-covid
2018;05;Cataluña;Chirimoya;0.0;0.0;0.0;0.0;0.0;0.0;2018-05-01;Pre-covid;Pre-covid
2018;05;Cataluña;Frutas iv gama;3214.74;6151.49;1.91;34.04;0.46;0.89;2018-05-01;Pre-covid;Pre-covid
2018;05;Extremadura;Frutas frescas;8662.69;12925.12;1.49;95.8;7.35;10.96;2018-05-01;Pre-covid;Pre-covid
2018;05;Extremadura;Naranjas;2768.01;2539.47;0.92;69.81;2.35;2.15;2018-05-01;Pre-covid;Pre-covid
2018;05;Extremadura;Mandarinas;243.35;322.75;1.33;26.72;0.21;0.27;2018-05-01;Pre-covid;Pre-covid
2018;05;Extremadura;Limones;111.71;179.79;1.61;20.92;0.09;0.15;2018-05-01;Pre-covid;Pre-covid
2018;05;Extremadura;Platanos;1326.07;1898.49;1.43;79.94;1.12;1.61;2018-05-01;Pre-covid;Pre-covid
2018;05;Extremadura;Manzanas;952.55;1457.05;1.53;62.65;0.81;1.24;2018-05-01;Pre-covid;Pre-covid
2018;05;Extremadura;Peras;520.77;794.2;1.53;46.96;0.44;0.67;2018-05-01;Pre-covid;Pre-covid
2018;05;Extremadura;Melocotones;113.96;171.67;1.51;14.49;0.1;0.15;2018-05-01;Pre-covid;Pre-covid
2018;05;Extremadura;Nectarinas;59.24;97.66;1.65;13.23;0.05;0.08;2018-05-01;Pre-covid;Pre-covid
2018;05;Extremadura;Albaricoques;130.87;263.86;2.02;28.55;0.11;0.22;2018-05-01;Pre-covid;Pre-covid
2018;05;Extremadura;Fresas/freson;621.22;1567.86;2.52;56.28;0.53;1.33;2018-05-01;Pre-covid;Pre-covid
2018;05;Extremadura;Melon;219.21;324.29;1.48;24.0;0.19;0.28;2018-05-01;Pre-covid;Pre-covid
2018;05;Extremadura;Sandia;671.34;808.25;1.2;29.74;0.57;0.69;2018-05-01;Pre-covid;Pre-covid
2018;05;Extremadura;Ciruelas;53.61;156.53;2.92;14.03;0.05;0.13;2018-05-01;Pre-covid;Pre-covid
2018;05;Extremadura;Cerezas;96.53;354.53;3.67;28.04;0.08;0.3;2018-05-01;Pre-covid;Pre-covid
2018;05;Extremadura;Uvas;47.01;150.82;3.21;14.79;0.04;0.13;2018-05-01;Pre-covid;Pre-covid
2018;05;Extremadura;Kiwi;248.19;645.79;2.6;40.47;0.21;0.55;2018-05-01;Pre-covid;Pre-covid
2018;05;Extremadura;Aguacate;82.71;267.37;3.23;29.35;0.07;0.23;2018-05-01;Pre-covid;Pre-covid
2018;05;Extremadura;Piña;137.9;215.68;1.56;17.4;0.12;0.18;2018-05-01;Pre-covid;Pre-covid
2018;05;Extremadura;Otras frutas frescas;258.41;709.09;2.74;37.25;0.22;0.6;2018-05-01;Pre-covid;Pre-covid
2018;05;Extremadura;Pomelo;29.5;48.17;1.63;4.2;0.03;0.04;2018-05-01;Pre-covid;Pre-covid
2018;05;Extremadura;Chirimoya;0.0;0.0;0.0;0.0;0.0;0.0;2018-05-01;Pre-covid;Pre-covid
2018;05;Extremadura;Frutas iv gama;476.72;750.53;1.57;23.6;0.4;0.64;2018-05-01;Pre-covid;Pre-covid
2018;05;Galicia;Frutas frescas;23911.12;40218.56;1.68;97.5;8.63;14.52;2018-05-01;Pre-covid;Pre-covid
2018;05;Galicia;Naranjas;6315.0;6239.98;0.99;60.73;2.28;2.25;2018-05-01;Pre-covid;Pre-covid
2018;05;Galicia;Mandarinas;896.44;1600.25;1.79;36.61;0.32;0.58;2018-05-01;Pre-covid;Pre-covid
2018;05;Galicia;Limones;526.66;994.83;1.89;39.3;0.19;0.36;2018-05-01;Pre-covid;Pre-covid
2018;05;Galicia;Platanos;3816.39;6020.54;1.58;84.84;1.38;2.17;2018-05-01;Pre-covid;Pre-covid
2018;05;Galicia;Manzanas;2906.86;4765.79;1.64;71.56;1.05;1.72;2018-05-01;Pre-covid;Pre-covid
2018;05;Galicia;Peras;1185.55;2053.98;1.73;50.71;0.43;0.74;2018-05-01;Pre-covid;Pre-covid
2018;05;Galicia;Melocotones;399.16;761.03;1.91;24.02;0.14;0.27;2018-05-01;Pre-covid;Pre-covid
2018;05;Galicia;Nectarinas;862.84;1712.04;1.98;37.72;0.31;0.62;2018-05-01;Pre-covid;Pre-covid
2018;05;Galicia;Albaricoques;409.09;984.04;2.41;30.04;0.15;0.36;2018-05-01;Pre-covid;Pre-covid
2018;05;Galicia;Fresas/freson;1546.0;3640.97;2.36;64.84;0.56;1.31;2018-05-01;Pre-covid;Pre-covid
2018;05;Galicia;Melon;577.0;972.22;1.68;25.35;0.21;0.35;2018-05-01;Pre-covid;Pre-covid
2018;05;Galicia;Sandia;1203.74;1688.1;1.4;28.41;0.43;0.61;2018-05-01;Pre-covid;Pre-covid
2018;05;Galicia;Ciruelas;112.99;324.73;2.87;14.49;0.04;0.12;2018-05-01;Pre-covid;Pre-covid
2018;05;Galicia;Cerezas;388.9;1327.56;3.41;29.6;0.14;0.48;2018-05-01;Pre-covid;Pre-covid
2018;05;Galicia;Uvas;185.33;618.83;3.34;11.71;0.07;0.22;2018-05-01;Pre-covid;Pre-covid
2018;05;Galicia;Kiwi;769.25;1934.0;2.51;39.67;0.28;0.7;2018-05-01;Pre-covid;Pre-covid
2018;05;Galicia;Aguacate;213.69;611.49;2.86;20.18;0.08;0.22;2018-05-01;Pre-covid;Pre-covid
2018;05;Galicia;Piña;608.18;927.46;1.52;22.83;0.22;0.33;2018-05-01;Pre-covid;Pre-covid
2018;05;Galicia;Otras frutas frescas;988.05;3040.73;3.08;44.82;0.36;1.1;2018-05-01;Pre-covid;Pre-covid
2018;05;Galicia;Pomelo;87.59;175.48;2.0;3.65;0.03;0.06;2018-05-01;Pre-covid;Pre-covid
2018;05;Galicia;Chirimoya;0.0;0.0;0.0;0.0;0.0;0.0;2018-05-01;Pre-covid;Pre-covid
2018;05;Galicia;Frutas iv gama;1067.67;1869.78;1.75;28.62;0.39;0.67;2018-05-01;Pre-covid;Pre-covid
2018;05;La rioja;Frutas frescas;1860.56;3239.69;1.74;93.19;5.88;10.24;2018-05-01;Pre-covid;Pre-covid
2018;05;La rioja;Naranjas;465.57;496.46;1.07;65.29;1.47;1.57;2018-05-01;Pre-covid;Pre-covid
2018;05;La rioja;Mandarinas;94.4;147.79;1.57;24.08;0.3;0.47;2018-05-01;Pre-covid;Pre-covid
2018;05;La rioja;Limones;53.98;103.8;1.92;24.56;0.17;0.33;2018-05-01;Pre-covid;Pre-covid
2018;05;La rioja;Platanos;308.13;497.99;1.62;79.83;0.97;1.57;2018-05-01;Pre-covid;Pre-covid
2018;05;La rioja;Manzanas;242.35;390.18;1.61;64.21;0.77;1.23;2018-05-01;Pre-covid;Pre-covid
2018;05;La rioja;Peras;85.62;143.64;1.68;56.45;0.27;0.45;2018-05-01;Pre-covid;Pre-covid
2018;05;La rioja;Melocotones;14.43;45.23;3.14;6.9;0.05;0.14;2018-05-01;Pre-covid;Pre-covid
2018;05;La rioja;Nectarinas;36.43;68.86;1.89;10.94;0.12;0.22;2018-05-01;Pre-covid;Pre-covid
2018;05;La rioja;Albaricoques;24.65;69.54;2.82;30.54;0.08;0.22;2018-05-01;Pre-covid;Pre-covid
2018;05;La rioja;Fresas/freson;141.8;324.76;2.29;46.14;0.45;1.03;2018-05-01;Pre-covid;Pre-covid
2018;05;La rioja;Melon;37.75;53.89;1.43;15.26;0.12;0.17;2018-05-01;Pre-covid;Pre-covid
2018;05;La rioja;Sandia;87.91;138.57;1.58;22.48;0.28;0.44;2018-05-01;Pre-covid;Pre-covid
2018;05;La rioja;Ciruelas;6.91;21.05;3.05;10.37;0.02;0.07;2018-05-01;Pre-covid;Pre-covid
2018;05;La rioja;Cerezas;18.48;56.39;3.05;19.35;0.06;0.18;2018-05-01;Pre-covid;Pre-covid
2018;05;La rioja;Uvas;2.71;14.58;5.37;5.21;0.01;0.05;2018-05-01;Pre-covid;Pre-covid
2018;05;La rioja;Kiwi;51.43;159.4;3.1;32.5;0.16;0.5;2018-05-01;Pre-covid;Pre-covid
2018;05;La rioja;Aguacate;50.19;174.38;3.47;32.57;0.16;0.55;2018-05-01;Pre-covid;Pre-covid
2018;05;La rioja;Piña;57.37;113.84;1.98;13.18;0.18;0.36;2018-05-01;Pre-covid;Pre-covid
2018;05;La rioja;Otras frutas frescas;80.45;219.33;2.73;32.87;0.25;0.69;2018-05-01;Pre-covid;Pre-covid
2018;05;La rioja;Pomelo;2.71;3.76;1.39;1.53;0.01;0.01;2018-05-01;Pre-covid;Pre-covid
2018;05;La rioja;Chirimoya;0.0;0.0;0.0;0.0;0.0;0.0;2018-05-01;Pre-covid;Pre-covid
2018;05;La rioja;Frutas iv gama;77.7;128.85;1.66;38.29;0.25;0.41;2018-05-01;Pre-covid;Pre-covid
2018;05;Madrid;Frutas frescas;50407.68;85012.9;1.69;95.96;8.1;13.66;2018-05-01;Pre-covid;Pre-covid
2018;05;Madrid;Naranjas;12278.86;12081.92;0.98;63.42;1.97;1.94;2018-05-01;Pre-covid;Pre-covid
2018;05;Madrid;Mandarinas;2170.69;3650.82;1.68;36.48;0.35;0.59;2018-05-01;Pre-covid;Pre-covid
2018;05;Madrid;Limones;1351.07;2497.46;1.85;41.6;0.22;0.4;2018-05-01;Pre-covid;Pre-covid
2018;05;Madrid;Platanos;6568.42;10581.81;1.61;79.63;1.06;1.7;2018-05-01;Pre-covid;Pre-covid
2018;05;Madrid;Manzanas;5418.17;9227.89;1.7;65.29;0.87;1.48;2018-05-01;Pre-covid;Pre-covid
2018;05;Madrid;Peras;3248.09;5291.55;1.63;52.93;0.52;0.85;2018-05-01;Pre-covid;Pre-covid
2018;05;Madrid;Melocotones;462.67;990.2;2.14;16.63;0.07;0.16;2018-05-01;Pre-covid;Pre-covid
2018;05;Madrid;Nectarinas;696.65;1308.13;1.88;20.74;0.11;0.21;2018-05-01;Pre-covid;Pre-covid
2018;05;Madrid;Albaricoques;1778.69;3735.17;2.1;38.14;0.29;0.6;2018-05-01;Pre-covid;Pre-covid
2018;05;Madrid;Fresas/freson;3779.06;8336.87;2.21;68.2;0.61;1.34;2018-05-01;Pre-covid;Pre-covid
2018;05;Madrid;Melon;1701.73;2743.62;1.61;24.32;0.27;0.44;2018-05-01;Pre-covid;Pre-covid
2018;05;Madrid;Sandia;4181.13;5067.63;1.21;35.84;0.67;0.81;2018-05-01;Pre-covid;Pre-covid
2018;05;Madrid;Ciruelas;221.15;497.47;2.25;11.11;0.04;0.08;2018-05-01;Pre-covid;Pre-covid
2018;05;Madrid;Cerezas;675.67;2498.14;3.7;25.18;0.11;0.4;2018-05-01;Pre-covid;Pre-covid
2018;05;Madrid;Uvas;327.45;1178.42;3.6;10.78;0.05;0.19;2018-05-01;Pre-covid;Pre-covid
2018;05;Madrid;Kiwi;1806.0;5265.15;2.92;40.05;0.29;0.85;2018-05-01;Pre-covid;Pre-covid
2018;05;Madrid;Aguacate;728.57;2511.32;3.45;28.19;0.12;0.4;2018-05-01;Pre-covid;Pre-covid
2018;05;Madrid;Piña;1037.89;1642.25;1.58;21.74;0.17;0.26;2018-05-01;Pre-covid;Pre-covid
2018;05;Madrid;Otras frutas frescas;1975.73;5907.08;2.99;44.79;0.32;0.95;2018-05-01;Pre-covid;Pre-covid
2018;05;Madrid;Pomelo;209.96;364.51;1.74;3.68;0.03;0.06;2018-05-01;Pre-covid;Pre-covid
2018;05;Madrid;Chirimoya;1.09;4.84;4.45;0.08;0.0;0.0;2018-05-01;Pre-covid;Pre-covid
2018;05;Madrid;Frutas iv gama;2226.28;4163.21;1.87;32.45;0.36;0.67;2018-05-01;Pre-covid;Pre-covid
2018;05;Murcia;Frutas frescas;9956.81;16048.31;1.61;94.5;6.99;11.27;2018-05-01;Pre-covid;Pre-covid
2018;05;Murcia;Naranjas;2198.24;1975.61;0.9;43.43;1.54;1.39;2018-05-01;Pre-covid;Pre-covid
2018;05;Murcia;Mandarinas;250.75;452.3;1.8;19.94;0.18;0.32;2018-05-01;Pre-covid;Pre-covid
2018;05;Murcia;Limones;365.87;563.17;1.54;31.66;0.26;0.4;2018-05-01;Pre-covid;Pre-covid
2018;05;Murcia;Platanos;1597.27;2424.01;1.52;79.85;1.12;1.7;2018-05-01;Pre-covid;Pre-covid
2018;05;Murcia;Manzanas;1120.31;1782.7;1.59;63.54;0.79;1.25;2018-05-01;Pre-covid;Pre-covid
2018;05;Murcia;Peras;528.21;837.06;1.58;45.32;0.37;0.59;2018-05-01;Pre-covid;Pre-covid
2018;05;Murcia;Melocotones;93.85;201.73;2.15;11.9;0.07;0.14;2018-05-01;Pre-covid;Pre-covid
2018;05;Murcia;Nectarinas;88.33;181.36;2.05;16.91;0.06;0.13;2018-05-01;Pre-covid;Pre-covid
2018;05;Murcia;Albaricoques;341.59;768.31;2.25;28.42;0.24;0.54;2018-05-01;Pre-covid;Pre-covid
2018;05;Murcia;Fresas/freson;722.82;1591.39;2.2;63.41;0.51;1.12;2018-05-01;Pre-covid;Pre-covid
2018;05;Murcia;Melon;320.13;514.41;1.61;22.58;0.22;0.36;2018-05-01;Pre-covid;Pre-covid
2018;05;Murcia;Sandia;936.24;1220.55;1.3;29.72;0.66;0.86;2018-05-01;Pre-covid;Pre-covid
2018;05;Murcia;Ciruelas;69.35;207.88;3.0;9.13;0.05;0.15;2018-05-01;Pre-covid;Pre-covid
2018;05;Murcia;Cerezas;172.08;792.54;4.61;25.25;0.12;0.56;2018-05-01;Pre-covid;Pre-covid
2018;05;Murcia;Uvas;47.1;144.33;3.06;8.05;0.03;0.1;2018-05-01;Pre-covid;Pre-covid
2018;05;Murcia;Kiwi;205.29;581.43;2.83;31.12;0.14;0.41;2018-05-01;Pre-covid;Pre-covid
2018;05;Murcia;Aguacate;114.27;372.42;3.26;23.47;0.08;0.26;2018-05-01;Pre-covid;Pre-covid
2018;05;Murcia;Piña;364.57;525.14;1.44;20.54;0.26;0.37;2018-05-01;Pre-covid;Pre-covid
2018;05;Murcia;Otras frutas frescas;420.55;911.97;2.17;39.27;0.3;0.64;2018-05-01;Pre-covid;Pre-covid
2018;05;Murcia;Pomelo;41.64;64.54;1.55;2.4;0.03;0.05;2018-05-01;Pre-covid;Pre-covid
2018;05;Murcia;Chirimoya;0.0;0.0;0.0;0.0;0.0;0.0;2018-05-01;Pre-covid;Pre-covid
2018;05;Murcia;Frutas iv gama;357.56;686.62;1.92;23.83;0.25;0.48;2018-05-01;Pre-covid;Pre-covid
2018;05;Navarra;Frutas frescas;4637.41;7536.34;1.63;94.55;7.83;12.72;2018-05-01;Pre-covid;Pre-covid
2018;05;Navarra;Naranjas;1289.55;1311.15;1.02;55.37;2.18;2.21;2018-05-01;Pre-covid;Pre-covid
2018;05;Navarra;Mandarinas;147.09;227.87;1.55;19.29;0.25;0.38;2018-05-01;Pre-covid;Pre-covid
2018;05;Navarra;Limones;95.94;182.78;1.91;19.68;0.16;0.31;2018-05-01;Pre-covid;Pre-covid
2018;05;Navarra;Platanos;541.15;903.19;1.67;61.51;0.91;1.52;2018-05-01;Pre-covid;Pre-covid
2018;05;Navarra;Manzanas;695.53;1051.78;1.51;59.8;1.17;1.78;2018-05-01;Pre-covid;Pre-covid
2018;05;Navarra;Peras;137.0;223.41;1.63;36.32;0.23;0.38;2018-05-01;Pre-covid;Pre-covid
2018;05;Navarra;Melocotones;55.51;99.84;1.8;22.69;0.09;0.17;2018-05-01;Pre-covid;Pre-covid
2018;05;Navarra;Nectarinas;33.42;79.65;2.38;8.84;0.06;0.13;2018-05-01;Pre-covid;Pre-covid
2018;05;Navarra;Albaricoques;72.8;193.14;2.65;27.15;0.12;0.33;2018-05-01;Pre-covid;Pre-covid
2018;05;Navarra;Fresas/freson;436.83;1024.32;2.34;49.94;0.74;1.73;2018-05-01;Pre-covid;Pre-covid
2018;05;Navarra;Melon;188.07;324.36;1.72;34.29;0.32;0.55;2018-05-01;Pre-covid;Pre-covid
2018;05;Navarra;Sandia;248.14;338.84;1.37;21.84;0.42;0.57;2018-05-01;Pre-covid;Pre-covid
2018;05;Navarra;Ciruelas;5.68;12.87;2.27;5.15;0.01;0.02;2018-05-01;Pre-covid;Pre-covid
2018;05;Navarra;Cerezas;40.35;169.47;4.2;16.01;0.07;0.29;2018-05-01;Pre-covid;Pre-covid
2018;05;Navarra;Uvas;12.95;44.17;3.41;4.57;0.02;0.07;2018-05-01;Pre-covid;Pre-covid
2018;05;Navarra;Kiwi;154.6;431.24;2.79;40.19;0.26;0.73;2018-05-01;Pre-covid;Pre-covid
2018;05;Navarra;Aguacate;112.64;323.72;2.87;25.89;0.19;0.55;2018-05-01;Pre-covid;Pre-covid
2018;05;Navarra;Piña;265.73;320.71;1.21;23.61;0.45;0.54;2018-05-01;Pre-covid;Pre-covid
2018;05;Navarra;Otras frutas frescas;104.42;273.84;2.62;27.31;0.18;0.46;2018-05-01;Pre-covid;Pre-covid
2018;05;Navarra;Pomelo;19.72;39.43;2.0;4.49;0.03;0.07;2018-05-01;Pre-covid;Pre-covid
2018;05;Navarra;Chirimoya;0.0;0.0;0.0;0.0;0.0;0.0;2018-05-01;Pre-covid;Pre-covid
2018;05;Navarra;Frutas iv gama;195.27;389.32;1.99;29.93;0.33;0.66;2018-05-01;Pre-covid;Pre-covid
2018;05;Pais vasco;Frutas frescas;20187.99;35781.28;1.77;97.12;9.75;17.28;2018-05-01;Pre-covid;Pre-covid
2018;05;Pais vasco;Naranjas;5251.86;5713.52;1.09;65.86;2.54;2.76;2018-05-01;Pre-covid;Pre-covid
2018;05;Pais vasco;Mandarinas;804.25;1424.29;1.77;34.77;0.39;0.69;2018-05-01;Pre-covid;Pre-covid
2018;05;Pais vasco;Limones;546.14;1059.57;1.94;45.6;0.26;0.51;2018-05-01;Pre-covid;Pre-covid
2018;05;Pais vasco;Platanos;2597.42;4522.15;1.74;83.04;1.25;2.18;2018-05-01;Pre-covid;Pre-covid
2018;05;Pais vasco;Manzanas;2386.99;4003.15;1.68;72.51;1.15;1.93;2018-05-01;Pre-covid;Pre-covid
2018;05;Pais vasco;Peras;1108.27;1826.22;1.65;48.84;0.54;0.88;2018-05-01;Pre-covid;Pre-covid
2018;05;Pais vasco;Melocotones;288.73;587.22;2.03;24.32;0.14;0.28;2018-05-01;Pre-covid;Pre-covid
2018;05;Pais vasco;Nectarinas;464.42;826.48;1.78;37.5;0.22;0.4;2018-05-01;Pre-covid;Pre-covid
2018;05;Pais vasco;Albaricoques;598.26;1520.83;2.54;39.87;0.29;0.73;2018-05-01;Pre-covid;Pre-covid
2018;05;Pais vasco;Fresas/freson;1609.85;3707.03;2.3;68.48;0.78;1.79;2018-05-01;Pre-covid;Pre-covid
2018;05;Pais vasco;Melon;554.01;968.48;1.75;22.37;0.27;0.47;2018-05-01;Pre-covid;Pre-covid
2018;05;Pais vasco;Sandia;1076.74;1501.05;1.39;29.72;0.52;0.73;2018-05-01;Pre-covid;Pre-covid
2018;05;Pais vasco;Ciruelas;80.95;176.39;2.18;8.32;0.04;0.09;2018-05-01;Pre-covid;Pre-covid
2018;05;Pais vasco;Cerezas;351.94;1587.29;4.51;34.54;0.17;0.77;2018-05-01;Pre-covid;Pre-covid
2018;05;Pais vasco;Uvas;119.9;475.54;3.97;11.26;0.06;0.23;2018-05-01;Pre-covid;Pre-covid
2018;05;Pais vasco;Kiwi;727.9;2226.25;3.06;43.92;0.35;1.08;2018-05-01;Pre-covid;Pre-covid
2018;05;Pais vasco;Aguacate;233.47;789.85;3.38;23.14;0.11;0.38;2018-05-01;Pre-covid;Pre-covid
2018;05;Pais vasco;Piña;744.18;1191.5;1.6;28.22;0.36;0.58;2018-05-01;Pre-covid;Pre-covid
2018;05;Pais vasco;Otras frutas frescas;642.69;1674.46;2.61;41.92;0.31;0.81;2018-05-01;Pre-covid;Pre-covid
2018;05;Pais vasco;Pomelo;139.41;227.95;1.64;3.85;0.07;0.11;2018-05-01;Pre-covid;Pre-covid
2018;05;Pais vasco;Chirimoya;0.0;0.0;0.0;0.0;0.0;0.0;2018-05-01;Pre-covid;Pre-covid
2018;05;Pais vasco;Frutas iv gama;1006.96;1893.74;1.88;36.53;0.49;0.91;2018-05-01;Pre-covid;Pre-covid
2018;05;Valencia;Frutas frescas;34931.01;56883.34;1.63;96.21;7.38;12.02;2018-05-01;Pre-covid;Pre-covid
2018;05;Valencia;Naranjas;7346.72;7205.74;0.98;42.3;1.55;1.52;2018-05-01;Pre-covid;Pre-covid
2018;05;Valencia;Mandarinas;683.11;937.55;1.37;19.93;0.14;0.2;2018-05-01;Pre-covid;Pre-covid
2018;05;Valencia;Limones;750.32;1241.9;1.66;32.59;0.16;0.26;2018-05-01;Pre-covid;Pre-covid
2018;05;Valencia;Platanos;5509.84;8204.27;1.49;82.8;1.16;1.73;2018-05-01;Pre-covid;Pre-covid
2018;05;Valencia;Manzanas;4409.45;6701.39;1.52;65.66;0.93;1.42;2018-05-01;Pre-covid;Pre-covid
2018;05;Valencia;Peras;1927.92;3002.15;1.56;49.98;0.41;0.63;2018-05-01;Pre-covid;Pre-covid
2018;05;Valencia;Melocotones;370.52;777.7;2.1;14.36;0.08;0.16;2018-05-01;Pre-covid;Pre-covid
2018;05;Valencia;Nectarinas;388.18;666.68;1.72;14.73;0.08;0.14;2018-05-01;Pre-covid;Pre-covid
2018;05;Valencia;Albaricoques;974.08;2086.88;2.14;36.75;0.21;0.44;2018-05-01;Pre-covid;Pre-covid
2018;05;Valencia;Fresas/freson;2431.07;5674.79;2.33;62.93;0.51;1.2;2018-05-01;Pre-covid;Pre-covid
2018;05;Valencia;Melon;1354.32;2024.89;1.5;21.47;0.29;0.43;2018-05-01;Pre-covid;Pre-covid
2018;05;Valencia;Sandia;3089.59;4089.83;1.32;34.56;0.65;0.86;2018-05-01;Pre-covid;Pre-covid
2018;05;Valencia;Ciruelas;199.23;485.48;2.44;10.49;0.04;0.1;2018-05-01;Pre-covid;Pre-covid
2018;05;Valencia;Cerezas;550.09;2016.71;3.67;23.09;0.12;0.43;2018-05-01;Pre-covid;Pre-covid
2018;05;Valencia;Uvas;206.2;683.33;3.31;9.05;0.04;0.14;2018-05-01;Pre-covid;Pre-covid
2018;05;Valencia;Kiwi;882.26;2464.73;2.79;31.22;0.19;0.52;2018-05-01;Pre-covid;Pre-covid
2018;05;Valencia;Aguacate;486.75;1533.54;3.15;26.39;0.1;0.32;2018-05-01;Pre-covid;Pre-covid
2018;05;Valencia;Piña;996.03;1408.97;1.41;21.03;0.21;0.3;2018-05-01;Pre-covid;Pre-covid
2018;05;Valencia;Otras frutas frescas;2375.33;5676.83;2.39;44.07;0.5;1.2;2018-05-01;Pre-covid;Pre-covid
2018;05;Valencia;Pomelo;228.37;351.16;1.54;4.03;0.05;0.07;2018-05-01;Pre-covid;Pre-covid
2018;05;Valencia;Chirimoya;0.0;0.0;0.0;0.0;0.0;0.0;2018-05-01;Pre-covid;Pre-covid
2018;05;Valencia;Frutas iv gama;1913.12;3503.36;1.83;33.7;0.4;0.74;2018-05-01;Pre-covid;Pre-covid
2018;06;Nacional;Patatas;106137.65;95113.32;0.9;79.11;2.33;2.08;2018-06-01;Pre-covid;Pre-covid
2018;06;Nacional;Patatas frescas;76023.55;61917.07;0.81;65.77;1.67;1.36;2018-06-01;Pre-covid;Pre-covid
2018;06;Nacional;Patatas congeladas;3678.14;4637.48;1.26;10.87;0.08;0.1;2018-06-01;Pre-covid;Pre-covid
2018;06;Nacional;Patatas procesadas;5287.19;28558.77;5.4;48.13;0.12;0.63;2018-06-01;Pre-covid;Pre-covid
2018;06;Nacional;Hortalizas frescas;219838.33;380514.0;1.73;97.1;4.82;8.34;2018-06-01;Pre-covid;Pre-covid
2018;06;Nacional;Omates;59438.64;85444.33;1.44;83.81;1.3;1.87;2018-06-01;Pre-covid;Pre-covid
2018;06;Nacional;Cebollas;26524.09;30290.11;1.14;69.01;0.58;0.66;2018-06-01;Pre-covid;Pre-covid
2018;06;Nacional;Ajos;3355.8;13228.89;3.94;31.24;0.07;0.29;2018-06-01;Pre-covid;Pre-covid
2018;06;Nacional;Coles;3677.4;3820.3;1.04;13.22;0.08;0.08;2018-06-01;Pre-covid;Pre-covid
2018;06;Nacional;Pepinos;12144.89;13947.11;1.15;44.61;0.27;0.31;2018-06-01;Pre-covid;Pre-covid
2018;06;Nacional;Judias verdes;7251.62;18942.72;2.61;32.84;0.16;0.42;2018-06-01;Pre-covid;Pre-covid
2018;06;Nacional;Pimientos;16830.14;33243.38;1.98;64.96;0.37;0.73;2018-06-01;Pre-covid;Pre-covid
2018;06;Nacional;Champiñoneso setas;4651.72;16819.67;3.62;35.2;0.1;0.37;2018-06-01;Pre-covid;Pre-covid
2018;06;Nacional;Lechuga/esc /endivia;14582.46;41837.32;2.87;61.34;0.32;0.92;2018-06-01;Pre-covid;Pre-covid
2018;06;Nacional;Esparragos;4391.47;8453.56;1.92;15.93;0.1;0.19;2018-06-01;Pre-covid;Pre-covid
2018;06;Nacional;Verduras de hoja;3971.6;10046.18;2.53;22.48;0.09;0.22;2018-06-01;Pre-covid;Pre-covid
2018;06;Nacional;Berenjenas;5792.23;7494.17;1.29;29.97;0.13;0.16;2018-06-01;Pre-covid;Pre-covid
2018;06;Nacional;Zanahorias;11178.28;10767.24;0.96;50.85;0.24;0.24;2018-06-01;Pre-covid;Pre-covid
2018;06;Nacional;Calabacines;15669.72;18105.47;1.16;51.07;0.34;0.4;2018-06-01;Pre-covid;Pre-covid
2018;06;Nacional;Otr hortalizas/verd ;30378.28;68073.55;2.24;74.32;0.67;1.49;2018-06-01;Pre-covid;Pre-covid
2018;06;Nacional;Brocoli;4049.27;6303.27;1.56;20.25;0.09;0.14;2018-06-01;Pre-covid;Pre-covid
2018;06;Nacional;Alcachofas;2915.53;5083.8;1.74;13.25;0.06;0.11;2018-06-01;Pre-covid;Pre-covid
2018;06;Nacional;Verd /hort  iv gama;27336.1;69680.0;2.55;66.9;0.6;1.53;2018-06-01;Pre-covid;Pre-covid
2018;06;Andalucia;Patatas;20399.39;18281.39;0.9;82.6;2.35;2.1;2018-06-01;Pre-covid;Pre-covid
2018;06;Andalucia;Patatas frescas;13993.66;11190.44;0.8;66.03;1.61;1.29;2018-06-01;Pre-covid;Pre-covid
2018;06;Andalucia;Patatas congeladas;974.82;1154.56;1.18;15.69;0.11;0.13;2018-06-01;Pre-covid;Pre-covid
2018;06;Andalucia;Patatas procesadas;1086.18;5936.39;5.47;53.16;0.13;0.68;2018-06-01;Pre-covid;Pre-covid
2018;06;Andalucia;Hortalizas frescas;40124.63;63411.57;1.58;97.13;4.62;7.3;2018-06-01;Pre-covid;Pre-covid
2018;06;Andalucia;Omates;12430.41;15349.5;1.23;83.39;1.43;1.77;2018-06-01;Pre-covid;Pre-covid
2018;06;Andalucia;Cebollas;5004.87;5223.67;1.04;71.31;0.58;0.6;2018-06-01;Pre-covid;Pre-covid
2018;06;Andalucia;Ajos;593.66;2085.43;3.51;33.63;0.07;0.24;2018-06-01;Pre-covid;Pre-covid
2018;06;Andalucia;Coles;413.42;424.38;1.03;9.21;0.05;0.05;2018-06-01;Pre-covid;Pre-covid
2018;06;Andalucia;Pepinos;2302.93;2613.46;1.13;48.97;0.27;0.3;2018-06-01;Pre-covid;Pre-covid
2018;06;Andalucia;Judias verdes;1019.97;2598.08;2.55;31.72;0.12;0.3;2018-06-01;Pre-covid;Pre-covid
2018;06;Andalucia;Pimientos;3094.66;5642.15;1.82;69.86;0.36;0.65;2018-06-01;Pre-covid;Pre-covid
2018;06;Andalucia;Champiñoneso setas;661.07;2596.16;3.93;32.12;0.08;0.3;2018-06-01;Pre-covid;Pre-covid
2018;06;Andalucia;Lechuga/esc /endivia;2210.47;6842.79;3.1;59.51;0.25;0.79;2018-06-01;Pre-covid;Pre-covid
2018;06;Andalucia;Esparragos;1122.17;1598.0;1.42;17.51;0.13;0.18;2018-06-01;Pre-covid;Pre-covid
2018;06;Andalucia;Verduras de hoja;518.25;1356.62;2.62;21.17;0.06;0.16;2018-06-01;Pre-covid;Pre-covid
2018;06;Andalucia;Berenjenas;1272.38;1584.77;1.25;38.21;0.15;0.18;2018-06-01;Pre-covid;Pre-covid
2018;06;Andalucia;Zanahorias;1832.19;1675.09;0.91;48.81;0.21;0.19;2018-06-01;Pre-covid;Pre-covid
2018;06;Andalucia;Calabacines;2613.47;3060.53;1.17;49.71;0.3;0.35;2018-06-01;Pre-covid;Pre-covid
2018;06;Andalucia;Otr hortalizas/verd ;5034.71;10760.94;2.14;76.24;0.58;1.24;2018-06-01;Pre-covid;Pre-covid
2018;06;Andalucia;Brocoli;623.51;1090.96;1.75;21.73;0.07;0.13;2018-06-01;Pre-covid;Pre-covid
2018;06;Andalucia;Alcachofas;505.89;830.92;1.64;14.32;0.06;0.1;2018-06-01;Pre-covid;Pre-covid
2018;06;Andalucia;Verd /hort  iv gama;5365.03;12665.92;2.36;66.51;0.62;1.46;2018-06-01;Pre-covid;Pre-covid
2018;06;Aragon;Patatas;2923.17;2474.25;0.85;80.0;2.23;1.88;2018-06-01;Pre-covid;Pre-covid
2018;06;Aragon;Patatas frescas;2281.34;1715.03;0.75;72.18;1.74;1.31;2018-06-01;Pre-covid;Pre-covid
2018;06;Aragon;Patatas congeladas;60.69;73.28;1.21;8.96;0.05;0.06;2018-06-01;Pre-covid;Pre-covid
2018;06;Aragon;Patatas procesadas;116.23;685.94;5.9;38.89;0.09;0.52;2018-06-01;Pre-covid;Pre-covid
2018;06;Aragon;Hortalizas frescas;8317.2;15536.51;1.87;96.87;6.33;11.83;2018-06-01;Pre-covid;Pre-covid
2018;06;Aragon;Omates;1770.47;2632.11;1.49;90.73;1.35;2.0;2018-06-01;Pre-covid;Pre-covid
2018;06;Aragon;Cebollas;836.03;1007.27;1.2;68.33;0.64;0.77;2018-06-01;Pre-covid;Pre-covid
2018;06;Aragon;Ajos;531.8;2101.44;3.95;34.68;0.41;1.6;2018-06-01;Pre-covid;Pre-covid
2018;06;Aragon;Coles;59.94;51.07;0.85;6.62;0.05;0.04;2018-06-01;Pre-covid;Pre-covid
2018;06;Aragon;Pepinos;432.33;530.78;1.23;42.74;0.33;0.4;2018-06-01;Pre-covid;Pre-covid
2018;06;Aragon;Judias verdes;363.16;917.21;2.53;38.91;0.28;0.7;2018-06-01;Pre-covid;Pre-covid
2018;06;Aragon;Pimientos;421.99;851.09;2.02;61.03;0.32;0.65;2018-06-01;Pre-covid;Pre-covid
2018;06;Aragon;Champiñoneso setas;196.6;578.49;2.94;45.9;0.15;0.44;2018-06-01;Pre-covid;Pre-covid
2018;06;Aragon;Lechuga/esc /endivia;865.52;2137.38;2.47;64.84;0.66;1.63;2018-06-01;Pre-covid;Pre-covid
2018;06;Aragon;Esparragos;137.0;311.14;2.27;16.97;0.1;0.24;2018-06-01;Pre-covid;Pre-covid
2018;06;Aragon;Verduras de hoja;310.82;517.09;1.66;22.75;0.24;0.39;2018-06-01;Pre-covid;Pre-covid
2018;06;Aragon;Berenjenas;101.16;128.06;1.27;21.7;0.08;0.1;2018-06-01;Pre-covid;Pre-covid
2018;06;Aragon;Zanahorias;374.06;318.95;0.85;58.94;0.28;0.24;2018-06-01;Pre-covid;Pre-covid
2018;06;Aragon;Calabacines;522.87;590.92;1.13;64.82;0.4;0.45;2018-06-01;Pre-covid;Pre-covid
2018;06;Aragon;Otr hortalizas/verd ;1393.47;2863.52;2.05;70.46;1.06;2.18;2018-06-01;Pre-covid;Pre-covid
2018;06;Aragon;Brocoli;119.48;197.92;1.66;17.47;0.09;0.15;2018-06-01;Pre-covid;Pre-covid
2018;06;Aragon;Alcachofas;143.2;285.07;1.99;12.1;0.11;0.22;2018-06-01;Pre-covid;Pre-covid
2018;06;Aragon;Verd /hort  iv gama;784.13;1963.65;2.5;66.38;0.6;1.5;2018-06-01;Pre-covid;Pre-covid
2018;06;Asturias;Patatas;2895.11;2505.4;0.87;72.86;2.67;2.31;2018-06-01;Pre-covid;Pre-covid
2018;06;Asturias;Patatas frescas;2384.65;1953.71;0.82;67.83;2.2;1.8;2018-06-01;Pre-covid;Pre-covid
2018;06;Asturias;Patatas congeladas;85.21;100.15;1.18;8.73;0.08;0.09;2018-06-01;Pre-covid;Pre-covid
2018;06;Asturias;Patatas procesadas;85.05;451.54;5.31;33.43;0.08;0.42;2018-06-01;Pre-covid;Pre-covid
2018;06;Asturias;Hortalizas frescas;3840.71;6898.54;1.8;95.46;3.54;6.36;2018-06-01;Pre-covid;Pre-covid
2018;06;Asturias;Omates;849.13;1383.82;1.63;77.44;0.78;1.28;2018-06-01;Pre-covid;Pre-covid
2018;06;Asturias;Cebollas;621.87;775.64;1.25;75.71;0.57;0.72;2018-06-01;Pre-covid;Pre-covid
2018;06;Asturias;Ajos;70.92;288.3;4.06;39.88;0.07;0.27;2018-06-01;Pre-covid;Pre-covid
2018;06;Asturias;Coles;88.34;102.66;1.16;17.2;0.08;0.09;2018-06-01;Pre-covid;Pre-covid
2018;06;Asturias;Pepinos;188.17;186.28;0.99;24.47;0.17;0.17;2018-06-01;Pre-covid;Pre-covid
2018;06;Asturias;Judias verdes;101.78;248.14;2.44;19.23;0.09;0.23;2018-06-01;Pre-covid;Pre-covid
2018;06;Asturias;Pimientos;258.45;576.93;2.23;59.13;0.24;0.53;2018-06-01;Pre-covid;Pre-covid
2018;06;Asturias;Champiñoneso setas;89.67;347.26;3.87;32.77;0.08;0.32;2018-06-01;Pre-covid;Pre-covid
2018;06;Asturias;Lechuga/esc /endivia;280.65;765.45;2.73;50.51;0.26;0.71;2018-06-01;Pre-covid;Pre-covid
2018;06;Asturias;Esparragos;57.8;129.11;2.23;12.11;0.05;0.12;2018-06-01;Pre-covid;Pre-covid
2018;06;Asturias;Verduras de hoja;77.28;171.34;2.22;18.22;0.07;0.16;2018-06-01;Pre-covid;Pre-covid
2018;06;Asturias;Berenjenas;85.39;104.19;1.22;29.5;0.08;0.1;2018-06-01;Pre-covid;Pre-covid
2018;06;Asturias;Zanahorias;233.94;250.78;1.07;52.34;0.22;0.23;2018-06-01;Pre-covid;Pre-covid
2018;06;Asturias;Calabacines;297.59;353.45;1.19;43.52;0.27;0.33;2018-06-01;Pre-covid;Pre-covid
2018;06;Asturias;Otr hortalizas/verd ;539.74;1215.19;2.25;66.13;0.5;1.12;2018-06-01;Pre-covid;Pre-covid
2018;06;Asturias;Brocoli;91.95;136.74;1.49;26.43;0.08;0.13;2018-06-01;Pre-covid;Pre-covid
2018;06;Asturias;Alcachofas;41.48;72.12;1.74;8.62;0.04;0.07;2018-06-01;Pre-covid;Pre-covid
2018;06;Asturias;Verd /hort  iv gama;548.06;1289.13;2.35;50.2;0.51;1.19;2018-06-01;Pre-covid;Pre-covid
2018;06;Baleares;Patatas;2595.93;2337.08;0.9;76.32;2.52;2.27;2018-06-01;Pre-covid;Pre-covid
2018;06;Baleares;Patatas frescas;1807.59;1507.79;0.83;65.75;1.75;1.46;2018-06-01;Pre-covid;Pre-covid
2018;06;Baleares;Patatas congeladas;87.06;110.66;1.27;13.07;0.08;0.11;2018-06-01;Pre-covid;Pre-covid
2018;06;Baleares;Patatas procesadas;140.25;718.63;5.12;47.33;0.14;0.7;2018-06-01;Pre-covid;Pre-covid
2018;06;Baleares;Hortalizas frescas;5363.59;9958.89;1.86;98.03;5.21;9.67;2018-06-01;Pre-covid;Pre-covid
2018;06;Baleares;Omates;1643.84;2398.29;1.46;94.65;1.6;2.33;2018-06-01;Pre-covid;Pre-covid
2018;06;Baleares;Cebollas;747.12;825.8;1.11;72.32;0.73;0.8;2018-06-01;Pre-covid;Pre-covid
2018;06;Baleares;Ajos;70.04;300.12;4.28;30.25;0.07;0.29;2018-06-01;Pre-covid;Pre-covid
2018;06;Baleares;Coles;70.74;71.79;1.01;15.25;0.07;0.07;2018-06-01;Pre-covid;Pre-covid
2018;06;Baleares;Pepinos;168.02;222.48;1.32;31.25;0.16;0.22;2018-06-01;Pre-covid;Pre-covid
2018;06;Baleares;Judias verdes;134.63;411.45;3.06;34.15;0.13;0.4;2018-06-01;Pre-covid;Pre-covid
2018;06;Baleares;Pimientos;525.76;1122.53;2.14;80.82;0.51;1.09;2018-06-01;Pre-covid;Pre-covid
2018;06;Baleares;Champiñoneso setas;137.66;440.92;3.2;45.07;0.13;0.43;2018-06-01;Pre-covid;Pre-covid
2018;06;Baleares;Lechuga/esc /endivia;383.95;1195.3;3.11;68.34;0.37;1.16;2018-06-01;Pre-covid;Pre-covid
2018;06;Baleares;Esparragos;62.55;119.54;1.91;9.73;0.06;0.12;2018-06-01;Pre-covid;Pre-covid
2018;06;Baleares;Verduras de hoja;96.05;314.09;3.27;20.4;0.09;0.3;2018-06-01;Pre-covid;Pre-covid
2018;06;Baleares;Berenjenas;116.75;151.95;1.3;31.38;0.11;0.15;2018-06-01;Pre-covid;Pre-covid
2018;06;Baleares;Zanahorias;314.13;293.13;0.93;51.6;0.3;0.28;2018-06-01;Pre-covid;Pre-covid
2018;06;Baleares;Calabacines;249.46;278.98;1.12;41.2;0.24;0.27;2018-06-01;Pre-covid;Pre-covid
2018;06;Baleares;Otr hortalizas/verd ;642.88;1812.55;2.82;84.93;0.62;1.76;2018-06-01;Pre-covid;Pre-covid
2018;06;Baleares;Brocoli;61.06;121.82;1.99;15.28;0.06;0.12;2018-06-01;Pre-covid;Pre-covid
2018;06;Baleares;Alcachofas;58.66;100.63;1.72;14.25;0.06;0.1;2018-06-01;Pre-covid;Pre-covid
2018;06;Baleares;Verd /hort  iv gama;1010.63;2613.19;2.59;75.7;0.98;2.54;2018-06-01;Pre-covid;Pre-covid
2018;06;Canarias;Patatas;5812.17;5566.31;0.96;81.82;2.66;2.55;2018-06-01;Pre-covid;Pre-covid
2018;06;Canarias;Patatas frescas;4646.71;4342.56;0.93;61.75;2.13;1.99;2018-06-01;Pre-covid;Pre-covid
2018;06;Canarias;Patatas congeladas;309.82;337.47;1.09;9.98;0.14;0.15;2018-06-01;Pre-covid;Pre-covid
2018;06;Canarias;Patatas procesadas;171.13;886.28;5.18;41.09;0.08;0.41;2018-06-01;Pre-covid;Pre-covid
2018;06;Canarias;Hortalizas frescas;10052.86;18790.82;1.87;97.89;4.6;8.59;2018-06-01;Pre-covid;Pre-covid
2018;06;Canarias;Omates;2027.29;3006.86;1.48;79.68;0.93;1.38;2018-06-01;Pre-covid;Pre-covid
2018;06;Canarias;Cebollas;1269.71;1455.19;1.15;70.92;0.58;0.67;2018-06-01;Pre-covid;Pre-covid
2018;06;Canarias;Ajos;142.06;541.13;3.81;32.96;0.06;0.25;2018-06-01;Pre-covid;Pre-covid
2018;06;Canarias;Coles;189.81;206.78;1.09;20.34;0.09;0.09;2018-06-01;Pre-covid;Pre-covid
2018;06;Canarias;Pepinos;294.59;455.36;1.55;32.51;0.13;0.21;2018-06-01;Pre-covid;Pre-covid
2018;06;Canarias;Judias verdes;205.36;651.96;3.17;19.88;0.09;0.3;2018-06-01;Pre-covid;Pre-covid
2018;06;Canarias;Pimientos;907.08;2016.25;2.22;72.7;0.41;0.92;2018-06-01;Pre-covid;Pre-covid
2018;06;Canarias;Champiñoneso setas;194.39;773.27;3.98;36.2;0.09;0.35;2018-06-01;Pre-covid;Pre-covid
2018;06;Canarias;Lechuga/esc /endivia;319.26;1097.05;3.44;45.05;0.15;0.5;2018-06-01;Pre-covid;Pre-covid
2018;06;Canarias;Esparragos;27.27;85.74;3.14;2.61;0.01;0.04;2018-06-01;Pre-covid;Pre-covid
2018;06;Canarias;Verduras de hoja;158.54;498.25;3.14;19.51;0.07;0.23;2018-06-01;Pre-covid;Pre-covid
2018;06;Canarias;Berenjenas;149.03;203.22;1.36;18.2;0.07;0.09;2018-06-01;Pre-covid;Pre-covid
2018;06;Canarias;Zanahorias;686.93;932.52;1.36;60.43;0.31;0.43;2018-06-01;Pre-covid;Pre-covid
2018;06;Canarias;Calabacines;1277.91;1450.75;1.14;63.87;0.58;0.66;2018-06-01;Pre-covid;Pre-covid
2018;06;Canarias;Otr hortalizas/verd ;2203.63;5416.48;2.46;82.46;1.01;2.48;2018-06-01;Pre-covid;Pre-covid
2018;06;Canarias;Brocoli;103.35;195.39;1.89;10.99;0.05;0.09;2018-06-01;Pre-covid;Pre-covid
2018;06;Canarias;Alcachofas;22.64;52.1;2.3;2.66;0.01;0.02;2018-06-01;Pre-covid;Pre-covid
2018;06;Canarias;Verd /hort  iv gama;1541.27;3953.59;2.57;63.07;0.7;1.81;2018-06-01;Pre-covid;Pre-covid
2018;06;Cantabria;Patatas;1393.46;1310.84;0.94;80.32;2.5;2.36;2018-06-01;Pre-covid;Pre-covid
2018;06;Cantabria;Patatas frescas;1152.76;1024.01;0.89;66.4;2.07;1.84;2018-06-01;Pre-covid;Pre-covid
2018;06;Cantabria;Patatas congeladas;23.73;38.41;1.62;5.28;0.04;0.07;2018-06-01;Pre-covid;Pre-covid
2018;06;Cantabria;Patatas procesadas;43.39;248.42;5.72;40.0;0.08;0.45;2018-06-01;Pre-covid;Pre-covid
2018;06;Cantabria;Hortalizas frescas;2069.51;3782.4;1.83;97.74;3.72;6.8;2018-06-01;Pre-covid;Pre-covid
2018;06;Cantabria;Omates;505.81;842.31;1.67;80.65;0.91;1.51;2018-06-01;Pre-covid;Pre-covid
2018;06;Cantabria;Cebollas;318.19;335.91;1.06;56.78;0.57;0.6;2018-06-01;Pre-covid;Pre-covid
2018;06;Cantabria;Ajos;16.11;70.4;4.37;19.42;0.03;0.13;2018-06-01;Pre-covid;Pre-covid
2018;06;Cantabria;Coles;16.07;19.78;1.23;4.53;0.03;0.04;2018-06-01;Pre-covid;Pre-covid
2018;06;Cantabria;Pepinos;71.41;84.64;1.19;35.97;0.13;0.15;2018-06-01;Pre-covid;Pre-covid
2018;06;Cantabria;Judias verdes;121.04;266.18;2.2;32.5;0.22;0.48;2018-06-01;Pre-covid;Pre-covid
2018;06;Cantabria;Pimientos;230.95;464.52;2.01;63.93;0.41;0.83;2018-06-01;Pre-covid;Pre-covid
2018;06;Cantabria;Champiñoneso setas;66.52;247.19;3.72;31.67;0.12;0.44;2018-06-01;Pre-covid;Pre-covid
2018;06;Cantabria;Lechuga/esc /endivia;111.56;308.75;2.77;70.81;0.2;0.55;2018-06-01;Pre-covid;Pre-covid
2018;06;Cantabria;Esparragos;16.28;66.4;4.08;8.69;0.03;0.12;2018-06-01;Pre-covid;Pre-covid
2018;06;Cantabria;Verduras de hoja;21.14;64.87;3.07;17.59;0.04;0.12;2018-06-01;Pre-covid;Pre-covid
2018;06;Cantabria;Berenjenas;39.12;46.46;1.19;24.34;0.07;0.08;2018-06-01;Pre-covid;Pre-covid
2018;06;Cantabria;Zanahorias;125.23;120.87;0.97;45.28;0.23;0.22;2018-06-01;Pre-covid;Pre-covid
2018;06;Cantabria;Calabacines;178.38;242.31;1.36;51.81;0.32;0.44;2018-06-01;Pre-covid;Pre-covid
2018;06;Cantabria;Otr hortalizas/verd ;231.69;601.81;2.6;61.11;0.42;1.08;2018-06-01;Pre-covid;Pre-covid
2018;06;Cantabria;Brocoli;44.2;78.34;1.77;21.99;0.08;0.14;2018-06-01;Pre-covid;Pre-covid
2018;06;Cantabria;Alcachofas;21.6;41.04;1.9;11.08;0.04;0.07;2018-06-01;Pre-covid;Pre-covid
2018;06;Cantabria;Verd /hort  iv gama;208.13;660.49;3.17;58.28;0.37;1.19;2018-06-01;Pre-covid;Pre-covid
2018;06;Castilla la mancha;Patatas;4352.55;3784.29;0.87;82.31;2.07;1.8;2018-06-01;Pre-covid;Pre-covid
2018;06;Castilla la mancha;Patatas frescas;3001.93;2336.68;0.78;73.99;1.43;1.11;2018-06-01;Pre-covid;Pre-covid
2018;06;Castilla la mancha;Patatas congeladas;205.83;228.99;1.11;14.95;0.1;0.11;2018-06-01;Pre-covid;Pre-covid
2018;06;Castilla la mancha;Patatas procesadas;228.96;1218.62;5.32;52.51;0.11;0.58;2018-06-01;Pre-covid;Pre-covid
2018;06;Castilla la mancha;Hortalizas frescas;9016.04;14536.39;1.61;96.45;4.3;6.93;2018-06-01;Pre-covid;Pre-covid
2018;06;Castilla la mancha;Omates;2673.66;3607.67;1.35;82.91;1.27;1.72;2018-06-01;Pre-covid;Pre-covid
2018;06;Castilla la mancha;Cebollas;962.0;1017.1;1.06;63.32;0.46;0.48;2018-06-01;Pre-covid;Pre-covid
2018;06;Castilla la mancha;Ajos;93.22;355.86;3.82;34.03;0.04;0.17;2018-06-01;Pre-covid;Pre-covid
2018;06;Castilla la mancha;Coles;128.53;135.95;1.06;15.84;0.06;0.06;2018-06-01;Pre-covid;Pre-covid
2018;06;Castilla la mancha;Pepinos;844.68;945.53;1.12;52.77;0.4;0.45;2018-06-01;Pre-covid;Pre-covid
2018;06;Castilla la mancha;Judias verdes;299.35;740.22;2.47;35.65;0.14;0.35;2018-06-01;Pre-covid;Pre-covid
2018;06;Castilla la mancha;Pimientos;761.1;1344.12;1.77;59.84;0.36;0.64;2018-06-01;Pre-covid;Pre-covid
2018;06;Castilla la mancha;Champiñoneso setas;196.53;778.48;3.96;43.61;0.09;0.37;2018-06-01;Pre-covid;Pre-covid
2018;06;Castilla la mancha;Lechuga/esc /endivia;405.4;1133.47;2.8;61.73;0.19;0.54;2018-06-01;Pre-covid;Pre-covid
2018;06;Castilla la mancha;Esparragos;273.24;542.36;1.98;19.88;0.13;0.26;2018-06-01;Pre-covid;Pre-covid
2018;06;Castilla la mancha;Verduras de hoja;194.24;412.89;2.13;21.74;0.09;0.2;2018-06-01;Pre-covid;Pre-covid
2018;06;Castilla la mancha;Berenjenas;195.9;251.43;1.28;33.44;0.09;0.12;2018-06-01;Pre-covid;Pre-covid
2018;06;Castilla la mancha;Zanahorias;423.92;371.98;0.88;44.49;0.2;0.18;2018-06-01;Pre-covid;Pre-covid
2018;06;Castilla la mancha;Calabacines;603.83;681.27;1.13;52.99;0.29;0.32;2018-06-01;Pre-covid;Pre-covid
2018;06;Castilla la mancha;Otr hortalizas/verd ;960.42;2218.06;2.31;66.15;0.46;1.06;2018-06-01;Pre-covid;Pre-covid
2018;06;Castilla la mancha;Brocoli;138.81;201.94;1.45;17.39;0.07;0.1;2018-06-01;Pre-covid;Pre-covid
2018;06;Castilla la mancha;Alcachofas;83.77;159.4;1.9;7.81;0.04;0.08;2018-06-01;Pre-covid;Pre-covid
2018;06;Castilla la mancha;Verd /hort  iv gama;1186.05;2622.67;2.21;66.28;0.57;1.25;2018-06-01;Pre-covid;Pre-covid
2018;06;Castilla leon;Patatas;4968.99;4193.69;0.84;71.6;2.03;1.71;2018-06-01;Pre-covid;Pre-covid
2018;06;Castilla leon;Patatas frescas;3861.51;2989.8;0.77;60.76;1.58;1.22;2018-06-01;Pre-covid;Pre-covid
2018;06;Castilla leon;Patatas congeladas;110.23;125.19;1.14;5.83;0.05;0.05;2018-06-01;Pre-covid;Pre-covid
2018;06;Castilla leon;Patatas procesadas;199.45;1078.7;5.41;38.22;0.08;0.44;2018-06-01;Pre-covid;Pre-covid
2018;06;Castilla leon;Hortalizas frescas;10252.71;16927.36;1.65;96.26;4.19;6.92;2018-06-01;Pre-covid;Pre-covid
2018;06;Castilla leon;Omates;2726.79;3847.94;1.41;80.0;1.11;1.57;2018-06-01;Pre-covid;Pre-covid
2018;06;Castilla leon;Cebollas;1284.02;1386.13;1.08;65.82;0.52;0.57;2018-06-01;Pre-covid;Pre-covid
2018;06;Castilla leon;Ajos;154.65;542.99;3.51;32.49;0.06;0.22;2018-06-01;Pre-covid;Pre-covid
2018;06;Castilla leon;Coles;277.78;292.75;1.05;17.44;0.11;0.12;2018-06-01;Pre-covid;Pre-covid
2018;06;Castilla leon;Pepinos;472.02;560.74;1.19;41.05;0.19;0.23;2018-06-01;Pre-covid;Pre-covid
2018;06;Castilla leon;Judias verdes;361.9;911.38;2.52;29.73;0.15;0.37;2018-06-01;Pre-covid;Pre-covid
2018;06;Castilla leon;Pimientos;867.87;1598.75;1.84;68.51;0.35;0.65;2018-06-01;Pre-covid;Pre-covid
2018;06;Castilla leon;Champiñoneso setas;219.25;771.57;3.52;31.69;0.09;0.32;2018-06-01;Pre-covid;Pre-covid
2018;06;Castilla leon;Lechuga/esc /endivia;785.45;1902.51;2.42;54.73;0.32;0.78;2018-06-01;Pre-covid;Pre-covid
2018;06;Castilla leon;Esparragos;129.61;237.23;1.83;9.0;0.05;0.1;2018-06-01;Pre-covid;Pre-covid
2018;06;Castilla leon;Verduras de hoja;130.95;361.7;2.76;14.81;0.05;0.15;2018-06-01;Pre-covid;Pre-covid
2018;06;Castilla leon;Berenjenas;152.79;216.15;1.41;20.2;0.06;0.09;2018-06-01;Pre-covid;Pre-covid
2018;06;Castilla leon;Zanahorias;657.69;591.02;0.9;55.16;0.27;0.24;2018-06-01;Pre-covid;Pre-covid
2018;06;Castilla leon;Calabacines;700.3;810.32;1.16;47.29;0.29;0.33;2018-06-01;Pre-covid;Pre-covid
2018;06;Castilla leon;Otr hortalizas/verd ;1331.6;2896.16;2.17;65.84;0.54;1.18;2018-06-01;Pre-covid;Pre-covid
2018;06;Castilla leon;Brocoli;178.57;324.7;1.82;17.51;0.07;0.13;2018-06-01;Pre-covid;Pre-covid
2018;06;Castilla leon;Alcachofas;109.12;192.23;1.76;9.83;0.04;0.08;2018-06-01;Pre-covid;Pre-covid
2018;06;Castilla leon;Verd /hort  iv gama;1210.56;2741.78;2.26;60.39;0.49;1.12;2018-06-01;Pre-covid;Pre-covid
2018;06;Cataluña;Patatas;17213.76;16415.85;0.95;84.04;2.49;2.37;2018-06-01;Pre-covid;Pre-covid
2018;06;Cataluña;Patatas frescas;11286.73;9566.75;0.85;71.75;1.63;1.38;2018-06-01;Pre-covid;Pre-covid
2018;06;Cataluña;Patatas congeladas;557.2;841.41;1.51;12.23;0.08;0.12;2018-06-01;Pre-covid;Pre-covid
2018;06;Cataluña;Patatas procesadas;1073.97;6007.69;5.59;56.11;0.16;0.87;2018-06-01;Pre-covid;Pre-covid
2018;06;Cataluña;Hortalizas frescas;37712.45;67937.34;1.8;97.81;5.45;9.82;2018-06-01;Pre-covid;Pre-covid
2018;06;Cataluña;Omates;10591.39;16803.72;1.59;87.31;1.53;2.43;2018-06-01;Pre-covid;Pre-covid
2018;06;Cataluña;Cebollas;4202.96;5383.44;1.28;71.73;0.61;0.78;2018-06-01;Pre-covid;Pre-covid
2018;06;Cataluña;Ajos;259.62;1123.24;4.33;25.06;0.04;0.16;2018-06-01;Pre-covid;Pre-covid
2018;06;Cataluña;Coles;783.95;812.3;1.04;14.71;0.11;0.12;2018-06-01;Pre-covid;Pre-covid
2018;06;Cataluña;Pepinos;1953.38;2241.39;1.15;48.31;0.28;0.32;2018-06-01;Pre-covid;Pre-covid
2018;06;Cataluña;Judias verdes;1696.11;4763.63;2.81;39.35;0.25;0.69;2018-06-01;Pre-covid;Pre-covid
2018;06;Cataluña;Pimientos;2563.3;5202.15;2.03;63.05;0.37;0.75;2018-06-01;Pre-covid;Pre-covid
2018;06;Cataluña;Champiñoneso setas;645.4;2620.92;4.06;30.88;0.09;0.38;2018-06-01;Pre-covid;Pre-covid
2018;06;Cataluña;Lechuga/esc /endivia;2684.78;7907.92;2.95;69.05;0.39;1.14;2018-06-01;Pre-covid;Pre-covid
2018;06;Cataluña;Esparragos;1075.2;1817.4;1.69;19.74;0.16;0.26;2018-06-01;Pre-covid;Pre-covid
2018;06;Cataluña;Verduras de hoja;658.28;1772.42;2.69;24.69;0.1;0.26;2018-06-01;Pre-covid;Pre-covid
2018;06;Cataluña;Berenjenas;1186.97;1514.58;1.28;36.0;0.17;0.22;2018-06-01;Pre-covid;Pre-covid
2018;06;Cataluña;Zanahorias;1718.57;1833.88;1.07;49.58;0.25;0.27;2018-06-01;Pre-covid;Pre-covid
2018;06;Cataluña;Calabacines;2498.23;2869.51;1.15;52.56;0.36;0.41;2018-06-01;Pre-covid;Pre-covid
2018;06;Cataluña;Otr hortalizas/verd ;5194.31;11270.84;2.17;77.85;0.75;1.63;2018-06-01;Pre-covid;Pre-covid
2018;06;Cataluña;Brocoli;800.06;1068.83;1.34;20.44;0.12;0.15;2018-06-01;Pre-covid;Pre-covid
2018;06;Cataluña;Alcachofas;648.21;1128.42;1.74;16.53;0.09;0.16;2018-06-01;Pre-covid;Pre-covid
2018;06;Cataluña;Verd /hort  iv gama;4522.91;11776.28;2.6;70.14;0.65;1.7;2018-06-01;Pre-covid;Pre-covid
2018;06;Extremadura;Patatas;2184.1;1833.16;0.84;76.03;1.85;1.55;2018-06-01;Pre-covid;Pre-covid
2018;06;Extremadura;Patatas frescas;1619.28;1169.09;0.72;61.66;1.37;0.99;2018-06-01;Pre-covid;Pre-covid
2018;06;Extremadura;Patatas congeladas;107.93;154.41;1.43;11.72;0.09;0.13;2018-06-01;Pre-covid;Pre-covid
2018;06;Extremadura;Patatas procesadas;91.38;509.66;5.58;46.59;0.08;0.43;2018-06-01;Pre-covid;Pre-covid
2018;06;Extremadura;Hortalizas frescas;4920.61;7841.46;1.59;96.23;4.17;6.65;2018-06-01;Pre-covid;Pre-covid
2018;06;Extremadura;Omates;1473.05;1852.91;1.26;81.76;1.25;1.57;2018-06-01;Pre-covid;Pre-covid
2018;06;Extremadura;Cebollas;605.84;686.07;1.13;68.41;0.51;0.58;2018-06-01;Pre-covid;Pre-covid
2018;06;Extremadura;Ajos;120.5;440.92;3.66;41.45;0.1;0.37;2018-06-01;Pre-covid;Pre-covid
2018;06;Extremadura;Coles;33.05;33.07;1.0;5.24;0.03;0.03;2018-06-01;Pre-covid;Pre-covid
2018;06;Extremadura;Pepinos;316.12;330.95;1.05;54.3;0.27;0.28;2018-06-01;Pre-covid;Pre-covid
2018;06;Extremadura;Judias verdes;120.13;313.71;2.61;39.35;0.1;0.27;2018-06-01;Pre-covid;Pre-covid
2018;06;Extremadura;Pimientos;294.7;514.17;1.74;58.34;0.25;0.44;2018-06-01;Pre-covid;Pre-covid
2018;06;Extremadura;Champiñoneso setas;49.38;185.71;3.76;17.46;0.04;0.16;2018-06-01;Pre-covid;Pre-covid
2018;06;Extremadura;Lechuga/esc /endivia;365.25;1005.13;2.75;55.6;0.31;0.85;2018-06-01;Pre-covid;Pre-covid
2018;06;Extremadura;Esparragos;25.13;48.41;1.93;8.24;0.02;0.04;2018-06-01;Pre-covid;Pre-covid
2018;06;Extremadura;Verduras de hoja;163.67;357.98;2.19;22.45;0.14;0.3;2018-06-01;Pre-covid;Pre-covid
2018;06;Extremadura;Berenjenas;97.28;123.35;1.27;27.48;0.08;0.1;2018-06-01;Pre-covid;Pre-covid
2018;06;Extremadura;Zanahorias;241.06;226.62;0.94;45.82;0.2;0.19;2018-06-01;Pre-covid;Pre-covid
2018;06;Extremadura;Calabacines;408.83;472.69;1.16;52.79;0.35;0.4;2018-06-01;Pre-covid;Pre-covid
2018;06;Extremadura;Otr hortalizas/verd ;606.64;1249.77;2.06;69.07;0.51;1.06;2018-06-01;Pre-covid;Pre-covid
2018;06;Extremadura;Brocoli;125.26;176.06;1.41;20.88;0.11;0.15;2018-06-01;Pre-covid;Pre-covid
2018;06;Extremadura;Alcachofas;69.4;135.77;1.96;15.46;0.06;0.12;2018-06-01;Pre-covid;Pre-covid
2018;06;Extremadura;Verd /hort  iv gama;632.51;1470.4;2.32;61.49;0.54;1.25;2018-06-01;Pre-covid;Pre-covid
2018;06;Galicia;Patatas;8075.01;6853.18;0.85;66.75;2.92;2.47;2018-06-01;Pre-covid;Pre-covid
2018;06;Galicia;Patatas frescas;6780.77;5438.14;0.8;54.35;2.45;1.96;2018-06-01;Pre-covid;Pre-covid
2018;06;Galicia;Patatas congeladas;151.09;181.43;1.2;6.72;0.05;0.07;2018-06-01;Pre-covid;Pre-covid
2018;06;Galicia;Patatas procesadas;228.63;1233.61;5.4;36.13;0.08;0.45;2018-06-01;Pre-covid;Pre-covid
2018;06;Galicia;Hortalizas frescas;11836.19;21291.12;1.8;97.28;4.27;7.69;2018-06-01;Pre-covid;Pre-covid
2018;06;Galicia;Omates;2485.42;3664.19;1.47;82.49;0.9;1.32;2018-06-01;Pre-covid;Pre-covid
2018;06;Galicia;Cebollas;1727.56;2117.97;1.23;71.65;0.62;0.76;2018-06-01;Pre-covid;Pre-covid
2018;06;Galicia;Ajos;388.81;1516.1;3.9;37.26;0.14;0.55;2018-06-01;Pre-covid;Pre-covid
2018;06;Galicia;Coles;568.32;608.95;1.07;21.31;0.21;0.22;2018-06-01;Pre-covid;Pre-covid
2018;06;Galicia;Pepinos;260.97;318.18;1.22;21.87;0.09;0.11;2018-06-01;Pre-covid;Pre-covid
2018;06;Galicia;Judias verdes;401.98;977.91;2.43;29.86;0.15;0.35;2018-06-01;Pre-covid;Pre-covid
2018;06;Galicia;Pimientos;862.62;2164.47;2.51;59.21;0.31;0.78;2018-06-01;Pre-covid;Pre-covid
2018;06;Galicia;Champiñoneso setas;170.5;659.18;3.87;27.34;0.06;0.24;2018-06-01;Pre-covid;Pre-covid
2018;06;Galicia;Lechuga/esc /endivia;1285.18;2960.8;2.3;57.38;0.46;1.07;2018-06-01;Pre-covid;Pre-covid
2018;06;Galicia;Esparragos;66.41;213.4;3.21;7.84;0.02;0.08;2018-06-01;Pre-covid;Pre-covid
2018;06;Galicia;Verduras de hoja;244.51;579.64;2.37;17.81;0.09;0.21;2018-06-01;Pre-covid;Pre-covid
2018;06;Galicia;Berenjenas;222.14;281.82;1.27;18.16;0.08;0.1;2018-06-01;Pre-covid;Pre-covid
2018;06;Galicia;Zanahorias;780.1;687.85;0.88;58.81;0.28;0.25;2018-06-01;Pre-covid;Pre-covid
2018;06;Galicia;Calabacines;630.58;741.56;1.18;37.0;0.23;0.27;2018-06-01;Pre-covid;Pre-covid
2018;06;Galicia;Otr hortalizas/verd ;1741.1;3799.08;2.18;68.83;0.63;1.37;2018-06-01;Pre-covid;Pre-covid
2018;06;Galicia;Brocoli;292.5;549.25;1.88;27.71;0.11;0.2;2018-06-01;Pre-covid;Pre-covid
2018;06;Galicia;Alcachofas;83.56;131.49;1.57;7.96;0.03;0.05;2018-06-01;Pre-covid;Pre-covid
2018;06;Galicia;Verd /hort  iv gama;1305.86;3182.26;2.44;57.74;0.47;1.15;2018-06-01;Pre-covid;Pre-covid
2018;06;La rioja;Patatas;431.55;416.56;0.97;72.0;1.36;1.32;2018-06-01;Pre-covid;Pre-covid
2018;06;La rioja;Patatas frescas;372.99;348.73;0.93;67.89;1.18;1.1;2018-06-01;Pre-covid;Pre-covid
2018;06;La rioja;Patatas congeladas;9.6;12.44;1.3;3.38;0.03;0.04;2018-06-01;Pre-covid;Pre-covid
2018;06;La rioja;Patatas procesadas;9.79;55.39;5.66;28.44;0.03;0.18;2018-06-01;Pre-covid;Pre-covid
2018;06;La rioja;Hortalizas frescas;1383.15;2785.61;2.01;93.41;4.37;8.8;2018-06-01;Pre-covid;Pre-covid
2018;06;La rioja;Omates;251.98;355.03;1.41;75.97;0.8;1.12;2018-06-01;Pre-covid;Pre-covid
2018;06;La rioja;Cebollas;143.39;204.54;1.43;54.81;0.45;0.65;2018-06-01;Pre-covid;Pre-covid
2018;06;La rioja;Ajos;163.39;655.94;4.01;12.77;0.52;2.07;2018-06-01;Pre-covid;Pre-covid
2018;06;La rioja;Coles;3.01;2.68;0.89;0.92;0.01;0.01;2018-06-01;Pre-covid;Pre-covid
2018;06;La rioja;Pepinos;93.89;112.41;1.2;31.99;0.3;0.36;2018-06-01;Pre-covid;Pre-covid
2018;06;La rioja;Judias verdes;44.45;113.84;2.56;30.16;0.14;0.36;2018-06-01;Pre-covid;Pre-covid
2018;06;La rioja;Pimientos;70.23;151.98;2.16;52.81;0.22;0.48;2018-06-01;Pre-covid;Pre-covid
2018;06;La rioja;Champiñoneso setas;22.53;93.15;4.14;28.92;0.07;0.29;2018-06-01;Pre-covid;Pre-covid
2018;06;La rioja;Lechuga/esc /endivia;147.68;335.17;2.27;72.07;0.47;1.06;2018-06-01;Pre-covid;Pre-covid
2018;06;La rioja;Esparragos;22.93;93.24;4.07;13.74;0.07;0.29;2018-06-01;Pre-covid;Pre-covid
2018;06;La rioja;Verduras de hoja;28.55;53.45;1.87;13.3;0.09;0.17;2018-06-01;Pre-covid;Pre-covid
2018;06;La rioja;Berenjenas;31.75;41.67;1.31;21.5;0.1;0.13;2018-06-01;Pre-covid;Pre-covid
2018;06;La rioja;Zanahorias;63.12;48.6;0.77;45.54;0.2;0.15;2018-06-01;Pre-covid;Pre-covid
2018;06;La rioja;Calabacines;104.11;133.92;1.29;64.29;0.33;0.42;2018-06-01;Pre-covid;Pre-covid
2018;06;La rioja;Otr hortalizas/verd ;192.12;389.98;2.03;64.25;0.61;1.23;2018-06-01;Pre-covid;Pre-covid
2018;06;La rioja;Brocoli;23.16;41.04;1.77;27.17;0.07;0.13;2018-06-01;Pre-covid;Pre-covid
2018;06;La rioja;Alcachofas;17.73;29.49;1.66;6.47;0.06;0.09;2018-06-01;Pre-covid;Pre-covid
2018;06;La rioja;Verd /hort  iv gama;144.81;347.26;2.4;71.01;0.46;1.1;2018-06-01;Pre-covid;Pre-covid
2018;06;Madrid;Patatas;12411.91;10730.65;0.86;77.57;1.99;1.72;2018-06-01;Pre-covid;Pre-covid
2018;06;Madrid;Patatas frescas;8358.59;6576.54;0.79;63.19;1.34;1.06;2018-06-01;Pre-covid;Pre-covid
2018;06;Madrid;Patatas congeladas;405.36;469.88;1.16;9.07;0.07;0.08;2018-06-01;Pre-covid;Pre-covid
2018;06;Madrid;Patatas procesadas;729.59;3684.23;5.05;48.2;0.12;0.59;2018-06-01;Pre-covid;Pre-covid
2018;06;Madrid;Hortalizas frescas;29596.43;51257.51;1.73;97.36;4.76;8.24;2018-06-01;Pre-covid;Pre-covid
2018;06;Madrid;Omates;8585.97;12541.74;1.46;85.4;1.38;2.02;2018-06-01;Pre-covid;Pre-covid
2018;06;Madrid;Cebollas;3123.77;3689.13;1.18;67.96;0.5;0.59;2018-06-01;Pre-covid;Pre-covid
2018;06;Madrid;Ajos;346.79;1423.24;4.1;32.23;0.06;0.23;2018-06-01;Pre-covid;Pre-covid
2018;06;Madrid;Coles;418.31;418.68;1.0;12.94;0.07;0.07;2018-06-01;Pre-covid;Pre-covid
2018;06;Madrid;Pepinos;1893.43;2078.83;1.1;51.02;0.3;0.33;2018-06-01;Pre-covid;Pre-covid
2018;06;Madrid;Judias verdes;918.58;2187.99;2.38;30.94;0.15;0.35;2018-06-01;Pre-covid;Pre-covid
2018;06;Madrid;Pimientos;2532.54;4798.03;1.89;66.66;0.41;0.77;2018-06-01;Pre-covid;Pre-covid
2018;06;Madrid;Champiñoneso setas;690.46;2314.07;3.35;34.07;0.11;0.37;2018-06-01;Pre-covid;Pre-covid
2018;06;Madrid;Lechuga/esc /endivia;1476.5;4840.26;3.28;60.05;0.24;0.78;2018-06-01;Pre-covid;Pre-covid
2018;06;Madrid;Esparragos;640.48;1380.92;2.16;17.86;0.1;0.22;2018-06-01;Pre-covid;Pre-covid
2018;06;Madrid;Verduras de hoja;511.24;1511.09;2.96;23.34;0.08;0.24;2018-06-01;Pre-covid;Pre-covid
2018;06;Madrid;Berenjenas;638.24;877.24;1.37;29.14;0.1;0.14;2018-06-01;Pre-covid;Pre-covid
2018;06;Madrid;Zanahorias;1498.25;1406.63;0.94;53.46;0.24;0.23;2018-06-01;Pre-covid;Pre-covid
2018;06;Madrid;Calabacines;2377.99;2687.82;1.13;53.3;0.38;0.43;2018-06-01;Pre-covid;Pre-covid
2018;06;Madrid;Otr hortalizas/verd ;3943.89;9101.84;2.31;75.47;0.63;1.46;2018-06-01;Pre-covid;Pre-covid
2018;06;Madrid;Brocoli;494.58;909.26;1.84;21.33;0.08;0.15;2018-06-01;Pre-covid;Pre-covid
2018;06;Madrid;Alcachofas;301.9;528.47;1.75;10.92;0.05;0.08;2018-06-01;Pre-covid;Pre-covid
2018;06;Madrid;Verd /hort  iv gama;3507.96;10080.52;2.87;71.74;0.56;1.62;2018-06-01;Pre-covid;Pre-covid
2018;06;Murcia;Patatas;3669.44;3247.84;0.89;78.5;2.58;2.28;2018-06-01;Pre-covid;Pre-covid
2018;06;Murcia;Patatas frescas;2846.11;2341.22;0.82;63.02;2.0;1.64;2018-06-01;Pre-covid;Pre-covid
2018;06;Murcia;Patatas congeladas;102.65;127.92;1.25;7.94;0.07;0.09;2018-06-01;Pre-covid;Pre-covid
2018;06;Murcia;Patatas procesadas;144.13;778.7;5.4;43.18;0.1;0.55;2018-06-01;Pre-covid;Pre-covid
2018;06;Murcia;Hortalizas frescas;7254.53;11876.13;1.64;94.89;5.09;8.34;2018-06-01;Pre-covid;Pre-covid
2018;06;Murcia;Omates;1967.52;2647.2;1.35;83.11;1.38;1.86;2018-06-01;Pre-covid;Pre-covid
2018;06;Murcia;Cebollas;808.4;845.14;1.05;61.55;0.57;0.59;2018-06-01;Pre-covid;Pre-covid
2018;06;Murcia;Ajos;83.55;322.61;3.86;30.22;0.06;0.23;2018-06-01;Pre-covid;Pre-covid
2018;06;Murcia;Coles;31.19;28.1;0.9;6.23;0.02;0.02;2018-06-01;Pre-covid;Pre-covid
2018;06;Murcia;Pepinos;730.52;786.9;1.08;48.53;0.51;0.55;2018-06-01;Pre-covid;Pre-covid
2018;06;Murcia;Judias verdes;216.99;564.24;2.6;38.8;0.15;0.4;2018-06-01;Pre-covid;Pre-covid
2018;06;Murcia;Pimientos;511.45;998.88;1.95;66.06;0.36;0.7;2018-06-01;Pre-covid;Pre-covid
2018;06;Murcia;Champiñoneso setas;154.26;489.41;3.17;35.31;0.11;0.34;2018-06-01;Pre-covid;Pre-covid
2018;06;Murcia;Lechuga/esc /endivia;568.08;1478.88;2.6;61.1;0.4;1.04;2018-06-01;Pre-covid;Pre-covid
2018;06;Murcia;Esparragos;153.8;225.74;1.47;14.8;0.11;0.16;2018-06-01;Pre-covid;Pre-covid
2018;06;Murcia;Verduras de hoja;108.7;231.34;2.13;26.83;0.08;0.16;2018-06-01;Pre-covid;Pre-covid
2018;06;Murcia;Berenjenas;294.23;377.13;1.28;33.44;0.21;0.26;2018-06-01;Pre-covid;Pre-covid
2018;06;Murcia;Zanahorias;267.94;224.87;0.84;42.43;0.19;0.16;2018-06-01;Pre-covid;Pre-covid
2018;06;Murcia;Calabacines;576.25;707.79;1.23;44.69;0.4;0.5;2018-06-01;Pre-covid;Pre-covid
2018;06;Murcia;Otr hortalizas/verd ;781.65;1947.91;2.49;66.18;0.55;1.37;2018-06-01;Pre-covid;Pre-covid
2018;06;Murcia;Brocoli;78.02;114.79;1.47;12.85;0.05;0.08;2018-06-01;Pre-covid;Pre-covid
2018;06;Murcia;Alcachofas;76.36;134.04;1.76;15.21;0.05;0.09;2018-06-01;Pre-covid;Pre-covid
2018;06;Murcia;Verd /hort  iv gama;710.4;1851.67;2.61;64.2;0.5;1.3;2018-06-01;Pre-covid;Pre-covid
2018;06;Navarra;Patatas;1099.04;1098.44;1.0;72.68;1.86;1.85;2018-06-01;Pre-covid;Pre-covid
2018;06;Navarra;Patatas frescas;823.89;786.48;0.95;51.1;1.39;1.33;2018-06-01;Pre-covid;Pre-covid
2018;06;Navarra;Patatas congeladas;10.58;25.25;2.39;6.11;0.02;0.04;2018-06-01;Pre-covid;Pre-covid
2018;06;Navarra;Patatas procesadas;52.91;286.7;5.42;43.38;0.09;0.48;2018-06-01;Pre-covid;Pre-covid
2018;06;Navarra;Hortalizas frescas;2913.44;5419.53;1.86;98.26;4.92;9.15;2018-06-01;Pre-covid;Pre-covid
2018;06;Navarra;Omates;570.82;881.96;1.55;81.36;0.96;1.49;2018-06-01;Pre-covid;Pre-covid
2018;06;Navarra;Cebollas;336.87;398.68;1.18;64.98;0.57;0.67;2018-06-01;Pre-covid;Pre-covid
2018;06;Navarra;Ajos;11.94;67.25;5.63;16.63;0.02;0.11;2018-06-01;Pre-covid;Pre-covid
2018;06;Navarra;Coles;108.82;107.9;0.99;12.46;0.18;0.18;2018-06-01;Pre-covid;Pre-covid
2018;06;Navarra;Pepinos;93.45;116.4;1.25;29.87;0.16;0.2;2018-06-01;Pre-covid;Pre-covid
2018;06;Navarra;Judias verdes;126.82;362.97;2.86;39.37;0.21;0.61;2018-06-01;Pre-covid;Pre-covid
2018;06;Navarra;Pimientos;164.24;357.51;2.18;50.02;0.28;0.6;2018-06-01;Pre-covid;Pre-covid
2018;06;Navarra;Champiñoneso setas;135.22;333.13;2.46;47.06;0.23;0.56;2018-06-01;Pre-covid;Pre-covid
2018;06;Navarra;Lechuga/esc /endivia;278.05;929.12;3.34;58.81;0.47;1.57;2018-06-01;Pre-covid;Pre-covid
2018;06;Navarra;Esparragos;99.71;230.53;2.31;27.8;0.17;0.39;2018-06-01;Pre-covid;Pre-covid
2018;06;Navarra;Verduras de hoja;43.15;95.09;2.2;31.65;0.07;0.16;2018-06-01;Pre-covid;Pre-covid
2018;06;Navarra;Berenjenas;35.06;50.39;1.44;20.82;0.06;0.09;2018-06-01;Pre-covid;Pre-covid
2018;06;Navarra;Zanahorias;174.34;159.24;0.91;51.29;0.29;0.27;2018-06-01;Pre-covid;Pre-covid
2018;06;Navarra;Calabacines;153.46;178.83;1.17;43.75;0.26;0.3;2018-06-01;Pre-covid;Pre-covid
2018;06;Navarra;Otr hortalizas/verd ;581.49;1150.53;1.98;79.22;0.98;1.94;2018-06-01;Pre-covid;Pre-covid
2018;06;Navarra;Brocoli;211.69;146.49;0.69;27.9;0.36;0.25;2018-06-01;Pre-covid;Pre-covid
2018;06;Navarra;Alcachofas;46.72;93.45;2.0;13.62;0.08;0.16;2018-06-01;Pre-covid;Pre-covid
2018;06;Navarra;Verd /hort  iv gama;470.88;1141.11;2.42;68.86;0.79;1.93;2018-06-01;Pre-covid;Pre-covid
2018;06;Pais vasco;Patatas;5634.73;5005.37;0.89;81.82;2.72;2.42;2018-06-01;Pre-covid;Pre-covid
2018;06;Pais vasco;Patatas frescas;4149.9;3255.37;0.78;76.34;2.0;1.57;2018-06-01;Pre-covid;Pre-covid
2018;06;Pais vasco;Patatas congeladas;117.39;203.96;1.74;8.38;0.06;0.1;2018-06-01;Pre-covid;Pre-covid
2018;06;Pais vasco;Patatas procesadas;273.49;1546.04;5.65;47.38;0.13;0.75;2018-06-01;Pre-covid;Pre-covid
2018;06;Pais vasco;Hortalizas frescas;10868.31;20872.74;1.92;97.44;5.25;10.08;2018-06-01;Pre-covid;Pre-covid
2018;06;Pais vasco;Omates;2589.49;4567.59;1.76;79.64;1.25;2.21;2018-06-01;Pre-covid;Pre-covid
2018;06;Pais vasco;Cebollas;1315.02;1785.19;1.36;72.28;0.64;0.86;2018-06-01;Pre-covid;Pre-covid
2018;06;Pais vasco;Ajos;147.14;705.16;4.79;50.26;0.07;0.34;2018-06-01;Pre-covid;Pre-covid
2018;06;Pais vasco;Coles;160.64;185.18;1.15;12.99;0.08;0.09;2018-06-01;Pre-covid;Pre-covid
2018;06;Pais vasco;Pepinos;385.62;476.16;1.23;34.59;0.19;0.23;2018-06-01;Pre-covid;Pre-covid
2018;06;Pais vasco;Judias verdes;448.35;1028.28;2.29;38.06;0.22;0.5;2018-06-01;Pre-covid;Pre-covid
2018;06;Pais vasco;Pimientos;880.89;1862.32;2.11;67.0;0.43;0.9;2018-06-01;Pre-covid;Pre-covid
2018;06;Pais vasco;Champiñoneso setas;263.69;993.54;3.77;39.22;0.13;0.48;2018-06-01;Pre-covid;Pre-covid
2018;06;Pais vasco;Lechuga/esc /endivia;900.89;2476.63;2.75;72.46;0.44;1.2;2018-06-01;Pre-covid;Pre-covid
2018;06;Pais vasco;Esparragos;116.08;433.57;3.74;15.6;0.06;0.21;2018-06-01;Pre-covid;Pre-covid
2018;06;Pais vasco;Verduras de hoja;191.65;500.89;2.61;30.54;0.09;0.24;2018-06-01;Pre-covid;Pre-covid
2018;06;Pais vasco;Berenjenas;173.05;250.24;1.45;22.05;0.08;0.12;2018-06-01;Pre-covid;Pre-covid
2018;06;Pais vasco;Zanahorias;727.33;648.05;0.89;58.25;0.35;0.31;2018-06-01;Pre-covid;Pre-covid
2018;06;Pais vasco;Calabacines;949.65;1097.23;1.16;59.34;0.46;0.53;2018-06-01;Pre-covid;Pre-covid
2018;06;Pais vasco;Otr hortalizas/verd ;1618.83;3862.7;2.39;72.73;0.78;1.87;2018-06-01;Pre-covid;Pre-covid
2018;06;Pais vasco;Brocoli;169.87;289.43;1.7;20.52;0.08;0.14;2018-06-01;Pre-covid;Pre-covid
2018;06;Pais vasco;Alcachofas;104.52;170.68;1.63;10.35;0.05;0.08;2018-06-01;Pre-covid;Pre-covid
2018;06;Pais vasco;Verd /hort  iv gama;1298.59;3511.13;2.7;68.88;0.63;1.7;2018-06-01;Pre-covid;Pre-covid
2018;06;Valencia;Patatas;10077.34;9059.03;0.9;79.59;2.13;1.91;2018-06-01;Pre-covid;Pre-covid
2018;06;Valencia;Patatas frescas;6655.16;5374.75;0.81;64.54;1.41;1.14;2018-06-01;Pre-covid;Pre-covid
2018;06;Valencia;Patatas congeladas;358.95;452.06;1.26;11.3;0.08;0.1;2018-06-01;Pre-covid;Pre-covid
2018;06;Valencia;Patatas procesadas;612.65;3232.22;5.28;52.13;0.13;0.68;2018-06-01;Pre-covid;Pre-covid
2018;06;Valencia;Hortalizas frescas;24315.99;41390.07;1.7;96.82;5.14;8.75;2018-06-01;Pre-covid;Pre-covid
2018;06;Valencia;Omates;6295.6;9061.48;1.44;82.6;1.33;1.91;2018-06-01;Pre-covid;Pre-covid
2018;06;Valencia;Cebollas;3216.48;3153.24;0.98;66.27;0.68;0.67;2018-06-01;Pre-covid;Pre-covid
2018;06;Valencia;Ajos;161.6;688.75;4.26;21.95;0.03;0.15;2018-06-01;Pre-covid;Pre-covid
2018;06;Valencia;Coles;325.49;318.28;0.98;12.49;0.07;0.07;2018-06-01;Pre-covid;Pre-covid
2018;06;Valencia;Pepinos;1643.35;1886.61;1.15;53.91;0.35;0.4;2018-06-01;Pre-covid;Pre-covid
2018;06;Valencia;Judias verdes;671.01;1885.53;2.81;33.82;0.14;0.4;2018-06-01;Pre-covid;Pre-covid
2018;06;Valencia;Pimientos;1882.3;3577.53;1.9;59.82;0.4;0.76;2018-06-01;Pre-covid;Pre-covid
2018;06;Valencia;Champiñoneso setas;758.6;2597.22;3.42;47.68;0.16;0.55;2018-06-01;Pre-covid;Pre-covid
2018;06;Valencia;Lechuga/esc /endivia;1513.8;4520.7;2.99;62.55;0.32;0.96;2018-06-01;Pre-covid;Pre-covid
2018;06;Valencia;Esparragos;365.79;920.83;2.52;21.1;0.08;0.19;2018-06-01;Pre-covid;Pre-covid
2018;06;Valencia;Verduras de hoja;514.6;1247.43;2.42;25.67;0.11;0.26;2018-06-01;Pre-covid;Pre-covid
2018;06;Valencia;Berenjenas;1000.99;1291.52;1.29;34.4;0.21;0.27;2018-06-01;Pre-covid;Pre-covid
2018;06;Valencia;Zanahorias;1059.45;977.17;0.92;43.12;0.22;0.21;2018-06-01;Pre-covid;Pre-covid
2018;06;Valencia;Calabacines;1526.83;1747.59;1.14;49.62;0.32;0.37;2018-06-01;Pre-covid;Pre-covid
2018;06;Valencia;Otr hortalizas/verd ;3380.11;7516.19;2.22;76.67;0.71;1.59;2018-06-01;Pre-covid;Pre-covid
2018;06;Valencia;Brocoli;493.19;660.29;1.34;19.52;0.1;0.14;2018-06-01;Pre-covid;Pre-covid
2018;06;Valencia;Alcachofas;580.78;998.49;1.72;23.65;0.12;0.21;2018-06-01;Pre-covid;Pre-covid
2018;06;Valencia;Verd /hort  iv gama;2888.34;7808.95;2.7;70.36;0.61;1.65;2018-06-01;Pre-covid;Pre-covid
2018;06;Nacional;Frutas frescas;392425.29;636499.88;1.62;95.66;8.6;13.95;2018-06-01;Pre-covid;Pre-covid
2018;06;Nacional;Naranjas;60657.43;62105.51;1.02;47.04;1.33;1.36;2018-06-01;Pre-covid;Pre-covid
2018;06;Nacional;Mandarinas;3503.18;5503.12;1.57;11.3;0.08;0.12;2018-06-01;Pre-covid;Pre-covid
2018;06;Nacional;Limones;9540.56;18416.64;1.93;34.58;0.21;0.4;2018-06-01;Pre-covid;Pre-covid
2018;06;Nacional;Platanos;42611.11;71599.46;1.68;75.77;0.93;1.57;2018-06-01;Pre-covid;Pre-covid
2018;06;Nacional;Manzanas;28131.23;49781.58;1.77;57.27;0.62;1.09;2018-06-01;Pre-covid;Pre-covid
2018;06;Nacional;Peras;13379.43;22323.86;1.67;40.45;0.29;0.49;2018-06-01;Pre-covid;Pre-covid
2018;06;Nacional;Melocotones;19817.35;35958.8;1.81;47.6;0.43;0.79;2018-06-01;Pre-covid;Pre-covid
2018;06;Nacional;Nectarinas;12491.1;21392.25;1.71;33.82;0.27;0.47;2018-06-01;Pre-covid;Pre-covid
2018;06;Nacional;Albaricoques;17365.34;32713.66;1.88;46.67;0.38;0.72;2018-06-01;Pre-covid;Pre-covid
2018;06;Nacional;Fresas/freson;6142.81;16971.72;2.76;28.14;0.13;0.37;2018-06-01;Pre-covid;Pre-covid
2018;06;Nacional;Melon;40677.26;45755.94;1.12;50.13;0.89;1.0;2018-06-01;Pre-covid;Pre-covid
2018;06;Nacional;Sandia;69532.98;64545.87;0.93;53.04;1.52;1.41;2018-06-01;Pre-covid;Pre-covid
2018;06;Nacional;Ciruelas;2626.76;5483.45;2.09;14.75;0.06;0.12;2018-06-01;Pre-covid;Pre-covid
2018;06;Nacional;Cerezas;23388.19;75012.07;3.21;56.92;0.51;1.64;2018-06-01;Pre-covid;Pre-covid
2018;06;Nacional;Uvas;1786.66;5985.63;3.35;9.64;0.04;0.13;2018-06-01;Pre-covid;Pre-covid
2018;06;Nacional;Kiwi;9604.45;30194.17;3.14;32.09;0.21;0.66;2018-06-01;Pre-covid;Pre-covid
2018;06;Nacional;Aguacate;4518.54;15965.2;3.53;25.74;0.1;0.35;2018-06-01;Pre-covid;Pre-covid
2018;06;Nacional;Piña;7114.94;9643.89;1.36;17.88;0.16;0.21;2018-06-01;Pre-covid;Pre-covid
2018;06;Nacional;Otras frutas frescas;19535.98;47147.05;2.41;51.13;0.43;1.03;2018-06-01;Pre-covid;Pre-covid
2018;06;Nacional;Pomelo;1286.45;2191.65;1.7;3.23;0.03;0.05;2018-06-01;Pre-covid;Pre-covid
2018;06;Nacional;Chirimoya;0.0;0.0;0.0;0.0;0.0;0.0;2018-06-01;Pre-covid;Pre-covid
2018;06;Nacional;Frutas iv gama;16625.01;28715.53;1.73;28.76;0.36;0.63;2018-06-01;Pre-covid;Pre-covid
2018;06;Andalucia;Frutas frescas;64143.22;98222.8;1.53;95.03;7.38;11.3;2018-06-01;Pre-covid;Pre-covid
2018;06;Andalucia;Naranjas;7485.25;7283.68;0.97;41.99;0.86;0.84;2018-06-01;Pre-covid;Pre-covid
2018;06;Andalucia;Mandarinas;493.26;675.78;1.37;9.84;0.06;0.08;2018-06-01;Pre-covid;Pre-covid
2018;06;Andalucia;Limones;1284.5;2276.32;1.77;32.33;0.15;0.26;2018-06-01;Pre-covid;Pre-covid
2018;06;Andalucia;Platanos;7357.6;11727.66;1.59;75.69;0.85;1.35;2018-06-01;Pre-covid;Pre-covid
2018;06;Andalucia;Manzanas;4295.35;7361.53;1.71;51.96;0.49;0.85;2018-06-01;Pre-covid;Pre-covid
2018;06;Andalucia;Peras;2290.86;3657.52;1.6;41.3;0.26;0.42;2018-06-01;Pre-covid;Pre-covid
2018;06;Andalucia;Melocotones;2769.8;4740.68;1.71;43.0;0.32;0.55;2018-06-01;Pre-covid;Pre-covid
2018;06;Andalucia;Nectarinas;1434.27;2362.96;1.65;25.46;0.17;0.27;2018-06-01;Pre-covid;Pre-covid
2018;06;Andalucia;Albaricoques;2044.88;3631.76;1.78;39.25;0.24;0.42;2018-06-01;Pre-covid;Pre-covid
2018;06;Andalucia;Fresas/freson;1133.88;3181.34;2.81;27.9;0.13;0.37;2018-06-01;Pre-covid;Pre-covid
2018;06;Andalucia;Melon;7706.66;8365.23;1.09;52.17;0.89;0.96;2018-06-01;Pre-covid;Pre-covid
2018;06;Andalucia;Sandia;15214.77;13517.75;0.89;58.6;1.75;1.56;2018-06-01;Pre-covid;Pre-covid
2018;06;Andalucia;Ciruelas;416.71;807.86;1.94;13.33;0.05;0.09;2018-06-01;Pre-covid;Pre-covid
2018;06;Andalucia;Cerezas;3724.95;11737.55;3.15;57.42;0.43;1.35;2018-06-01;Pre-covid;Pre-covid
2018;06;Andalucia;Uvas;338.34;1110.31;3.28;10.9;0.04;0.13;2018-06-01;Pre-covid;Pre-covid
2018;06;Andalucia;Kiwi;1216.79;4041.75;3.32;30.29;0.14;0.47;2018-06-01;Pre-covid;Pre-covid
2018;06;Andalucia;Aguacate;698.38;2314.44;3.31;25.96;0.08;0.27;2018-06-01;Pre-covid;Pre-covid
2018;06;Andalucia;Piña;982.55;1352.84;1.38;16.36;0.11;0.16;2018-06-01;Pre-covid;Pre-covid
2018;06;Andalucia;Otras frutas frescas;3254.42;8075.83;2.48;48.98;0.37;0.93;2018-06-01;Pre-covid;Pre-covid
2018;06;Andalucia;Pomelo;139.25;192.44;1.38;2.76;0.02;0.02;2018-06-01;Pre-covid;Pre-covid
2018;06;Andalucia;Chirimoya;0.0;0.0;0.0;0.0;0.0;0.0;2018-06-01;Pre-covid;Pre-covid
2018;06;Andalucia;Frutas iv gama;2575.89;4473.42;1.74;32.47;0.3;0.51;2018-06-01;Pre-covid;Pre-covid
2018;06;Aragon;Frutas frescas;11666.7;19352.49;1.66;97.1;8.89;14.74;2018-06-01;Pre-covid;Pre-covid
2018;06;Aragon;Naranjas;1520.57;1534.59;1.01;51.4;1.16;1.17;2018-06-01;Pre-covid;Pre-covid
2018;06;Aragon;Mandarinas;128.61;267.28;2.08;15.05;0.1;0.2;2018-06-01;Pre-covid;Pre-covid
2018;06;Aragon;Limones;195.25;387.8;1.99;30.33;0.15;0.3;2018-06-01;Pre-covid;Pre-covid
2018;06;Aragon;Platanos;1275.99;2239.71;1.76;81.28;0.97;1.71;2018-06-01;Pre-covid;Pre-covid
2018;06;Aragon;Manzanas;745.57;1278.0;1.71;53.42;0.57;0.97;2018-06-01;Pre-covid;Pre-covid
2018;06;Aragon;Peras;356.34;613.38;1.72;37.79;0.27;0.47;2018-06-01;Pre-covid;Pre-covid
2018;06;Aragon;Melocotones;418.4;815.83;1.95;44.59;0.32;0.62;2018-06-01;Pre-covid;Pre-covid
2018;06;Aragon;Nectarinas;398.52;670.23;1.68;33.62;0.3;0.51;2018-06-01;Pre-covid;Pre-covid
2018;06;Aragon;Albaricoques;683.62;1198.54;1.75;51.79;0.52;0.91;2018-06-01;Pre-covid;Pre-covid
2018;06;Aragon;Fresas/freson;180.44;449.69;2.49;21.28;0.14;0.34;2018-06-01;Pre-covid;Pre-covid
2018;06;Aragon;Melon;1276.74;1436.32;1.12;55.6;0.97;1.09;2018-06-01;Pre-covid;Pre-covid
2018;06;Aragon;Sandia;2036.75;1956.59;0.96;57.51;1.55;1.49;2018-06-01;Pre-covid;Pre-covid
2018;06;Aragon;Ciruelas;62.75;125.28;2.0;12.11;0.05;0.1;2018-06-01;Pre-covid;Pre-covid
2018;06;Aragon;Cerezas;1128.86;3407.77;3.02;63.04;0.86;2.6;2018-06-01;Pre-covid;Pre-covid
2018;06;Aragon;Uvas;23.93;81.82;3.42;6.12;0.02;0.06;2018-06-01;Pre-covid;Pre-covid
2018;06;Aragon;Kiwi;270.44;884.73;3.27;32.98;0.21;0.67;2018-06-01;Pre-covid;Pre-covid
2018;06;Aragon;Aguacate;180.57;603.26;3.34;22.57;0.14;0.46;2018-06-01;Pre-covid;Pre-covid
2018;06;Aragon;Piña;337.22;417.04;1.24;23.4;0.26;0.32;2018-06-01;Pre-covid;Pre-covid
2018;06;Aragon;Otras frutas frescas;446.14;984.62;2.21;41.97;0.34;0.75;2018-06-01;Pre-covid;Pre-covid
2018;06;Aragon;Pomelo;5.16;8.11;1.57;0.92;0.0;0.01;2018-06-01;Pre-covid;Pre-covid
2018;06;Aragon;Chirimoya;0.0;0.0;0.0;0.0;0.0;0.0;2018-06-01;Pre-covid;Pre-covid
2018;06;Aragon;Frutas iv gama;417.28;709.4;1.7;24.95;0.32;0.54;2018-06-01;Pre-covid;Pre-covid
2018;06;Asturias;Frutas frescas;9348.9;16469.55;1.76;96.19;8.62;15.19;2018-06-01;Pre-covid;Pre-covid
2018;06;Asturias;Naranjas;1388.44;1382.68;1.0;52.05;1.28;1.28;2018-06-01;Pre-covid;Pre-covid
2018;06;Asturias;Mandarinas;152.46;224.59;1.47;25.75;0.14;0.21;2018-06-01;Pre-covid;Pre-covid
2018;06;Asturias;Limones;161.88;333.76;2.06;34.98;0.15;0.31;2018-06-01;Pre-covid;Pre-covid
2018;06;Asturias;Platanos;1308.06;2369.6;1.81;83.29;1.21;2.19;2018-06-01;Pre-covid;Pre-covid
2018;06;Asturias;Manzanas;784.88;1511.1;1.93;65.5;0.72;1.39;2018-06-01;Pre-covid;Pre-covid
2018;06;Asturias;Peras;262.79;423.98;1.61;31.19;0.24;0.39;2018-06-01;Pre-covid;Pre-covid
2018;06;Asturias;Melocotones;544.26;932.85;1.71;54.98;0.5;0.86;2018-06-01;Pre-covid;Pre-covid
2018;06;Asturias;Nectarinas;579.91;1012.17;1.75;53.27;0.53;0.93;2018-06-01;Pre-covid;Pre-covid
2018;06;Asturias;Albaricoques;444.79;867.45;1.95;55.91;0.41;0.8;2018-06-01;Pre-covid;Pre-covid
2018;06;Asturias;Fresas/freson;203.8;563.24;2.76;32.4;0.19;0.52;2018-06-01;Pre-covid;Pre-covid
2018;06;Asturias;Melon;857.05;1060.83;1.24;45.46;0.79;0.98;2018-06-01;Pre-covid;Pre-covid
2018;06;Asturias;Sandia;858.6;842.41;0.98;38.58;0.79;0.78;2018-06-01;Pre-covid;Pre-covid
2018;06;Asturias;Ciruelas;50.86;99.16;1.95;18.46;0.05;0.09;2018-06-01;Pre-covid;Pre-covid
2018;06;Asturias;Cerezas;608.15;2019.38;3.32;61.03;0.56;1.86;2018-06-01;Pre-covid;Pre-covid
2018;06;Asturias;Uvas;35.8;125.71;3.51;10.3;0.03;0.12;2018-06-01;Pre-covid;Pre-covid
2018;06;Asturias;Kiwi;318.46;990.11;3.11;35.67;0.29;0.91;2018-06-01;Pre-covid;Pre-covid
2018;06;Asturias;Aguacate;68.64;272.02;3.96;22.9;0.06;0.25;2018-06-01;Pre-covid;Pre-covid
2018;06;Asturias;Piña;216.96;268.21;1.24;21.79;0.2;0.25;2018-06-01;Pre-covid;Pre-covid
2018;06;Asturias;Otras frutas frescas;503.13;1170.29;2.33;63.44;0.46;1.08;2018-06-01;Pre-covid;Pre-covid
2018;06;Asturias;Pomelo;66.15;122.8;1.86;4.2;0.06;0.11;2018-06-01;Pre-covid;Pre-covid
2018;06;Asturias;Chirimoya;0.0;0.0;0.0;0.0;0.0;0.0;2018-06-01;Pre-covid;Pre-covid
2018;06;Asturias;Frutas iv gama;313.11;600.4;1.92;31.15;0.29;0.55;2018-06-01;Pre-covid;Pre-covid
2018;06;Baleares;Frutas frescas;8783.08;15233.97;1.73;93.8;8.53;14.79;2018-06-01;Pre-covid;Pre-covid
2018;06;Baleares;Naranjas;1199.08;1291.54;1.08;33.41;1.16;1.25;2018-06-01;Pre-covid;Pre-covid
2018;06;Baleares;Mandarinas;41.22;63.59;1.54;10.33;0.04;0.06;2018-06-01;Pre-covid;Pre-covid
2018;06;Baleares;Limones;179.96;333.4;1.85;26.58;0.17;0.32;2018-06-01;Pre-covid;Pre-covid
2018;06;Baleares;Platanos;1003.26;1661.62;1.66;69.25;0.97;1.61;2018-06-01;Pre-covid;Pre-covid
2018;06;Baleares;Manzanas;647.3;1188.43;1.84;63.32;0.63;1.15;2018-06-01;Pre-covid;Pre-covid
2018;06;Baleares;Peras;296.95;515.83;1.74;41.4;0.29;0.5;2018-06-01;Pre-covid;Pre-covid
2018;06;Baleares;Melocotones;345.33;696.72;2.02;44.38;0.34;0.68;2018-06-01;Pre-covid;Pre-covid
2018;06;Baleares;Nectarinas;192.66;438.21;2.27;25.35;0.19;0.43;2018-06-01;Pre-covid;Pre-covid
2018;06;Baleares;Albaricoques;496.94;1049.17;2.11;41.98;0.48;1.02;2018-06-01;Pre-covid;Pre-covid
2018;06;Baleares;Fresas/freson;178.76;498.97;2.79;31.72;0.17;0.48;2018-06-01;Pre-covid;Pre-covid
2018;06;Baleares;Melon;1120.12;1292.04;1.15;56.49;1.09;1.25;2018-06-01;Pre-covid;Pre-covid
2018;06;Baleares;Sandia;1530.93;1494.95;0.98;46.88;1.49;1.45;2018-06-01;Pre-covid;Pre-covid
2018;06;Baleares;Ciruelas;51.81;121.63;2.35;12.99;0.05;0.12;2018-06-01;Pre-covid;Pre-covid
2018;06;Baleares;Cerezas;495.33;1727.48;3.49;58.9;0.48;1.68;2018-06-01;Pre-covid;Pre-covid
2018;06;Baleares;Uvas;43.76;166.89;3.81;10.68;0.04;0.16;2018-06-01;Pre-covid;Pre-covid
2018;06;Baleares;Kiwi;223.8;794.47;3.55;31.81;0.22;0.77;2018-06-01;Pre-covid;Pre-covid
2018;06;Baleares;Aguacate;136.61;553.89;4.05;34.96;0.13;0.54;2018-06-01;Pre-covid;Pre-covid
2018;06;Baleares;Piña;250.62;327.22;1.31;22.67;0.24;0.32;2018-06-01;Pre-covid;Pre-covid
2018;06;Baleares;Otras frutas frescas;348.65;1017.91;2.92;52.46;0.34;0.99;2018-06-01;Pre-covid;Pre-covid
2018;06;Baleares;Pomelo;7.54;13.2;1.75;1.29;0.01;0.01;2018-06-01;Pre-covid;Pre-covid
2018;06;Baleares;Chirimoya;0.0;0.0;0.0;0.0;0.0;0.0;2018-06-01;Pre-covid;Pre-covid
2018;06;Baleares;Frutas iv gama;348.34;631.82;1.81;18.39;0.34;0.61;2018-06-01;Pre-covid;Pre-covid
2018;06;Canarias;Frutas frescas;16781.4;27787.42;1.66;98.62;7.68;12.71;2018-06-01;Pre-covid;Pre-covid
2018;06;Canarias;Naranjas;2936.3;3037.0;1.03;47.0;1.34;1.39;2018-06-01;Pre-covid;Pre-covid
2018;06;Canarias;Mandarinas;232.83;390.81;1.68;13.99;0.11;0.18;2018-06-01;Pre-covid;Pre-covid
2018;06;Canarias;Limones;475.42;933.38;1.96;36.6;0.22;0.43;2018-06-01;Pre-covid;Pre-covid
2018;06;Canarias;Platanos;2688.46;3693.82;1.37;76.27;1.23;1.69;2018-06-01;Pre-covid;Pre-covid
2018;06;Canarias;Manzanas;1653.43;3190.66;1.93;65.15;0.76;1.46;2018-06-01;Pre-covid;Pre-covid
2018;06;Canarias;Peras;948.65;1587.62;1.67;50.63;0.43;0.73;2018-06-01;Pre-covid;Pre-covid
2018;06;Canarias;Melocotones;498.36;877.54;1.76;36.75;0.23;0.4;2018-06-01;Pre-covid;Pre-covid
2018;06;Canarias;Nectarinas;378.4;748.82;1.98;31.57;0.17;0.34;2018-06-01;Pre-covid;Pre-covid
2018;06;Canarias;Albaricoques;475.09;1062.17;2.24;35.83;0.22;0.49;2018-06-01;Pre-covid;Pre-covid
2018;06;Canarias;Fresas/freson;156.21;608.32;3.89;23.33;0.07;0.28;2018-06-01;Pre-covid;Pre-covid
2018;06;Canarias;Melon;1384.38;1704.33;1.23;48.79;0.63;0.78;2018-06-01;Pre-covid;Pre-covid
2018;06;Canarias;Sandia;2435.83;2371.97;0.97;51.23;1.11;1.08;2018-06-01;Pre-covid;Pre-covid
2018;06;Canarias;Ciruelas;141.3;348.96;2.47;17.44;0.06;0.16;2018-06-01;Pre-covid;Pre-covid
2018;06;Canarias;Cerezas;413.54;1420.5;3.43;42.48;0.19;0.65;2018-06-01;Pre-covid;Pre-covid
2018;06;Canarias;Uvas;140.31;459.54;3.28;16.31;0.06;0.21;2018-06-01;Pre-covid;Pre-covid
2018;06;Canarias;Kiwi;477.87;1306.7;2.73;22.74;0.22;0.6;2018-06-01;Pre-covid;Pre-covid
2018;06;Canarias;Aguacate;393.95;1550.64;3.94;33.15;0.18;0.71;2018-06-01;Pre-covid;Pre-covid
2018;06;Canarias;Piña;59.49;212.73;3.58;5.02;0.03;0.1;2018-06-01;Pre-covid;Pre-covid
2018;06;Canarias;Otras frutas frescas;891.59;2281.91;2.56;45.42;0.41;1.04;2018-06-01;Pre-covid;Pre-covid
2018;06;Canarias;Pomelo;59.46;110.03;1.85;2.36;0.03;0.05;2018-06-01;Pre-covid;Pre-covid
2018;06;Canarias;Chirimoya;0.0;0.0;0.0;0.0;0.0;0.0;2018-06-01;Pre-covid;Pre-covid
2018;06;Canarias;Frutas iv gama;1344.36;1874.39;1.39;29.71;0.61;0.86;2018-06-01;Pre-covid;Pre-covid
2018;06;Cantabria;Frutas frescas;4978.58;8163.82;1.64;96.32;8.94;14.67;2018-06-01;Pre-covid;Pre-covid
2018;06;Cantabria;Naranjas;1151.35;1385.67;1.2;54.95;2.07;2.49;2018-06-01;Pre-covid;Pre-covid
2018;06;Cantabria;Mandarinas;39.42;57.34;1.45;11.14;0.07;0.1;2018-06-01;Pre-covid;Pre-covid
2018;06;Cantabria;Limones;75.19;163.24;2.17;28.33;0.14;0.29;2018-06-01;Pre-covid;Pre-covid
2018;06;Cantabria;Platanos;419.39;684.26;1.63;64.94;0.75;1.23;2018-06-01;Pre-covid;Pre-covid
2018;06;Cantabria;Manzanas;370.83;639.27;1.72;56.73;0.67;1.15;2018-06-01;Pre-covid;Pre-covid
2018;06;Cantabria;Peras;102.59;180.97;1.76;27.97;0.18;0.33;2018-06-01;Pre-covid;Pre-covid
2018;06;Cantabria;Melocotones;278.71;511.67;1.84;38.15;0.5;0.92;2018-06-01;Pre-covid;Pre-covid
2018;06;Cantabria;Nectarinas;310.83;479.07;1.54;49.42;0.56;0.86;2018-06-01;Pre-covid;Pre-covid
2018;06;Cantabria;Albaricoques;225.85;418.22;1.85;50.01;0.41;0.75;2018-06-01;Pre-covid;Pre-covid
2018;06;Cantabria;Fresas/freson;96.24;261.34;2.72;37.62;0.17;0.47;2018-06-01;Pre-covid;Pre-covid
2018;06;Cantabria;Melon;492.19;506.89;1.03;46.24;0.88;0.91;2018-06-01;Pre-covid;Pre-covid
2018;06;Cantabria;Sandia;499.63;437.74;0.88;39.28;0.9;0.79;2018-06-01;Pre-covid;Pre-covid
2018;06;Cantabria;Ciruelas;14.93;33.53;2.25;15.22;0.03;0.06;2018-06-01;Pre-covid;Pre-covid
2018;06;Cantabria;Cerezas;301.47;1071.53;3.55;58.22;0.54;1.93;2018-06-01;Pre-covid;Pre-covid
2018;06;Cantabria;Uvas;3.63;9.29;2.56;2.07;0.01;0.02;2018-06-01;Pre-covid;Pre-covid
2018;06;Cantabria;Kiwi;129.09;480.78;3.72;23.98;0.23;0.86;2018-06-01;Pre-covid;Pre-covid
2018;06;Cantabria;Aguacate;31.81;124.41;3.91;23.19;0.06;0.22;2018-06-01;Pre-covid;Pre-covid
2018;06;Cantabria;Piña;104.65;98.57;0.94;24.28;0.19;0.18;2018-06-01;Pre-covid;Pre-covid
2018;06;Cantabria;Otras frutas frescas;330.8;620.03;1.87;46.74;0.59;1.11;2018-06-01;Pre-covid;Pre-covid
2018;06;Cantabria;Pomelo;13.53;21.63;1.6;2.1;0.02;0.04;2018-06-01;Pre-covid;Pre-covid
2018;06;Cantabria;Chirimoya;0.0;0.0;0.0;0.0;0.0;0.0;2018-06-01;Pre-covid;Pre-covid
2018;06;Cantabria;Frutas iv gama;162.89;291.87;1.79;29.71;0.29;0.52;2018-06-01;Pre-covid;Pre-covid
2018;06;Castilla la mancha;Frutas frescas;17667.7;25428.72;1.44;94.25;8.42;12.12;2018-06-01;Pre-covid;Pre-covid
2018;06;Castilla la mancha;Naranjas;3037.8;2927.35;0.96;54.75;1.45;1.4;2018-06-01;Pre-covid;Pre-covid
2018;06;Castilla la mancha;Mandarinas;123.76;198.21;1.6;10.98;0.06;0.09;2018-06-01;Pre-covid;Pre-covid
2018;06;Castilla la mancha;Limones;400.22;784.41;1.96;38.67;0.19;0.37;2018-06-01;Pre-covid;Pre-covid
2018;06;Castilla la mancha;Platanos;1991.96;3349.26;1.68;78.82;0.95;1.6;2018-06-01;Pre-covid;Pre-covid
2018;06;Castilla la mancha;Manzanas;1065.84;1812.71;1.7;54.29;0.51;0.86;2018-06-01;Pre-covid;Pre-covid
2018;06;Castilla la mancha;Peras;576.95;967.35;1.68;43.84;0.28;0.46;2018-06-01;Pre-covid;Pre-covid
2018;06;Castilla la mancha;Melocotones;770.61;1385.45;1.8;51.08;0.37;0.66;2018-06-01;Pre-covid;Pre-covid
2018;06;Castilla la mancha;Nectarinas;439.45;735.86;1.67;26.69;0.21;0.35;2018-06-01;Pre-covid;Pre-covid
2018;06;Castilla la mancha;Albaricoques;815.2;1477.82;1.81;51.84;0.39;0.7;2018-06-01;Pre-covid;Pre-covid
2018;06;Castilla la mancha;Fresas/freson;197.91;520.34;2.63;27.92;0.09;0.25;2018-06-01;Pre-covid;Pre-covid
2018;06;Castilla la mancha;Melon;1451.73;1455.35;1.0;40.3;0.69;0.69;2018-06-01;Pre-covid;Pre-covid
2018;06;Castilla la mancha;Sandia;4518.15;3946.54;0.87;57.54;2.15;1.88;2018-06-01;Pre-covid;Pre-covid
2018;06;Castilla la mancha;Ciruelas;106.19;196.62;1.85;18.66;0.05;0.09;2018-06-01;Pre-covid;Pre-covid
2018;06;Castilla la mancha;Cerezas;604.89;2035.82;3.37;47.28;0.29;0.97;2018-06-01;Pre-covid;Pre-covid
2018;06;Castilla la mancha;Uvas;40.7;135.47;3.33;4.85;0.02;0.06;2018-06-01;Pre-covid;Pre-covid
2018;06;Castilla la mancha;Kiwi;474.6;1263.81;2.66;40.89;0.23;0.6;2018-06-01;Pre-covid;Pre-covid
2018;06;Castilla la mancha;Aguacate;175.89;607.78;3.46;17.44;0.08;0.29;2018-06-01;Pre-covid;Pre-covid
2018;06;Castilla la mancha;Piña;282.99;334.85;1.18;15.08;0.13;0.16;2018-06-01;Pre-covid;Pre-covid
2018;06;Castilla la mancha;Otras frutas frescas;592.86;1293.71;2.18;45.57;0.28;0.62;2018-06-01;Pre-covid;Pre-covid
2018;06;Castilla la mancha;Pomelo;42.28;84.44;2.0;2.98;0.02;0.04;2018-06-01;Pre-covid;Pre-covid
2018;06;Castilla la mancha;Chirimoya;0.0;0.0;0.0;0.0;0.0;0.0;2018-06-01;Pre-covid;Pre-covid
2018;06;Castilla la mancha;Frutas iv gama;787.16;1258.26;1.6;29.71;0.38;0.6;2018-06-01;Pre-covid;Pre-covid
2018;06;Castilla leon;Frutas frescas;23319.79;35631.39;1.53;96.56;9.53;14.56;2018-06-01;Pre-covid;Pre-covid
2018;06;Castilla leon;Naranjas;4750.56;4700.04;0.99;61.32;1.94;1.92;2018-06-01;Pre-covid;Pre-covid
2018;06;Castilla leon;Mandarinas;217.03;326.13;1.5;12.89;0.09;0.13;2018-06-01;Pre-covid;Pre-covid
2018;06;Castilla leon;Limones;627.86;1319.19;2.1;41.58;0.26;0.54;2018-06-01;Pre-covid;Pre-covid
2018;06;Castilla leon;Platanos;2404.56;3973.26;1.65;80.08;0.98;1.62;2018-06-01;Pre-covid;Pre-covid
2018;06;Castilla leon;Manzanas;1715.94;2753.93;1.6;61.1;0.7;1.13;2018-06-01;Pre-covid;Pre-covid
2018;06;Castilla leon;Peras;901.37;1440.58;1.6;49.94;0.37;0.59;2018-06-01;Pre-covid;Pre-covid
2018;06;Castilla leon;Melocotones;1013.38;1652.98;1.63;50.48;0.41;0.68;2018-06-01;Pre-covid;Pre-covid
2018;06;Castilla leon;Nectarinas;899.24;1487.68;1.65;44.98;0.37;0.61;2018-06-01;Pre-covid;Pre-covid
2018;06;Castilla leon;Albaricoques;1085.26;1856.56;1.71;44.02;0.44;0.76;2018-06-01;Pre-covid;Pre-covid
2018;06;Castilla leon;Fresas/freson;337.25;855.71;2.54;29.96;0.14;0.35;2018-06-01;Pre-covid;Pre-covid
2018;06;Castilla leon;Melon;2125.87;2236.68;1.05;51.88;0.87;0.91;2018-06-01;Pre-covid;Pre-covid
2018;06;Castilla leon;Sandia;3394.16;2931.37;0.86;53.03;1.39;1.2;2018-06-01;Pre-covid;Pre-covid
2018;06;Castilla leon;Ciruelas;83.81;166.75;1.99;11.56;0.03;0.07;2018-06-01;Pre-covid;Pre-covid
2018;06;Castilla leon;Cerezas;1260.67;3620.54;2.87;51.22;0.52;1.48;2018-06-01;Pre-covid;Pre-covid
2018;06;Castilla leon;Uvas;92.21;244.13;2.65;8.81;0.04;0.1;2018-06-01;Pre-covid;Pre-covid
2018;06;Castilla leon;Kiwi;688.58;2300.86;3.34;36.83;0.28;0.94;2018-06-01;Pre-covid;Pre-covid
2018;06;Castilla leon;Aguacate;260.66;869.32;3.34;26.9;0.11;0.36;2018-06-01;Pre-covid;Pre-covid
2018;06;Castilla leon;Piña;408.36;516.02;1.26;19.98;0.17;0.21;2018-06-01;Pre-covid;Pre-covid
2018;06;Castilla leon;Otras frutas frescas;1053.02;2379.66;2.26;55.0;0.43;0.97;2018-06-01;Pre-covid;Pre-covid
2018;06;Castilla leon;Pomelo;88.95;153.87;1.73;4.37;0.04;0.06;2018-06-01;Pre-covid;Pre-covid
2018;06;Castilla leon;Chirimoya;0.0;0.0;0.0;0.0;0.0;0.0;2018-06-01;Pre-covid;Pre-covid
2018;06;Castilla leon;Frutas iv gama;884.33;1385.21;1.57;28.25;0.36;0.57;2018-06-01;Pre-covid;Pre-covid
2018;06;Cataluña;Frutas frescas;62341.55;108858.1;1.75;95.96;9.01;15.73;2018-06-01;Pre-covid;Pre-covid
2018;06;Cataluña;Naranjas;8291.59;9184.74;1.11;45.25;1.2;1.33;2018-06-01;Pre-covid;Pre-covid
2018;06;Cataluña;Mandarinas;715.41;1087.32;1.52;13.79;0.1;0.16;2018-06-01;Pre-covid;Pre-covid
2018;06;Cataluña;Limones;1745.08;3467.3;1.99;38.77;0.25;0.5;2018-06-01;Pre-covid;Pre-covid
2018;06;Cataluña;Platanos;6045.41;11140.15;1.84;73.53;0.87;1.61;2018-06-01;Pre-covid;Pre-covid
2018;06;Cataluña;Manzanas;4313.78;8122.05;1.88;57.79;0.62;1.17;2018-06-01;Pre-covid;Pre-covid
2018;06;Cataluña;Peras;1862.59;3333.69;1.79;37.7;0.27;0.48;2018-06-01;Pre-covid;Pre-covid
2018;06;Cataluña;Melocotones;4573.9;8971.3;1.96;56.76;0.66;1.3;2018-06-01;Pre-covid;Pre-covid
2018;06;Cataluña;Nectarinas;1685.93;3127.31;1.85;37.56;0.24;0.45;2018-06-01;Pre-covid;Pre-covid
2018;06;Cataluña;Albaricoques;2630.42;5201.43;1.98;48.31;0.38;0.75;2018-06-01;Pre-covid;Pre-covid
2018;06;Cataluña;Fresas/freson;972.36;2990.54;3.08;30.38;0.14;0.43;2018-06-01;Pre-covid;Pre-covid
2018;06;Cataluña;Melon;7499.52;9075.92;1.21;54.03;1.08;1.31;2018-06-01;Pre-covid;Pre-covid
2018;06;Cataluña;Sandia;11364.18;11714.27;1.03;58.63;1.64;1.69;2018-06-01;Pre-covid;Pre-covid
2018;06;Cataluña;Ciruelas;419.47;1027.7;2.45;13.21;0.06;0.15;2018-06-01;Pre-covid;Pre-covid
2018;06;Cataluña;Cerezas;3855.44;13079.89;3.39;60.27;0.56;1.89;2018-06-01;Pre-covid;Pre-covid
2018;06;Cataluña;Uvas;267.42;953.31;3.56;9.65;0.04;0.14;2018-06-01;Pre-covid;Pre-covid
2018;06;Cataluña;Kiwi;1427.57;4869.17;3.41;31.02;0.21;0.7;2018-06-01;Pre-covid;Pre-covid
2018;06;Cataluña;Aguacate;793.2;2796.19;3.53;28.81;0.11;0.4;2018-06-01;Pre-covid;Pre-covid
2018;06;Cataluña;Piña;1285.44;1795.15;1.4;18.03;0.19;0.26;2018-06-01;Pre-covid;Pre-covid
2018;06;Cataluña;Otras frutas frescas;2592.82;6920.67;2.67;50.51;0.37;1.0;2018-06-01;Pre-covid;Pre-covid
2018;06;Cataluña;Pomelo;201.72;338.54;1.68;2.8;0.03;0.05;2018-06-01;Pre-covid;Pre-covid
2018;06;Cataluña;Chirimoya;0.0;0.0;0.0;0.0;0.0;0.0;2018-06-01;Pre-covid;Pre-covid
2018;06;Cataluña;Frutas iv gama;3094.7;5772.0;1.87;32.36;0.45;0.83;2018-06-01;Pre-covid;Pre-covid
2018;06;Extremadura;Frutas frescas;9041.44;13441.33;1.49;90.36;7.67;11.4;2018-06-01;Pre-covid;Pre-covid
2018;06;Extremadura;Naranjas;1866.35;1775.28;0.95;54.42;1.58;1.51;2018-06-01;Pre-covid;Pre-covid
2018;06;Extremadura;Mandarinas;71.83;110.35;1.54;13.72;0.06;0.09;2018-06-01;Pre-covid;Pre-covid
2018;06;Extremadura;Limones;110.99;192.22;1.73;22.68;0.09;0.16;2018-06-01;Pre-covid;Pre-covid
2018;06;Extremadura;Platanos;894.69;1358.29;1.52;73.43;0.76;1.15;2018-06-01;Pre-covid;Pre-covid
2018;06;Extremadura;Manzanas;586.66;983.96;1.68;62.18;0.5;0.83;2018-06-01;Pre-covid;Pre-covid
2018;06;Extremadura;Peras;391.28;582.37;1.49;42.4;0.33;0.49;2018-06-01;Pre-covid;Pre-covid
2018;06;Extremadura;Melocotones;429.62;685.25;1.6;38.95;0.36;0.58;2018-06-01;Pre-covid;Pre-covid
2018;06;Extremadura;Nectarinas;190.72;328.27;1.72;25.18;0.16;0.28;2018-06-01;Pre-covid;Pre-covid
2018;06;Extremadura;Albaricoques;327.29;626.49;1.91;37.44;0.28;0.53;2018-06-01;Pre-covid;Pre-covid
2018;06;Extremadura;Fresas/freson;216.43;532.93;2.46;23.59;0.18;0.45;2018-06-01;Pre-covid;Pre-covid
2018;06;Extremadura;Melon;819.88;870.12;1.06;46.85;0.7;0.74;2018-06-01;Pre-covid;Pre-covid
2018;06;Extremadura;Sandia;1835.25;1684.7;0.92;49.36;1.56;1.43;2018-06-01;Pre-covid;Pre-covid
2018;06;Extremadura;Ciruelas;59.83;122.13;2.04;15.8;0.05;0.1;2018-06-01;Pre-covid;Pre-covid
2018;06;Extremadura;Cerezas;595.95;2025.43;3.4;37.28;0.51;1.72;2018-06-01;Pre-covid;Pre-covid
2018;06;Extremadura;Uvas;18.45;72.35;3.92;5.38;0.02;0.06;2018-06-01;Pre-covid;Pre-covid
2018;06;Extremadura;Kiwi;208.16;616.13;2.96;34.6;0.18;0.52;2018-06-01;Pre-covid;Pre-covid
2018;06;Extremadura;Aguacate;39.99;131.79;3.3;14.19;0.03;0.11;2018-06-01;Pre-covid;Pre-covid
2018;06;Extremadura;Piña;82.17;123.99;1.51;8.45;0.07;0.11;2018-06-01;Pre-covid;Pre-covid
2018;06;Extremadura;Otras frutas frescas;295.92;619.27;2.09;42.2;0.25;0.53;2018-06-01;Pre-covid;Pre-covid
2018;06;Extremadura;Pomelo;7.05;13.95;1.98;3.1;0.01;0.01;2018-06-01;Pre-covid;Pre-covid
2018;06;Extremadura;Chirimoya;0.0;0.0;0.0;0.0;0.0;0.0;2018-06-01;Pre-covid;Pre-covid
2018;06;Extremadura;Frutas iv gama;380.4;716.33;1.88;29.89;0.32;0.61;2018-06-01;Pre-covid;Pre-covid
2018;06;Galicia;Frutas frescas;26038.38;45387.19;1.74;97.19;9.4;16.38;2018-06-01;Pre-covid;Pre-covid
2018;06;Galicia;Naranjas;4686.03;4975.73;1.06;56.32;1.69;1.8;2018-06-01;Pre-covid;Pre-covid
2018;06;Galicia;Mandarinas;228.42;377.88;1.65;12.8;0.08;0.14;2018-06-01;Pre-covid;Pre-covid
2018;06;Galicia;Limones;609.0;1077.0;1.77;30.03;0.22;0.39;2018-06-01;Pre-covid;Pre-covid
2018;06;Galicia;Platanos;3282.97;5904.55;1.8;78.22;1.19;2.13;2018-06-01;Pre-covid;Pre-covid
2018;06;Galicia;Manzanas;2170.48;3680.22;1.7;65.91;0.78;1.33;2018-06-01;Pre-covid;Pre-covid
2018;06;Galicia;Peras;935.18;1606.74;1.72;43.83;0.34;0.58;2018-06-01;Pre-covid;Pre-covid
2018;06;Galicia;Melocotones;1218.61;2161.78;1.77;53.15;0.44;0.78;2018-06-01;Pre-covid;Pre-covid
2018;06;Galicia;Nectarinas;1725.45;3123.2;1.81;55.69;0.62;1.13;2018-06-01;Pre-covid;Pre-covid
2018;06;Galicia;Albaricoques;881.88;1770.62;2.01;40.76;0.32;0.64;2018-06-01;Pre-covid;Pre-covid
2018;06;Galicia;Fresas/freson;612.66;1708.13;2.79;38.85;0.22;0.62;2018-06-01;Pre-covid;Pre-covid
2018;06;Galicia;Melon;2164.05;2348.59;1.09;49.74;0.78;0.85;2018-06-01;Pre-covid;Pre-covid
2018;06;Galicia;Sandia;2131.95;2035.38;0.95;45.02;0.77;0.73;2018-06-01;Pre-covid;Pre-covid
2018;06;Galicia;Ciruelas;245.09;548.55;2.24;22.77;0.09;0.2;2018-06-01;Pre-covid;Pre-covid
2018;06;Galicia;Cerezas;2090.07;6446.48;3.08;62.77;0.75;2.33;2018-06-01;Pre-covid;Pre-covid
2018;06;Galicia;Uvas;214.8;597.42;2.78;15.26;0.08;0.22;2018-06-01;Pre-covid;Pre-covid
2018;06;Galicia;Kiwi;873.11;2321.8;2.66;36.53;0.32;0.84;2018-06-01;Pre-covid;Pre-covid
2018;06;Galicia;Aguacate;258.98;948.87;3.66;22.92;0.09;0.34;2018-06-01;Pre-covid;Pre-covid
2018;06;Galicia;Piña;334.82;525.79;1.57;21.17;0.12;0.19;2018-06-01;Pre-covid;Pre-covid
2018;06;Galicia;Otras frutas frescas;1374.83;3228.47;2.35;55.99;0.5;1.17;2018-06-01;Pre-covid;Pre-covid
2018;06;Galicia;Pomelo;75.91;148.6;1.96;2.84;0.03;0.05;2018-06-01;Pre-covid;Pre-covid
2018;06;Galicia;Chirimoya;0.0;0.0;0.0;0.0;0.0;0.0;2018-06-01;Pre-covid;Pre-covid
2018;06;Galicia;Frutas iv gama;774.65;1673.53;2.16;23.92;0.28;0.6;2018-06-01;Pre-covid;Pre-covid
2018;06;La rioja;Frutas frescas;3198.46;4986.65;1.56;97.43;10.11;15.76;2018-06-01;Pre-covid;Pre-covid
2018;06;La rioja;Naranjas;1067.5;1086.16;1.02;52.51;3.37;3.43;2018-06-01;Pre-covid;Pre-covid
2018;06;La rioja;Mandarinas;60.82;83.22;1.37;20.71;0.19;0.26;2018-06-01;Pre-covid;Pre-covid
2018;06;La rioja;Limones;105.01;199.0;1.9;32.83;0.33;0.63;2018-06-01;Pre-covid;Pre-covid
2018;06;La rioja;Platanos;326.65;581.44;1.78;81.76;1.03;1.84;2018-06-01;Pre-covid;Pre-covid
2018;06;La rioja;Manzanas;188.57;353.97;1.88;59.36;0.6;1.12;2018-06-01;Pre-covid;Pre-covid
2018;06;La rioja;Peras;85.81;142.37;1.66;50.65;0.27;0.45;2018-06-01;Pre-covid;Pre-covid
2018;06;La rioja;Melocotones;165.21;288.22;1.74;44.11;0.52;0.91;2018-06-01;Pre-covid;Pre-covid
2018;06;La rioja;Nectarinas;74.7;139.74;1.87;30.33;0.24;0.44;2018-06-01;Pre-covid;Pre-covid
2018;06;La rioja;Albaricoques;93.89;191.69;2.04;31.56;0.3;0.61;2018-06-01;Pre-covid;Pre-covid
2018;06;La rioja;Fresas/freson;19.3;70.82;3.67;17.95;0.06;0.22;2018-06-01;Pre-covid;Pre-covid
2018;06;La rioja;Melon;155.87;185.43;1.19;37.95;0.49;0.59;2018-06-01;Pre-covid;Pre-covid
2018;06;La rioja;Sandia;356.98;320.47;0.9;42.04;1.13;1.01;2018-06-01;Pre-covid;Pre-covid
2018;06;La rioja;Ciruelas;6.99;17.87;2.56;5.73;0.02;0.06;2018-06-01;Pre-covid;Pre-covid
2018;06;La rioja;Cerezas;103.39;328.4;3.18;36.69;0.33;1.04;2018-06-01;Pre-covid;Pre-covid
2018;06;La rioja;Uvas;3.31;15.15;4.58;3.4;0.01;0.05;2018-06-01;Pre-covid;Pre-covid
2018;06;La rioja;Kiwi;52.7;190.68;3.62;28.69;0.17;0.6;2018-06-01;Pre-covid;Pre-covid
2018;06;La rioja;Aguacate;40.42;171.77;4.25;21.19;0.13;0.54;2018-06-01;Pre-covid;Pre-covid
2018;06;La rioja;Piña;96.81;133.73;1.38;20.56;0.31;0.42;2018-06-01;Pre-covid;Pre-covid
2018;06;La rioja;Otras frutas frescas;194.53;486.5;2.5;36.82;0.61;1.54;2018-06-01;Pre-covid;Pre-covid
2018;06;La rioja;Pomelo;3.62;5.78;1.6;4.51;0.01;0.02;2018-06-01;Pre-covid;Pre-covid
2018;06;La rioja;Chirimoya;0.0;0.0;0.0;0.0;0.0;0.0;2018-06-01;Pre-covid;Pre-covid
2018;06;La rioja;Frutas iv gama;86.0;205.56;2.39;33.48;0.27;0.65;2018-06-01;Pre-covid;Pre-covid
2018;06;Madrid;Frutas frescas;53576.52;88150.18;1.65;96.15;8.61;14.16;2018-06-01;Pre-covid;Pre-covid
2018;06;Madrid;Naranjas;7985.9;7936.53;0.99;54.35;1.28;1.28;2018-06-01;Pre-covid;Pre-covid
2018;06;Madrid;Mandarinas;509.19;921.1;1.81;11.27;0.08;0.15;2018-06-01;Pre-covid;Pre-covid
2018;06;Madrid;Limones;1448.66;3027.54;2.09;41.41;0.23;0.49;2018-06-01;Pre-covid;Pre-covid
2018;06;Madrid;Platanos;5331.05;9252.22;1.74;76.57;0.86;1.49;2018-06-01;Pre-covid;Pre-covid
2018;06;Madrid;Manzanas;3945.76;7162.69;1.82;57.03;0.63;1.15;2018-06-01;Pre-covid;Pre-covid
2018;06;Madrid;Peras;1904.4;3237.88;1.7;42.38;0.31;0.52;2018-06-01;Pre-covid;Pre-covid
2018;06;Madrid;Melocotones;2404.26;4560.15;1.9;50.38;0.39;0.73;2018-06-01;Pre-covid;Pre-covid
2018;06;Madrid;Nectarinas;1420.45;2281.01;1.61;29.04;0.23;0.37;2018-06-01;Pre-covid;Pre-covid
2018;06;Madrid;Albaricoques;2918.03;5535.2;1.9;55.39;0.47;0.89;2018-06-01;Pre-covid;Pre-covid
2018;06;Madrid;Fresas/freson;799.65;1981.82;2.48;30.43;0.13;0.32;2018-06-01;Pre-covid;Pre-covid
2018;06;Madrid;Melon;5849.27;6750.67;1.15;50.85;0.94;1.08;2018-06-01;Pre-covid;Pre-covid
2018;06;Madrid;Sandia;8944.8;8154.12;0.91;49.05;1.44;1.31;2018-06-01;Pre-covid;Pre-covid
2018;06;Madrid;Ciruelas;322.46;584.4;1.81;11.57;0.05;0.09;2018-06-01;Pre-covid;Pre-covid
2018;06;Madrid;Cerezas;3452.55;10768.32;3.12;60.73;0.55;1.73;2018-06-01;Pre-covid;Pre-covid
2018;06;Madrid;Uvas;322.1;1156.06;3.59;11.12;0.05;0.19;2018-06-01;Pre-covid;Pre-covid
2018;06;Madrid;Kiwi;1559.3;4641.35;2.98;36.28;0.25;0.75;2018-06-01;Pre-covid;Pre-covid
2018;06;Madrid;Aguacate;607.23;2009.97;3.31;25.53;0.1;0.32;2018-06-01;Pre-covid;Pre-covid
2018;06;Madrid;Piña;959.28;1371.03;1.43;21.64;0.15;0.22;2018-06-01;Pre-covid;Pre-covid
2018;06;Madrid;Otras frutas frescas;2892.17;6818.12;2.36;56.66;0.46;1.1;2018-06-01;Pre-covid;Pre-covid
2018;06;Madrid;Pomelo;170.2;338.94;1.99;4.21;0.03;0.05;2018-06-01;Pre-covid;Pre-covid
2018;06;Madrid;Chirimoya;0.0;0.0;0.0;0.0;0.0;0.0;2018-06-01;Pre-covid;Pre-covid
2018;06;Madrid;Frutas iv gama;1950.17;3706.32;1.9;27.72;0.31;0.6;2018-06-01;Pre-covid;Pre-covid
2018;06;Murcia;Frutas frescas;15684.06;22657.02;1.44;90.61;11.01;15.91;2018-06-01;Pre-covid;Pre-covid
2018;06;Murcia;Naranjas;4645.48;4417.9;0.95;34.28;3.26;3.1;2018-06-01;Pre-covid;Pre-covid
2018;06;Murcia;Mandarinas;40.74;57.66;1.42;3.71;0.03;0.04;2018-06-01;Pre-covid;Pre-covid
2018;06;Murcia;Limones;745.77;1139.48;1.53;26.22;0.52;0.8;2018-06-01;Pre-covid;Pre-covid
2018;06;Murcia;Platanos;1068.41;1639.29;1.53;67.92;0.75;1.15;2018-06-01;Pre-covid;Pre-covid
2018;06;Murcia;Manzanas;715.41;1278.84;1.79;48.33;0.5;0.9;2018-06-01;Pre-covid;Pre-covid
2018;06;Murcia;Peras;343.4;556.74;1.62;38.65;0.24;0.39;2018-06-01;Pre-covid;Pre-covid
2018;06;Murcia;Melocotones;1345.9;2113.26;1.57;49.78;0.95;1.48;2018-06-01;Pre-covid;Pre-covid
2018;06;Murcia;Nectarinas;323.82;538.95;1.66;23.06;0.23;0.38;2018-06-01;Pre-covid;Pre-covid
2018;06;Murcia;Albaricoques;635.44;1285.6;2.02;45.38;0.45;0.9;2018-06-01;Pre-covid;Pre-covid
2018;06;Murcia;Fresas/freson;151.07;390.91;2.59;19.37;0.11;0.27;2018-06-01;Pre-covid;Pre-covid
2018;06;Murcia;Melon;923.88;917.62;0.99;46.06;0.65;0.64;2018-06-01;Pre-covid;Pre-covid
2018;06;Murcia;Sandia;2286.35;2064.11;0.9;50.14;1.61;1.45;2018-06-01;Pre-covid;Pre-covid
2018;06;Murcia;Ciruelas;113.12;233.02;2.06;19.91;0.08;0.16;2018-06-01;Pre-covid;Pre-covid
2018;06;Murcia;Cerezas;513.09;1753.57;3.42;53.41;0.36;1.23;2018-06-01;Pre-covid;Pre-covid
2018;06;Murcia;Uvas;54.35;195.11;3.59;6.35;0.04;0.14;2018-06-01;Pre-covid;Pre-covid
2018;06;Murcia;Kiwi;164.8;519.21;3.15;19.66;0.12;0.36;2018-06-01;Pre-covid;Pre-covid
2018;06;Murcia;Aguacate;73.8;282.37;3.83;18.06;0.05;0.2;2018-06-01;Pre-covid;Pre-covid
2018;06;Murcia;Piña;277.5;368.12;1.33;19.8;0.19;0.26;2018-06-01;Pre-covid;Pre-covid
2018;06;Murcia;Otras frutas frescas;1261.73;2905.27;2.3;46.36;0.89;2.04;2018-06-01;Pre-covid;Pre-covid
2018;06;Murcia;Pomelo;77.51;80.42;1.04;4.98;0.05;0.06;2018-06-01;Pre-covid;Pre-covid
2018;06;Murcia;Chirimoya;0.0;0.0;0.0;0.0;0.0;0.0;2018-06-01;Pre-covid;Pre-covid
2018;06;Murcia;Frutas iv gama;308.39;549.0;1.78;20.1;0.22;0.39;2018-06-01;Pre-covid;Pre-covid
2018;06;Navarra;Frutas frescas;5572.3;9363.49;1.68;98.16;9.41;15.81;2018-06-01;Pre-covid;Pre-covid
2018;06;Navarra;Naranjas;1301.55;1333.76;1.02;56.38;2.2;2.25;2018-06-01;Pre-covid;Pre-covid
2018;06;Navarra;Mandarinas;105.86;149.61;1.41;8.67;0.18;0.25;2018-06-01;Pre-covid;Pre-covid
2018;06;Navarra;Limones;116.88;247.2;2.11;41.1;0.2;0.42;2018-06-01;Pre-covid;Pre-covid
2018;06;Navarra;Platanos;561.63;1012.77;1.8;67.15;0.95;1.71;2018-06-01;Pre-covid;Pre-covid
2018;06;Navarra;Manzanas;369.97;721.22;1.95;55.5;0.62;1.22;2018-06-01;Pre-covid;Pre-covid
2018;06;Navarra;Peras;99.87;175.56;1.76;18.26;0.17;0.3;2018-06-01;Pre-covid;Pre-covid
2018;06;Navarra;Melocotones;122.8;250.86;2.04;29.83;0.21;0.42;2018-06-01;Pre-covid;Pre-covid
2018;06;Navarra;Nectarinas;134.59;267.09;1.98;28.49;0.23;0.45;2018-06-01;Pre-covid;Pre-covid
2018;06;Navarra;Albaricoques;244.72;465.74;1.9;42.58;0.41;0.79;2018-06-01;Pre-covid;Pre-covid
2018;06;Navarra;Fresas/freson;109.92;328.97;2.99;20.55;0.19;0.56;2018-06-01;Pre-covid;Pre-covid
2018;06;Navarra;Melon;643.2;694.14;1.08;56.35;1.09;1.17;2018-06-01;Pre-covid;Pre-covid
2018;06;Navarra;Sandia;728.9;737.43;1.01;47.88;1.23;1.25;2018-06-01;Pre-covid;Pre-covid
2018;06;Navarra;Ciruelas;37.89;70.44;1.86;5.2;0.06;0.12;2018-06-01;Pre-covid;Pre-covid
2018;06;Navarra;Cerezas;412.02;1297.04;3.15;52.88;0.7;2.19;2018-06-01;Pre-covid;Pre-covid
2018;06;Navarra;Uvas;9.28;27.81;3.0;3.86;0.02;0.05;2018-06-01;Pre-covid;Pre-covid
2018;06;Navarra;Kiwi;159.68;586.83;3.68;41.17;0.27;0.99;2018-06-01;Pre-covid;Pre-covid
2018;06;Navarra;Aguacate;94.04;369.2;3.93;38.55;0.16;0.62;2018-06-01;Pre-covid;Pre-covid
2018;06;Navarra;Piña;156.39;218.78;1.4;25.14;0.26;0.37;2018-06-01;Pre-covid;Pre-covid
2018;06;Navarra;Otras frutas frescas;163.12;409.03;2.51;48.33;0.28;0.69;2018-06-01;Pre-covid;Pre-covid
2018;06;Navarra;Pomelo;13.6;21.31;1.57;4.77;0.02;0.04;2018-06-01;Pre-covid;Pre-covid
2018;06;Navarra;Chirimoya;0.0;0.0;0.0;0.0;0.0;0.0;2018-06-01;Pre-covid;Pre-covid
2018;06;Navarra;Frutas iv gama;218.92;377.34;1.72;27.41;0.37;0.64;2018-06-01;Pre-covid;Pre-covid
2018;06;Pais vasco;Frutas frescas;21056.04;37166.27;1.77;96.68;10.17;17.95;2018-06-01;Pre-covid;Pre-covid
2018;06;Pais vasco;Naranjas;3304.29;3864.95;1.17;51.53;1.6;1.87;2018-06-01;Pre-covid;Pre-covid
2018;06;Pais vasco;Mandarinas;155.96;274.06;1.76;13.04;0.08;0.13;2018-06-01;Pre-covid;Pre-covid
2018;06;Pais vasco;Limones;403.39;869.93;2.16;34.84;0.19;0.42;2018-06-01;Pre-covid;Pre-covid
2018;06;Pais vasco;Platanos;2161.22;4034.97;1.87;77.13;1.04;1.95;2018-06-01;Pre-covid;Pre-covid
2018;06;Pais vasco;Manzanas;1895.09;3289.0;1.74;65.34;0.92;1.59;2018-06-01;Pre-covid;Pre-covid
2018;06;Pais vasco;Peras;703.63;1199.46;1.7;37.49;0.34;0.58;2018-06-01;Pre-covid;Pre-covid
2018;06;Pais vasco;Melocotones;914.31;1733.66;1.9;46.82;0.44;0.84;2018-06-01;Pre-covid;Pre-covid
2018;06;Pais vasco;Nectarinas;1176.43;1924.61;1.64;47.13;0.57;0.93;2018-06-01;Pre-covid;Pre-covid
2018;06;Pais vasco;Albaricoques;1238.58;2358.17;1.9;55.48;0.6;1.14;2018-06-01;Pre-covid;Pre-covid
2018;06;Pais vasco;Fresas/freson;278.67;731.22;2.62;27.37;0.13;0.35;2018-06-01;Pre-covid;Pre-covid
2018;06;Pais vasco;Melon;1968.65;2518.11;1.28;50.43;0.95;1.22;2018-06-01;Pre-covid;Pre-covid
2018;06;Pais vasco;Sandia;2667.63;2430.31;0.91;45.88;1.29;1.17;2018-06-01;Pre-covid;Pre-covid
2018;06;Pais vasco;Ciruelas;128.2;271.78;2.12;14.17;0.06;0.13;2018-06-01;Pre-covid;Pre-covid
2018;06;Pais vasco;Cerezas;1456.7;4853.83;3.33;69.85;0.7;2.34;2018-06-01;Pre-covid;Pre-covid
2018;06;Pais vasco;Uvas;78.13;266.77;3.41;10.9;0.04;0.13;2018-06-01;Pre-covid;Pre-covid
2018;06;Pais vasco;Kiwi;615.33;2001.09;3.25;33.88;0.3;0.97;2018-06-01;Pre-covid;Pre-covid
2018;06;Pais vasco;Aguacate;228.94;846.78;3.7;28.73;0.11;0.41;2018-06-01;Pre-covid;Pre-covid
2018;06;Pais vasco;Piña;411.04;633.8;1.54;19.46;0.2;0.31;2018-06-01;Pre-covid;Pre-covid
2018;06;Pais vasco;Otras frutas frescas;1269.84;3063.76;2.41;60.34;0.61;1.48;2018-06-01;Pre-covid;Pre-covid
2018;06;Pais vasco;Pomelo;140.92;264.91;1.88;5.77;0.07;0.13;2018-06-01;Pre-covid;Pre-covid
2018;06;Pais vasco;Chirimoya;0.0;0.0;0.0;0.0;0.0;0.0;2018-06-01;Pre-covid;Pre-covid
2018;06;Pais vasco;Frutas iv gama;964.02;1525.39;1.58;25.37;0.47;0.74;2018-06-01;Pre-covid;Pre-covid
2018;06;Valencia;Frutas frescas;39227.17;60199.54;1.53;94.62;8.29;12.72;2018-06-01;Pre-covid;Pre-covid
2018;06;Valencia;Naranjas;4039.4;3987.93;0.99;32.56;0.85;0.84;2018-06-01;Pre-covid;Pre-covid
2018;06;Valencia;Mandarinas;186.35;238.17;1.28;5.27;0.04;0.05;2018-06-01;Pre-covid;Pre-covid
2018;06;Valencia;Limones;855.5;1665.44;1.95;28.4;0.18;0.35;2018-06-01;Pre-covid;Pre-covid
2018;06;Valencia;Platanos;4489.81;6976.58;1.55;76.39;0.95;1.47;2018-06-01;Pre-covid;Pre-covid
2018;06;Valencia;Manzanas;2666.36;4453.99;1.67;52.63;0.56;0.94;2018-06-01;Pre-covid;Pre-covid
2018;06;Valencia;Peras;1316.75;2101.84;1.6;36.89;0.28;0.44;2018-06-01;Pre-covid;Pre-covid
2018;06;Valencia;Melocotones;2003.91;3580.58;1.79;44.77;0.42;0.76;2018-06-01;Pre-covid;Pre-covid
2018;06;Valencia;Nectarinas;1125.72;1727.07;1.53;31.75;0.24;0.36;2018-06-01;Pre-covid;Pre-covid
2018;06;Valencia;Albaricoques;2123.46;3717.02;1.75;50.84;0.45;0.79;2018-06-01;Pre-covid;Pre-covid
2018;06;Valencia;Fresas/freson;498.27;1297.45;2.6;25.04;0.11;0.27;2018-06-01;Pre-covid;Pre-covid
2018;06;Valencia;Melon;4238.2;4337.66;1.02;44.94;0.9;0.92;2018-06-01;Pre-covid;Pre-covid
2018;06;Valencia;Sandia;8728.15;7905.76;0.91;56.84;1.84;1.67;2018-06-01;Pre-covid;Pre-covid
2018;06;Valencia;Ciruelas;365.36;707.78;1.94;19.67;0.08;0.15;2018-06-01;Pre-covid;Pre-covid
2018;06;Valencia;Cerezas;2371.13;7418.55;3.13;55.42;0.5;1.57;2018-06-01;Pre-covid;Pre-covid
2018;06;Valencia;Uvas;100.14;368.5;3.68;6.41;0.02;0.08;2018-06-01;Pre-covid;Pre-covid
2018;06;Valencia;Kiwi;744.17;2384.7;3.2;29.98;0.16;0.5;2018-06-01;Pre-covid;Pre-covid
2018;06;Valencia;Aguacate;435.43;1512.49;3.47;24.87;0.09;0.32;2018-06-01;Pre-covid;Pre-covid
2018;06;Valencia;Piña;868.64;946.02;1.09;16.39;0.18;0.2;2018-06-01;Pre-covid;Pre-covid
2018;06;Valencia;Otras frutas frescas;2070.41;4872.02;2.35;49.79;0.44;1.03;2018-06-01;Pre-covid;Pre-covid
2018;06;Valencia;Pomelo;173.59;272.68;1.57;3.23;0.04;0.06;2018-06-01;Pre-covid;Pre-covid
2018;06;Valencia;Chirimoya;0.0;0.0;0.0;0.0;0.0;0.0;2018-06-01;Pre-covid;Pre-covid
2018;06;Valencia;Frutas iv gama;2014.41;2965.28;1.47;29.22;0.43;0.63;2018-06-01;Pre-covid;Pre-covid
2018;07;Nacional;Patatas;107767.93;99463.96;0.92;78.47;2.36;2.18;2018-07-01;Pre-covid;Pre-covid
2018;07;Nacional;Patatas frescas;77633.15;66562.4;0.86;63.73;1.7;1.46;2018-07-01;Pre-covid;Pre-covid
2018;07;Nacional;Patatas congeladas;3633.97;4378.59;1.2;11.23;0.08;0.1;2018-07-01;Pre-covid;Pre-covid
2018;07;Nacional;Patatas procesadas;5300.16;28522.97;5.38;48.2;0.12;0.63;2018-07-01;Pre-covid;Pre-covid
2018;07;Nacional;Hortalizas frescas;224466.72;378657.19;1.69;95.7;4.92;8.3;2018-07-01;Pre-covid;Pre-covid
2018;07;Nacional;Omates;64821.56;92156.67;1.42;82.37;1.42;2.02;2018-07-01;Pre-covid;Pre-covid
2018;07;Nacional;Cebollas;27568.97;30470.59;1.11;65.06;0.6;0.67;2018-07-01;Pre-covid;Pre-covid
2018;07;Nacional;Ajos;4246.59;14850.76;3.5;31.84;0.09;0.33;2018-07-01;Pre-covid;Pre-covid
2018;07;Nacional;Coles;3665.73;3748.13;1.02;10.42;0.08;0.08;2018-07-01;Pre-covid;Pre-covid
2018;07;Nacional;Pepinos;14969.26;16439.85;1.1;48.25;0.33;0.36;2018-07-01;Pre-covid;Pre-covid
2018;07;Nacional;Judias verdes;9073.86;24421.79;2.69;31.46;0.2;0.54;2018-07-01;Pre-covid;Pre-covid
2018;07;Nacional;Pimientos;20327.08;38667.8;1.9;66.46;0.45;0.85;2018-07-01;Pre-covid;Pre-covid
2018;07;Nacional;Champiñoneso setas;3447.0;12310.83;3.57;29.01;0.08;0.27;2018-07-01;Pre-covid;Pre-covid
2018;07;Nacional;Lechuga/esc /endivia;14679.17;40497.97;2.76;60.12;0.32;0.89;2018-07-01;Pre-covid;Pre-covid
2018;07;Nacional;Esparragos;1323.47;3472.81;2.62;6.61;0.03;0.08;2018-07-01;Pre-covid;Pre-covid
2018;07;Nacional;Verduras de hoja;3004.86;7546.14;2.51;19.07;0.07;0.17;2018-07-01;Pre-covid;Pre-covid
2018;07;Nacional;Berenjenas;7538.51;10369.25;1.38;28.66;0.17;0.23;2018-07-01;Pre-covid;Pre-covid
2018;07;Nacional;Zanahorias;11112.43;10593.76;0.95;50.11;0.24;0.23;2018-07-01;Pre-covid;Pre-covid
2018;07;Nacional;Calabacines;15877.66;19672.96;1.24;46.19;0.35;0.43;2018-07-01;Pre-covid;Pre-covid
2018;07;Nacional;Otr hortalizas/verd ;22810.57;53437.88;2.34;67.82;0.5;1.17;2018-07-01;Pre-covid;Pre-covid
2018;07;Nacional;Brocoli;3668.21;5533.3;1.51;16.03;0.08;0.12;2018-07-01;Pre-covid;Pre-covid
2018;07;Nacional;Alcachofas;1264.63;2627.85;2.08;5.34;0.03;0.06;2018-07-01;Pre-covid;Pre-covid
2018;07;Nacional;Verd /hort  iv gama;26263.06;64706.08;2.46;65.86;0.58;1.42;2018-07-01;Pre-covid;Pre-covid
2018;07;Andalucia;Patatas;21774.75;19956.4;0.92;80.88;2.51;2.3;2018-07-01;Pre-covid;Pre-covid
2018;07;Andalucia;Patatas frescas;14628.93;12275.14;0.84;63.88;1.68;1.41;2018-07-01;Pre-covid;Pre-covid
2018;07;Andalucia;Patatas congeladas;905.56;1043.12;1.15;14.81;0.1;0.12;2018-07-01;Pre-covid;Pre-covid
2018;07;Andalucia;Patatas procesadas;1248.05;6638.14;5.32;55.36;0.14;0.76;2018-07-01;Pre-covid;Pre-covid
2018;07;Andalucia;Hortalizas frescas;41013.49;64438.42;1.57;96.12;4.72;7.42;2018-07-01;Pre-covid;Pre-covid
2018;07;Andalucia;Omates;13222.68;16538.25;1.25;82.38;1.52;1.9;2018-07-01;Pre-covid;Pre-covid
2018;07;Andalucia;Cebollas;5387.37;5644.4;1.05;66.12;0.62;0.65;2018-07-01;Pre-covid;Pre-covid
2018;07;Andalucia;Ajos;1026.58;3268.78;3.18;35.46;0.12;0.38;2018-07-01;Pre-covid;Pre-covid
2018;07;Andalucia;Coles;341.35;363.71;1.07;8.68;0.04;0.04;2018-07-01;Pre-covid;Pre-covid
2018;07;Andalucia;Pepinos;2830.63;2916.49;1.03;49.93;0.33;0.34;2018-07-01;Pre-covid;Pre-covid
2018;07;Andalucia;Judias verdes;994.92;2884.86;2.9;26.48;0.11;0.33;2018-07-01;Pre-covid;Pre-covid
2018;07;Andalucia;Pimientos;3977.71;7019.56;1.76;69.4;0.46;0.81;2018-07-01;Pre-covid;Pre-covid
2018;07;Andalucia;Champiñoneso setas;496.05;1916.22;3.86;28.36;0.06;0.22;2018-07-01;Pre-covid;Pre-covid
2018;07;Andalucia;Lechuga/esc /endivia;2323.17;6573.57;2.83;62.05;0.27;0.76;2018-07-01;Pre-covid;Pre-covid
2018;07;Andalucia;Esparragos;190.12;580.92;3.06;5.77;0.02;0.07;2018-07-01;Pre-covid;Pre-covid
2018;07;Andalucia;Verduras de hoja;362.19;945.93;2.61;14.85;0.04;0.11;2018-07-01;Pre-covid;Pre-covid
2018;07;Andalucia;Berenjenas;1810.57;2516.72;1.39;36.35;0.21;0.29;2018-07-01;Pre-covid;Pre-covid
2018;07;Andalucia;Zanahorias;1824.12;1625.54;0.89;46.51;0.21;0.19;2018-07-01;Pre-covid;Pre-covid
2018;07;Andalucia;Calabacines;2512.48;3206.95;1.28;46.15;0.29;0.37;2018-07-01;Pre-covid;Pre-covid
2018;07;Andalucia;Otr hortalizas/verd ;3713.54;8436.52;2.27;69.07;0.43;0.97;2018-07-01;Pre-covid;Pre-covid
2018;07;Andalucia;Brocoli;504.29;810.53;1.61;17.18;0.06;0.09;2018-07-01;Pre-covid;Pre-covid
2018;07;Andalucia;Alcachofas;144.75;279.29;1.93;5.77;0.02;0.03;2018-07-01;Pre-covid;Pre-covid
2018;07;Andalucia;Verd /hort  iv gama;5333.08;11943.36;2.24;67.77;0.61;1.37;2018-07-01;Pre-covid;Pre-covid
2018;07;Aragon;Patatas;3458.71;2975.55;0.86;78.25;2.63;2.27;2018-07-01;Pre-covid;Pre-covid
2018;07;Aragon;Patatas frescas;2882.89;2339.12;0.81;64.94;2.2;1.78;2018-07-01;Pre-covid;Pre-covid
2018;07;Aragon;Patatas congeladas;34.42;41.13;1.19;5.97;0.03;0.03;2018-07-01;Pre-covid;Pre-covid
2018;07;Aragon;Patatas procesadas;108.28;595.3;5.5;46.28;0.08;0.45;2018-07-01;Pre-covid;Pre-covid
2018;07;Aragon;Hortalizas frescas;9182.57;16806.44;1.83;96.99;6.99;12.8;2018-07-01;Pre-covid;Pre-covid
2018;07;Aragon;Omates;1958.78;2831.86;1.45;89.38;1.49;2.16;2018-07-01;Pre-covid;Pre-covid
2018;07;Aragon;Cebollas;1103.13;1372.51;1.24;60.94;0.84;1.05;2018-07-01;Pre-covid;Pre-covid
2018;07;Aragon;Ajos;947.53;2800.52;2.96;33.53;0.72;2.13;2018-07-01;Pre-covid;Pre-covid
2018;07;Aragon;Coles;88.4;97.44;1.1;8.02;0.07;0.07;2018-07-01;Pre-covid;Pre-covid
2018;07;Aragon;Pepinos;672.25;796.08;1.18;48.83;0.51;0.61;2018-07-01;Pre-covid;Pre-covid
2018;07;Aragon;Judias verdes;558.01;1492.55;2.67;40.89;0.42;1.14;2018-07-01;Pre-covid;Pre-covid
2018;07;Aragon;Pimientos;448.09;990.6;2.21;66.69;0.34;0.75;2018-07-01;Pre-covid;Pre-covid
2018;07;Aragon;Champiñoneso setas;134.69;414.19;3.08;39.99;0.1;0.32;2018-07-01;Pre-covid;Pre-covid
2018;07;Aragon;Lechuga/esc /endivia;786.85;1950.27;2.48;64.92;0.6;1.49;2018-07-01;Pre-covid;Pre-covid
2018;07;Aragon;Esparragos;62.2;177.93;2.86;10.39;0.05;0.14;2018-07-01;Pre-covid;Pre-covid
2018;07;Aragon;Verduras de hoja;196.45;378.76;1.93;25.31;0.15;0.29;2018-07-01;Pre-covid;Pre-covid
2018;07;Aragon;Berenjenas;167.53;265.0;1.58;26.8;0.13;0.2;2018-07-01;Pre-covid;Pre-covid
2018;07;Aragon;Zanahorias;322.16;337.98;1.05;51.91;0.25;0.26;2018-07-01;Pre-covid;Pre-covid
2018;07;Aragon;Calabacines;606.31;850.76;1.4;41.04;0.46;0.65;2018-07-01;Pre-covid;Pre-covid
2018;07;Aragon;Otr hortalizas/verd ;1130.18;2049.99;1.81;68.81;0.86;1.56;2018-07-01;Pre-covid;Pre-covid
2018;07;Aragon;Brocoli;365.12;408.57;1.12;12.64;0.28;0.31;2018-07-01;Pre-covid;Pre-covid
2018;07;Aragon;Alcachofas;103.44;218.46;2.11;7.31;0.08;0.17;2018-07-01;Pre-covid;Pre-covid
2018;07;Aragon;Verd /hort  iv gama;595.46;1511.47;2.54;57.47;0.45;1.15;2018-07-01;Pre-covid;Pre-covid
2018;07;Asturias;Patatas;3234.32;2929.69;0.91;75.42;2.98;2.7;2018-07-01;Pre-covid;Pre-covid
2018;07;Asturias;Patatas frescas;2740.88;2404.38;0.88;70.73;2.53;2.22;2018-07-01;Pre-covid;Pre-covid
2018;07;Asturias;Patatas congeladas;80.32;86.19;1.07;9.26;0.07;0.08;2018-07-01;Pre-covid;Pre-covid
2018;07;Asturias;Patatas procesadas;82.63;439.12;5.31;33.18;0.08;0.41;2018-07-01;Pre-covid;Pre-covid
2018;07;Asturias;Hortalizas frescas;4082.35;7734.77;1.89;91.99;3.77;7.13;2018-07-01;Pre-covid;Pre-covid
2018;07;Asturias;Omates;1098.88;1780.02;1.62;74.58;1.01;1.64;2018-07-01;Pre-covid;Pre-covid
2018;07;Asturias;Cebollas;588.84;798.59;1.36;69.55;0.54;0.74;2018-07-01;Pre-covid;Pre-covid
2018;07;Asturias;Ajos;83.72;363.3;4.34;48.79;0.08;0.34;2018-07-01;Pre-covid;Pre-covid
2018;07;Asturias;Coles;74.18;75.28;1.01;12.49;0.07;0.07;2018-07-01;Pre-covid;Pre-covid
2018;07;Asturias;Pepinos;164.74;175.03;1.06;31.84;0.15;0.16;2018-07-01;Pre-covid;Pre-covid
2018;07;Asturias;Judias verdes;178.77;520.02;2.91;22.58;0.16;0.48;2018-07-01;Pre-covid;Pre-covid
2018;07;Asturias;Pimientos;349.82;752.52;2.15;61.95;0.32;0.69;2018-07-01;Pre-covid;Pre-covid
2018;07;Asturias;Champiñoneso setas;68.53;311.73;4.55;23.53;0.06;0.29;2018-07-01;Pre-covid;Pre-covid
2018;07;Asturias;Lechuga/esc /endivia;348.27;877.35;2.52;55.19;0.32;0.81;2018-07-01;Pre-covid;Pre-covid
2018;07;Asturias;Esparragos;13.53;58.12;4.29;4.21;0.01;0.05;2018-07-01;Pre-covid;Pre-covid
2018;07;Asturias;Verduras de hoja;55.42;149.31;2.69;19.99;0.05;0.14;2018-07-01;Pre-covid;Pre-covid
2018;07;Asturias;Berenjenas;91.28;137.42;1.51;19.0;0.08;0.13;2018-07-01;Pre-covid;Pre-covid
2018;07;Asturias;Zanahorias;184.17;188.78;1.03;43.04;0.17;0.17;2018-07-01;Pre-covid;Pre-covid
2018;07;Asturias;Calabacines;371.83;473.32;1.27;34.03;0.34;0.44;2018-07-01;Pre-covid;Pre-covid
2018;07;Asturias;Otr hortalizas/verd ;410.37;1073.95;2.62;56.31;0.38;0.99;2018-07-01;Pre-covid;Pre-covid
2018;07;Asturias;Brocoli;69.54;116.45;1.67;17.18;0.06;0.11;2018-07-01;Pre-covid;Pre-covid
2018;07;Asturias;Alcachofas;4.9;8.66;1.77;1.15;0.0;0.01;2018-07-01;Pre-covid;Pre-covid
2018;07;Asturias;Verd /hort  iv gama;563.58;1458.41;2.59;57.01;0.52;1.35;2018-07-01;Pre-covid;Pre-covid
2018;07;Baleares;Patatas;2754.44;2555.35;0.93;87.47;2.67;2.48;2018-07-01;Pre-covid;Pre-covid
2018;07;Baleares;Patatas frescas;1938.42;1672.79;0.86;71.17;1.88;1.62;2018-07-01;Pre-covid;Pre-covid
2018;07;Baleares;Patatas congeladas;94.21;117.08;1.24;13.43;0.09;0.11;2018-07-01;Pre-covid;Pre-covid
2018;07;Baleares;Patatas procesadas;144.36;765.48;5.3;54.21;0.14;0.74;2018-07-01;Pre-covid;Pre-covid
2018;07;Baleares;Hortalizas frescas;5513.07;9857.01;1.79;96.4;5.35;9.57;2018-07-01;Pre-covid;Pre-covid
2018;07;Baleares;Omates;1804.65;2509.6;1.39;84.73;1.75;2.44;2018-07-01;Pre-covid;Pre-covid
2018;07;Baleares;Cebollas;763.91;941.03;1.23;71.78;0.74;0.91;2018-07-01;Pre-covid;Pre-covid
2018;07;Baleares;Ajos;47.32;216.71;4.58;22.65;0.05;0.21;2018-07-01;Pre-covid;Pre-covid
2018;07;Baleares;Coles;65.51;68.38;1.04;13.41;0.06;0.07;2018-07-01;Pre-covid;Pre-covid
2018;07;Baleares;Pepinos;270.56;339.08;1.25;44.74;0.26;0.33;2018-07-01;Pre-covid;Pre-covid
2018;07;Baleares;Judias verdes;140.54;392.59;2.79;35.07;0.14;0.38;2018-07-01;Pre-covid;Pre-covid
2018;07;Baleares;Pimientos;633.85;1259.96;1.99;78.16;0.62;1.22;2018-07-01;Pre-covid;Pre-covid
2018;07;Baleares;Champiñoneso setas;123.16;452.99;3.68;35.37;0.12;0.44;2018-07-01;Pre-covid;Pre-covid
2018;07;Baleares;Lechuga/esc /endivia;254.84;805.43;3.16;63.2;0.25;0.78;2018-07-01;Pre-covid;Pre-covid
2018;07;Baleares;Esparragos;16.05;49.07;3.06;5.02;0.02;0.05;2018-07-01;Pre-covid;Pre-covid
2018;07;Baleares;Verduras de hoja;65.94;218.56;3.31;23.07;0.06;0.21;2018-07-01;Pre-covid;Pre-covid
2018;07;Baleares;Berenjenas;240.8;320.66;1.33;40.0;0.23;0.31;2018-07-01;Pre-covid;Pre-covid
2018;07;Baleares;Zanahorias;245.28;247.0;1.01;50.35;0.24;0.24;2018-07-01;Pre-covid;Pre-covid
2018;07;Baleares;Calabacines;296.48;424.64;1.43;43.67;0.29;0.41;2018-07-01;Pre-covid;Pre-covid
2018;07;Baleares;Otr hortalizas/verd ;544.19;1611.3;2.96;76.95;0.53;1.56;2018-07-01;Pre-covid;Pre-covid
2018;07;Baleares;Brocoli;41.47;81.67;1.97;13.76;0.04;0.08;2018-07-01;Pre-covid;Pre-covid
2018;07;Baleares;Alcachofas;16.3;33.67;2.07;5.51;0.02;0.03;2018-07-01;Pre-covid;Pre-covid
2018;07;Baleares;Verd /hort  iv gama;721.56;1955.01;2.71;82.44;0.7;1.9;2018-07-01;Pre-covid;Pre-covid
2018;07;Canarias;Patatas;6427.02;6670.21;1.04;76.21;2.94;3.05;2018-07-01;Pre-covid;Pre-covid
2018;07;Canarias;Patatas frescas;5375.44;5450.39;1.01;62.05;2.46;2.49;2018-07-01;Pre-covid;Pre-covid
2018;07;Canarias;Patatas congeladas;306.14;307.1;1.0;12.16;0.14;0.14;2018-07-01;Pre-covid;Pre-covid
2018;07;Canarias;Patatas procesadas;149.09;912.72;6.12;36.77;0.07;0.42;2018-07-01;Pre-covid;Pre-covid
2018;07;Canarias;Hortalizas frescas;10238.87;17816.4;1.74;96.09;4.68;8.15;2018-07-01;Pre-covid;Pre-covid
2018;07;Canarias;Omates;2391.89;3337.11;1.4;81.14;1.09;1.53;2018-07-01;Pre-covid;Pre-covid
2018;07;Canarias;Cebollas;1297.18;1424.54;1.1;74.2;0.59;0.65;2018-07-01;Pre-covid;Pre-covid
2018;07;Canarias;Ajos;96.26;387.26;4.02;31.82;0.04;0.18;2018-07-01;Pre-covid;Pre-covid
2018;07;Canarias;Coles;200.18;246.35;1.23;26.74;0.09;0.11;2018-07-01;Pre-covid;Pre-covid
2018;07;Canarias;Pepinos;514.94;743.89;1.44;44.99;0.24;0.34;2018-07-01;Pre-covid;Pre-covid
2018;07;Canarias;Judias verdes;318.26;351.95;1.11;17.08;0.15;0.16;2018-07-01;Pre-covid;Pre-covid
2018;07;Canarias;Pimientos;921.46;1804.64;1.96;77.68;0.42;0.83;2018-07-01;Pre-covid;Pre-covid
2018;07;Canarias;Champiñoneso setas;174.99;705.29;4.03;36.07;0.08;0.32;2018-07-01;Pre-covid;Pre-covid
2018;07;Canarias;Lechuga/esc /endivia;404.55;1521.91;3.76;58.92;0.19;0.7;2018-07-01;Pre-covid;Pre-covid
2018;07;Canarias;Esparragos;9.41;54.68;5.81;3.04;0.0;0.03;2018-07-01;Pre-covid;Pre-covid
2018;07;Canarias;Verduras de hoja;122.67;470.0;3.83;23.12;0.06;0.21;2018-07-01;Pre-covid;Pre-covid
2018;07;Canarias;Berenjenas;123.42;162.35;1.32;16.61;0.06;0.07;2018-07-01;Pre-covid;Pre-covid
2018;07;Canarias;Zanahorias;799.95;890.94;1.11;64.56;0.37;0.41;2018-07-01;Pre-covid;Pre-covid
2018;07;Canarias;Calabacines;1111.9;1135.58;1.02;64.62;0.51;0.52;2018-07-01;Pre-covid;Pre-covid
2018;07;Canarias;Otr hortalizas/verd ;1751.8;4579.91;2.61;79.46;0.8;2.09;2018-07-01;Pre-covid;Pre-covid
2018;07;Canarias;Brocoli;104.92;204.62;1.95;4.16;0.05;0.09;2018-07-01;Pre-covid;Pre-covid
2018;07;Canarias;Alcachofas;29.82;75.26;2.52;5.13;0.01;0.03;2018-07-01;Pre-covid;Pre-covid
2018;07;Canarias;Verd /hort  iv gama;1901.65;4655.57;2.45;67.41;0.87;2.13;2018-07-01;Pre-covid;Pre-covid
2018;07;Cantabria;Patatas;1243.73;1104.66;0.89;77.44;2.23;1.98;2018-07-01;Pre-covid;Pre-covid
2018;07;Cantabria;Patatas frescas;1038.82;855.96;0.82;59.56;1.87;1.54;2018-07-01;Pre-covid;Pre-covid
2018;07;Cantabria;Patatas congeladas;33.01;38.06;1.15;13.11;0.06;0.07;2018-07-01;Pre-covid;Pre-covid
2018;07;Cantabria;Patatas procesadas;34.38;210.64;6.13;30.3;0.06;0.38;2018-07-01;Pre-covid;Pre-covid
2018;07;Cantabria;Hortalizas frescas;2405.15;4467.26;1.86;94.97;4.32;8.03;2018-07-01;Pre-covid;Pre-covid
2018;07;Cantabria;Omates;666.16;1263.77;1.9;85.03;1.2;2.27;2018-07-01;Pre-covid;Pre-covid
2018;07;Cantabria;Cebollas;296.11;320.96;1.08;71.85;0.53;0.58;2018-07-01;Pre-covid;Pre-covid
2018;07;Cantabria;Ajos;13.94;63.22;4.54;22.44;0.03;0.11;2018-07-01;Pre-covid;Pre-covid
2018;07;Cantabria;Coles;11.85;11.33;0.96;5.16;0.02;0.02;2018-07-01;Pre-covid;Pre-covid
2018;07;Cantabria;Pepinos;109.13;113.04;1.04;33.67;0.2;0.2;2018-07-01;Pre-covid;Pre-covid
2018;07;Cantabria;Judias verdes;199.65;608.02;3.05;30.44;0.36;1.09;2018-07-01;Pre-covid;Pre-covid
2018;07;Cantabria;Pimientos;269.5;538.29;2.0;68.89;0.48;0.97;2018-07-01;Pre-covid;Pre-covid
2018;07;Cantabria;Champiñoneso setas;22.52;102.2;4.54;17.46;0.04;0.18;2018-07-01;Pre-covid;Pre-covid
2018;07;Cantabria;Lechuga/esc /endivia;104.2;331.18;3.18;50.46;0.19;0.6;2018-07-01;Pre-covid;Pre-covid
2018;07;Cantabria;Esparragos;1.49;7.58;5.1;2.07;0.0;0.01;2018-07-01;Pre-covid;Pre-covid
2018;07;Cantabria;Verduras de hoja;16.62;60.81;3.66;15.07;0.03;0.11;2018-07-01;Pre-covid;Pre-covid
2018;07;Cantabria;Berenjenas;68.18;96.24;1.41;27.04;0.12;0.17;2018-07-01;Pre-covid;Pre-covid
2018;07;Cantabria;Zanahorias;181.69;151.33;0.83;69.51;0.33;0.27;2018-07-01;Pre-covid;Pre-covid
2018;07;Cantabria;Calabacines;222.77;288.19;1.29;43.56;0.4;0.52;2018-07-01;Pre-covid;Pre-covid
2018;07;Cantabria;Otr hortalizas/verd ;221.35;511.1;2.31;56.67;0.4;0.92;2018-07-01;Pre-covid;Pre-covid
2018;07;Cantabria;Brocoli;20.36;41.24;2.03;13.27;0.04;0.07;2018-07-01;Pre-covid;Pre-covid
2018;07;Cantabria;Alcachofas;0.0;0.0;0.0;0.0;0.0;0.0;2018-07-01;Pre-covid;Pre-covid
2018;07;Cantabria;Verd /hort  iv gama;290.11;771.93;2.66;60.94;0.52;1.39;2018-07-01;Pre-covid;Pre-covid
2018;07;Castilla la mancha;Patatas;4585.59;3990.41;0.87;80.39;2.19;1.9;2018-07-01;Pre-covid;Pre-covid
2018;07;Castilla la mancha;Patatas frescas;3372.7;2662.84;0.79;66.42;1.61;1.27;2018-07-01;Pre-covid;Pre-covid
2018;07;Castilla la mancha;Patatas congeladas;189.06;195.42;1.03;11.78;0.09;0.09;2018-07-01;Pre-covid;Pre-covid
2018;07;Castilla la mancha;Patatas procesadas;204.77;1132.15;5.53;49.56;0.1;0.54;2018-07-01;Pre-covid;Pre-covid
2018;07;Castilla la mancha;Hortalizas frescas;9038.01;13953.28;1.54;96.73;4.31;6.65;2018-07-01;Pre-covid;Pre-covid
2018;07;Castilla la mancha;Omates;2914.1;3797.56;1.3;84.07;1.39;1.81;2018-07-01;Pre-covid;Pre-covid
2018;07;Castilla la mancha;Cebollas;1029.22;1015.37;0.99;65.9;0.49;0.48;2018-07-01;Pre-covid;Pre-covid
2018;07;Castilla la mancha;Ajos;213.24;711.28;3.34;37.43;0.1;0.34;2018-07-01;Pre-covid;Pre-covid
2018;07;Castilla la mancha;Coles;134.86;129.02;0.96;7.77;0.06;0.06;2018-07-01;Pre-covid;Pre-covid
2018;07;Castilla la mancha;Pepinos;972.25;1013.52;1.04;65.09;0.46;0.48;2018-07-01;Pre-covid;Pre-covid
2018;07;Castilla la mancha;Judias verdes;280.44;688.7;2.46;30.79;0.13;0.33;2018-07-01;Pre-covid;Pre-covid
2018;07;Castilla la mancha;Pimientos;902.82;1484.72;1.64;67.6;0.43;0.71;2018-07-01;Pre-covid;Pre-covid
2018;07;Castilla la mancha;Champiñoneso setas;179.04;485.66;2.71;26.01;0.09;0.23;2018-07-01;Pre-covid;Pre-covid
2018;07;Castilla la mancha;Lechuga/esc /endivia;382.2;1000.71;2.62;54.22;0.18;0.48;2018-07-01;Pre-covid;Pre-covid
2018;07;Castilla la mancha;Esparragos;54.33;200.79;3.7;7.96;0.03;0.1;2018-07-01;Pre-covid;Pre-covid
2018;07;Castilla la mancha;Verduras de hoja;99.68;264.11;2.65;14.22;0.05;0.13;2018-07-01;Pre-covid;Pre-covid
2018;07;Castilla la mancha;Berenjenas;213.32;339.87;1.59;27.57;0.1;0.16;2018-07-01;Pre-covid;Pre-covid
2018;07;Castilla la mancha;Zanahorias;378.38;357.98;0.95;41.79;0.18;0.17;2018-07-01;Pre-covid;Pre-covid
2018;07;Castilla la mancha;Calabacines;685.5;962.71;1.4;39.24;0.33;0.46;2018-07-01;Pre-covid;Pre-covid
2018;07;Castilla la mancha;Otr hortalizas/verd ;598.63;1501.29;2.51;62.63;0.29;0.72;2018-07-01;Pre-covid;Pre-covid
2018;07;Castilla la mancha;Brocoli;103.2;198.84;1.93;14.85;0.05;0.09;2018-07-01;Pre-covid;Pre-covid
2018;07;Castilla la mancha;Alcachofas;13.13;25.71;1.96;1.42;0.01;0.01;2018-07-01;Pre-covid;Pre-covid
2018;07;Castilla la mancha;Verd /hort  iv gama;773.13;1797.65;2.33;54.88;0.37;0.86;2018-07-01;Pre-covid;Pre-covid
2018;07;Castilla leon;Patatas;4986.12;4450.9;0.89;76.56;2.04;1.82;2018-07-01;Pre-covid;Pre-covid
2018;07;Castilla leon;Patatas frescas;3952.75;3275.65;0.83;66.49;1.62;1.34;2018-07-01;Pre-covid;Pre-covid
2018;07;Castilla leon;Patatas congeladas;97.52;113.09;1.16;6.83;0.04;0.05;2018-07-01;Pre-covid;Pre-covid
2018;07;Castilla leon;Patatas procesadas;187.17;1062.16;5.67;34.51;0.08;0.43;2018-07-01;Pre-covid;Pre-covid
2018;07;Castilla leon;Hortalizas frescas;10486.31;17747.07;1.69;93.88;4.29;7.25;2018-07-01;Pre-covid;Pre-covid
2018;07;Castilla leon;Omates;2882.0;4086.74;1.42;81.11;1.18;1.67;2018-07-01;Pre-covid;Pre-covid
2018;07;Castilla leon;Cebollas;1342.91;1492.72;1.11;60.45;0.55;0.61;2018-07-01;Pre-covid;Pre-covid
2018;07;Castilla leon;Ajos;292.26;1005.36;3.44;34.12;0.12;0.41;2018-07-01;Pre-covid;Pre-covid
2018;07;Castilla leon;Coles;161.49;157.17;0.97;10.64;0.07;0.06;2018-07-01;Pre-covid;Pre-covid
2018;07;Castilla leon;Pepinos;577.04;661.28;1.15;42.03;0.24;0.27;2018-07-01;Pre-covid;Pre-covid
2018;07;Castilla leon;Judias verdes;523.07;1351.42;2.58;27.84;0.21;0.55;2018-07-01;Pre-covid;Pre-covid
2018;07;Castilla leon;Pimientos;967.52;1831.15;1.89;63.2;0.4;0.75;2018-07-01;Pre-covid;Pre-covid
2018;07;Castilla leon;Champiñoneso setas;137.13;488.46;3.56;20.5;0.06;0.2;2018-07-01;Pre-covid;Pre-covid
2018;07;Castilla leon;Lechuga/esc /endivia;830.63;2021.23;2.43;53.4;0.34;0.83;2018-07-01;Pre-covid;Pre-covid
2018;07;Castilla leon;Esparragos;15.09;64.88;4.3;3.29;0.01;0.03;2018-07-01;Pre-covid;Pre-covid
2018;07;Castilla leon;Verduras de hoja;127.37;345.46;2.71;15.48;0.05;0.14;2018-07-01;Pre-covid;Pre-covid
2018;07;Castilla leon;Berenjenas;157.38;207.0;1.32;21.04;0.06;0.08;2018-07-01;Pre-covid;Pre-covid
2018;07;Castilla leon;Zanahorias;691.99;620.05;0.9;53.67;0.28;0.25;2018-07-01;Pre-covid;Pre-covid
2018;07;Castilla leon;Calabacines;767.34;953.11;1.24;48.41;0.31;0.39;2018-07-01;Pre-covid;Pre-covid
2018;07;Castilla leon;Otr hortalizas/verd ;1013.08;2461.05;2.43;64.74;0.41;1.01;2018-07-01;Pre-covid;Pre-covid
2018;07;Castilla leon;Brocoli;180.69;245.57;1.36;14.53;0.07;0.1;2018-07-01;Pre-covid;Pre-covid
2018;07;Castilla leon;Alcachofas;37.68;72.04;1.91;4.65;0.02;0.03;2018-07-01;Pre-covid;Pre-covid
2018;07;Castilla leon;Verd /hort  iv gama;1467.09;3167.9;2.16;63.81;0.6;1.29;2018-07-01;Pre-covid;Pre-covid
2018;07;Cataluña;Patatas;19043.98;17935.69;0.94;82.0;2.75;2.59;2018-07-01;Pre-covid;Pre-covid
2018;07;Cataluña;Patatas frescas;13711.9;11868.23;0.87;67.33;1.98;1.72;2018-07-01;Pre-covid;Pre-covid
2018;07;Cataluña;Patatas congeladas;494.44;710.75;1.44;11.67;0.07;0.1;2018-07-01;Pre-covid;Pre-covid
2018;07;Cataluña;Patatas procesadas;967.53;5356.7;5.54;54.44;0.14;0.77;2018-07-01;Pre-covid;Pre-covid
2018;07;Cataluña;Hortalizas frescas;40145.5;69053.95;1.72;96.05;5.8;9.98;2018-07-01;Pre-covid;Pre-covid
2018;07;Cataluña;Omates;12108.78;18466.42;1.53;84.94;1.75;2.67;2018-07-01;Pre-covid;Pre-covid
2018;07;Cataluña;Cebollas;4817.51;5446.64;1.13;67.79;0.7;0.79;2018-07-01;Pre-covid;Pre-covid
2018;07;Cataluña;Ajos;313.44;1381.33;4.41;25.07;0.05;0.2;2018-07-01;Pre-covid;Pre-covid
2018;07;Cataluña;Coles;549.34;579.23;1.05;9.71;0.08;0.08;2018-07-01;Pre-covid;Pre-covid
2018;07;Cataluña;Pepinos;2240.37;2340.16;1.04;48.45;0.32;0.34;2018-07-01;Pre-covid;Pre-covid
2018;07;Cataluña;Judias verdes;2070.91;5910.26;2.85;41.31;0.3;0.85;2018-07-01;Pre-covid;Pre-covid
2018;07;Cataluña;Pimientos;3304.79;6256.57;1.89;64.38;0.48;0.9;2018-07-01;Pre-covid;Pre-covid
2018;07;Cataluña;Champiñoneso setas;615.52;2052.8;3.34;29.54;0.09;0.3;2018-07-01;Pre-covid;Pre-covid
2018;07;Cataluña;Lechuga/esc /endivia;2656.88;7779.07;2.93;66.36;0.38;1.12;2018-07-01;Pre-covid;Pre-covid
2018;07;Cataluña;Esparragos;495.81;916.85;1.85;9.99;0.07;0.13;2018-07-01;Pre-covid;Pre-covid
2018;07;Cataluña;Verduras de hoja;500.45;1284.35;2.57;19.66;0.07;0.19;2018-07-01;Pre-covid;Pre-covid
2018;07;Cataluña;Berenjenas;1952.45;2669.01;1.37;36.21;0.28;0.39;2018-07-01;Pre-covid;Pre-covid
2018;07;Cataluña;Zanahorias;1839.57;1831.75;1.0;47.18;0.27;0.26;2018-07-01;Pre-covid;Pre-covid
2018;07;Cataluña;Calabacines;2924.94;3473.93;1.19;48.9;0.42;0.5;2018-07-01;Pre-covid;Pre-covid
2018;07;Cataluña;Otr hortalizas/verd ;3754.75;8665.59;2.31;66.39;0.54;1.25;2018-07-01;Pre-covid;Pre-covid
2018;07;Cataluña;Brocoli;798.04;1183.57;1.48;20.21;0.12;0.17;2018-07-01;Pre-covid;Pre-covid
2018;07;Cataluña;Alcachofas;229.51;486.34;2.12;8.93;0.03;0.07;2018-07-01;Pre-covid;Pre-covid
2018;07;Cataluña;Verd /hort  iv gama;4484.55;11099.04;2.47;68.84;0.65;1.6;2018-07-01;Pre-covid;Pre-covid
2018;07;Extremadura;Patatas;1894.1;1750.06;0.92;78.87;1.61;1.48;2018-07-01;Pre-covid;Pre-covid
2018;07;Extremadura;Patatas frescas;1231.12;1051.31;0.85;59.05;1.04;0.89;2018-07-01;Pre-covid;Pre-covid
2018;07;Extremadura;Patatas congeladas;81.76;117.96;1.44;9.39;0.07;0.1;2018-07-01;Pre-covid;Pre-covid
2018;07;Extremadura;Patatas procesadas;116.24;580.78;5.0;51.89;0.1;0.49;2018-07-01;Pre-covid;Pre-covid
2018;07;Extremadura;Hortalizas frescas;5999.36;9325.5;1.55;96.15;5.09;7.91;2018-07-01;Pre-covid;Pre-covid
2018;07;Extremadura;Omates;1983.24;2697.29;1.36;76.39;1.68;2.29;2018-07-01;Pre-covid;Pre-covid
2018;07;Extremadura;Cebollas;815.75;853.24;1.05;58.28;0.69;0.72;2018-07-01;Pre-covid;Pre-covid
2018;07;Extremadura;Ajos;97.9;381.34;3.89;26.2;0.08;0.32;2018-07-01;Pre-covid;Pre-covid
2018;07;Extremadura;Coles;67.32;71.97;1.07;6.5;0.06;0.06;2018-07-01;Pre-covid;Pre-covid
2018;07;Extremadura;Pepinos;405.15;442.9;1.09;48.49;0.34;0.38;2018-07-01;Pre-covid;Pre-covid
2018;07;Extremadura;Judias verdes;171.19;464.43;2.71;25.3;0.15;0.39;2018-07-01;Pre-covid;Pre-covid
2018;07;Extremadura;Pimientos;488.88;883.16;1.81;62.69;0.41;0.75;2018-07-01;Pre-covid;Pre-covid
2018;07;Extremadura;Champiñoneso setas;61.54;198.56;3.23;22.46;0.05;0.17;2018-07-01;Pre-covid;Pre-covid
2018;07;Extremadura;Lechuga/esc /endivia;296.89;840.5;2.83;63.16;0.25;0.71;2018-07-01;Pre-covid;Pre-covid
2018;07;Extremadura;Esparragos;22.94;42.21;1.84;6.6;0.02;0.04;2018-07-01;Pre-covid;Pre-covid
2018;07;Extremadura;Verduras de hoja;41.97;87.88;2.09;17.5;0.04;0.07;2018-07-01;Pre-covid;Pre-covid
2018;07;Extremadura;Berenjenas;287.45;448.34;1.56;26.9;0.24;0.38;2018-07-01;Pre-covid;Pre-covid
2018;07;Extremadura;Zanahorias;298.02;283.22;0.95;54.01;0.25;0.24;2018-07-01;Pre-covid;Pre-covid
2018;07;Extremadura;Calabacines;530.3;660.8;1.25;38.9;0.45;0.56;2018-07-01;Pre-covid;Pre-covid
2018;07;Extremadura;Otr hortalizas/verd ;430.83;969.67;2.25;70.38;0.37;0.82;2018-07-01;Pre-covid;Pre-covid
2018;07;Extremadura;Brocoli;66.24;120.42;1.82;14.36;0.06;0.1;2018-07-01;Pre-covid;Pre-covid
2018;07;Extremadura;Alcachofas;4.37;22.3;5.1;2.95;0.0;0.02;2018-07-01;Pre-covid;Pre-covid
2018;07;Extremadura;Verd /hort  iv gama;856.89;1569.16;1.83;61.17;0.73;1.33;2018-07-01;Pre-covid;Pre-covid
2018;07;Galicia;Patatas;7544.12;6581.94;0.87;72.12;2.72;2.38;2018-07-01;Pre-covid;Pre-covid
2018;07;Galicia;Patatas frescas;6215.47;5158.97;0.83;54.65;2.24;1.86;2018-07-01;Pre-covid;Pre-covid
2018;07;Galicia;Patatas congeladas;197.58;218.15;1.1;6.8;0.07;0.08;2018-07-01;Pre-covid;Pre-covid
2018;07;Galicia;Patatas procesadas;226.21;1204.82;5.33;37.63;0.08;0.43;2018-07-01;Pre-covid;Pre-covid
2018;07;Galicia;Hortalizas frescas;15079.97;26836.68;1.78;95.8;5.44;9.69;2018-07-01;Pre-covid;Pre-covid
2018;07;Galicia;Omates;2833.61;4234.29;1.49;81.0;1.02;1.53;2018-07-01;Pre-covid;Pre-covid
2018;07;Galicia;Cebollas;2049.21;2202.98;1.08;59.88;0.74;0.8;2018-07-01;Pre-covid;Pre-covid
2018;07;Galicia;Ajos;330.08;1093.37;3.31;36.84;0.12;0.39;2018-07-01;Pre-covid;Pre-covid
2018;07;Galicia;Coles;1310.46;1234.75;0.94;17.88;0.47;0.45;2018-07-01;Pre-covid;Pre-covid
2018;07;Galicia;Pepinos;436.62;460.21;1.05;26.62;0.16;0.17;2018-07-01;Pre-covid;Pre-covid
2018;07;Galicia;Judias verdes;907.15;2892.84;3.19;30.77;0.33;1.04;2018-07-01;Pre-covid;Pre-covid
2018;07;Galicia;Pimientos;1450.61;3535.48;2.44;70.74;0.52;1.28;2018-07-01;Pre-covid;Pre-covid
2018;07;Galicia;Champiñoneso setas;144.72;547.48;3.78;22.41;0.05;0.2;2018-07-01;Pre-covid;Pre-covid
2018;07;Galicia;Lechuga/esc /endivia;2040.9;4651.97;2.28;55.63;0.74;1.68;2018-07-01;Pre-covid;Pre-covid
2018;07;Galicia;Esparragos;12.92;62.11;4.81;1.97;0.0;0.02;2018-07-01;Pre-covid;Pre-covid
2018;07;Galicia;Verduras de hoja;248.13;542.31;2.19;14.77;0.09;0.2;2018-07-01;Pre-covid;Pre-covid
2018;07;Galicia;Berenjenas;226.68;357.28;1.58;18.3;0.08;0.13;2018-07-01;Pre-covid;Pre-covid
2018;07;Galicia;Zanahorias;857.09;816.5;0.95;57.69;0.31;0.29;2018-07-01;Pre-covid;Pre-covid
2018;07;Galicia;Calabacines;959.44;1552.15;1.62;39.34;0.35;0.56;2018-07-01;Pre-covid;Pre-covid
2018;07;Galicia;Otr hortalizas/verd ;1272.36;2652.95;2.09;57.87;0.46;0.96;2018-07-01;Pre-covid;Pre-covid
2018;07;Galicia;Brocoli;246.37;456.79;1.85;19.39;0.09;0.16;2018-07-01;Pre-covid;Pre-covid
2018;07;Galicia;Alcachofas;53.38;113.96;2.13;1.87;0.02;0.04;2018-07-01;Pre-covid;Pre-covid
2018;07;Galicia;Verd /hort  iv gama;1067.85;2366.75;2.22;51.42;0.39;0.85;2018-07-01;Pre-covid;Pre-covid
2018;07;La rioja;Patatas;508.02;509.72;1.0;69.3;1.61;1.61;2018-07-01;Pre-covid;Pre-covid
2018;07;La rioja;Patatas frescas;412.49;408.58;0.99;65.68;1.3;1.29;2018-07-01;Pre-covid;Pre-covid
2018;07;La rioja;Patatas congeladas;4.46;4.67;1.05;4.19;0.01;0.01;2018-07-01;Pre-covid;Pre-covid
2018;07;La rioja;Patatas procesadas;18.21;96.47;5.3;29.9;0.06;0.3;2018-07-01;Pre-covid;Pre-covid
2018;07;La rioja;Hortalizas frescas;1794.52;3060.9;1.71;94.93;5.67;9.67;2018-07-01;Pre-covid;Pre-covid
2018;07;La rioja;Omates;282.03;395.9;1.4;60.62;0.89;1.25;2018-07-01;Pre-covid;Pre-covid
2018;07;La rioja;Cebollas;195.57;258.0;1.32;54.13;0.62;0.82;2018-07-01;Pre-covid;Pre-covid
2018;07;La rioja;Ajos;37.26;124.01;3.33;28.94;0.12;0.39;2018-07-01;Pre-covid;Pre-covid
2018;07;La rioja;Coles;25.34;23.73;0.94;4.55;0.08;0.07;2018-07-01;Pre-covid;Pre-covid
2018;07;La rioja;Pepinos;123.32;163.74;1.33;50.08;0.39;0.52;2018-07-01;Pre-covid;Pre-covid
2018;07;La rioja;Judias verdes;217.23;569.96;2.62;46.05;0.69;1.8;2018-07-01;Pre-covid;Pre-covid
2018;07;La rioja;Pimientos;141.97;276.66;1.95;60.14;0.45;0.87;2018-07-01;Pre-covid;Pre-covid
2018;07;La rioja;Champiñoneso setas;35.04;101.22;2.89;46.6;0.11;0.32;2018-07-01;Pre-covid;Pre-covid
2018;07;La rioja;Lechuga/esc /endivia;126.59;326.49;2.58;60.93;0.4;1.03;2018-07-01;Pre-covid;Pre-covid
2018;07;La rioja;Esparragos;0.0;0.0;0.0;0.0;0.0;0.0;2018-07-01;Pre-covid;Pre-covid
2018;07;La rioja;Verduras de hoja;41.51;83.44;2.01;24.86;0.13;0.26;2018-07-01;Pre-covid;Pre-covid
2018;07;La rioja;Berenjenas;62.86;69.23;1.1;8.32;0.2;0.22;2018-07-01;Pre-covid;Pre-covid
2018;07;La rioja;Zanahorias;68.48;67.71;0.99;47.34;0.22;0.21;2018-07-01;Pre-covid;Pre-covid
2018;07;La rioja;Calabacines;230.36;311.42;1.35;39.4;0.73;0.98;2018-07-01;Pre-covid;Pre-covid
2018;07;La rioja;Otr hortalizas/verd ;206.96;289.4;1.4;54.93;0.65;0.91;2018-07-01;Pre-covid;Pre-covid
2018;07;La rioja;Brocoli;85.94;42.65;0.5;10.16;0.27;0.13;2018-07-01;Pre-covid;Pre-covid
2018;07;La rioja;Alcachofas;0.0;0.0;0.0;0.0;0.0;0.0;2018-07-01;Pre-covid;Pre-covid
2018;07;La rioja;Verd /hort  iv gama;105.84;269.68;2.55;46.76;0.33;0.85;2018-07-01;Pre-covid;Pre-covid
2018;07;Madrid;Patatas;12207.03;10738.53;0.88;75.97;1.96;1.73;2018-07-01;Pre-covid;Pre-covid
2018;07;Madrid;Patatas frescas;7967.12;6432.69;0.81;58.6;1.28;1.03;2018-07-01;Pre-covid;Pre-covid
2018;07;Madrid;Patatas congeladas;486.98;590.24;1.21;10.31;0.08;0.09;2018-07-01;Pre-covid;Pre-covid
2018;07;Madrid;Patatas procesadas;750.58;3715.59;4.95;48.3;0.12;0.6;2018-07-01;Pre-covid;Pre-covid
2018;07;Madrid;Hortalizas frescas;26229.55;43177.65;1.65;95.66;4.21;6.94;2018-07-01;Pre-covid;Pre-covid
2018;07;Madrid;Omates;8589.19;12043.19;1.4;84.66;1.38;1.94;2018-07-01;Pre-covid;Pre-covid
2018;07;Madrid;Cebollas;2848.05;3126.45;1.1;62.82;0.46;0.5;2018-07-01;Pre-covid;Pre-covid
2018;07;Madrid;Ajos;298.9;1187.64;3.97;32.63;0.05;0.19;2018-07-01;Pre-covid;Pre-covid
2018;07;Madrid;Coles;296.49;311.49;1.05;10.52;0.05;0.05;2018-07-01;Pre-covid;Pre-covid
2018;07;Madrid;Pepinos;2070.61;2276.15;1.1;55.31;0.33;0.37;2018-07-01;Pre-covid;Pre-covid
2018;07;Madrid;Judias verdes;905.59;2030.07;2.24;33.05;0.15;0.33;2018-07-01;Pre-covid;Pre-covid
2018;07;Madrid;Pimientos;2397.95;4269.8;1.78;66.48;0.39;0.69;2018-07-01;Pre-covid;Pre-covid
2018;07;Madrid;Champiñoneso setas;448.82;1649.96;3.68;27.37;0.07;0.27;2018-07-01;Pre-covid;Pre-covid
2018;07;Madrid;Lechuga/esc /endivia;1253.37;3908.85;3.12;57.32;0.2;0.63;2018-07-01;Pre-covid;Pre-covid
2018;07;Madrid;Esparragos;263.08;725.93;2.76;9.61;0.04;0.12;2018-07-01;Pre-covid;Pre-covid
2018;07;Madrid;Verduras de hoja;361.37;1021.78;2.83;23.18;0.06;0.16;2018-07-01;Pre-covid;Pre-covid
2018;07;Madrid;Berenjenas;556.86;679.05;1.22;24.11;0.09;0.11;2018-07-01;Pre-covid;Pre-covid
2018;07;Madrid;Zanahorias;1376.22;1262.37;0.92;49.8;0.22;0.2;2018-07-01;Pre-covid;Pre-covid
2018;07;Madrid;Calabacines;1845.86;1902.52;1.03;46.13;0.3;0.31;2018-07-01;Pre-covid;Pre-covid
2018;07;Madrid;Otr hortalizas/verd ;2717.21;6782.4;2.5;70.55;0.44;1.09;2018-07-01;Pre-covid;Pre-covid
2018;07;Madrid;Brocoli;329.86;536.82;1.63;15.27;0.05;0.09;2018-07-01;Pre-covid;Pre-covid
2018;07;Madrid;Alcachofas;64.64;78.01;1.21;3.12;0.01;0.01;2018-07-01;Pre-covid;Pre-covid
2018;07;Madrid;Verd /hort  iv gama;3054.42;8602.94;2.82;68.18;0.49;1.38;2018-07-01;Pre-covid;Pre-covid
2018;07;Murcia;Patatas;2847.31;2618.81;0.92;78.9;2.0;1.84;2018-07-01;Pre-covid;Pre-covid
2018;07;Murcia;Patatas frescas;1880.24;1496.69;0.8;57.97;1.32;1.05;2018-07-01;Pre-covid;Pre-covid
2018;07;Murcia;Patatas congeladas;127.58;160.42;1.26;15.67;0.09;0.11;2018-07-01;Pre-covid;Pre-covid
2018;07;Murcia;Patatas procesadas;167.9;961.7;5.73;52.02;0.12;0.68;2018-07-01;Pre-covid;Pre-covid
2018;07;Murcia;Hortalizas frescas;6781.0;10616.31;1.57;93.21;4.76;7.45;2018-07-01;Pre-covid;Pre-covid
2018;07;Murcia;Omates;2039.3;2792.78;1.37;77.68;1.43;1.96;2018-07-01;Pre-covid;Pre-covid
2018;07;Murcia;Cebollas;753.47;682.81;0.91;63.58;0.53;0.48;2018-07-01;Pre-covid;Pre-covid
2018;07;Murcia;Ajos;83.7;274.81;3.28;29.44;0.06;0.19;2018-07-01;Pre-covid;Pre-covid
2018;07;Murcia;Coles;18.58;19.23;1.04;4.54;0.01;0.01;2018-07-01;Pre-covid;Pre-covid
2018;07;Murcia;Pepinos;702.39;724.09;1.03;50.49;0.49;0.51;2018-07-01;Pre-covid;Pre-covid
2018;07;Murcia;Judias verdes;201.77;561.2;2.78;22.14;0.14;0.39;2018-07-01;Pre-covid;Pre-covid
2018;07;Murcia;Pimientos;940.01;1730.41;1.84;67.83;0.66;1.22;2018-07-01;Pre-covid;Pre-covid
2018;07;Murcia;Champiñoneso setas;120.02;292.52;2.44;23.07;0.08;0.21;2018-07-01;Pre-covid;Pre-covid
2018;07;Murcia;Lechuga/esc /endivia;360.25;926.25;2.57;55.46;0.25;0.65;2018-07-01;Pre-covid;Pre-covid
2018;07;Murcia;Esparragos;49.52;85.02;1.72;8.44;0.03;0.06;2018-07-01;Pre-covid;Pre-covid
2018;07;Murcia;Verduras de hoja;61.86;109.23;1.77;12.36;0.04;0.08;2018-07-01;Pre-covid;Pre-covid
2018;07;Murcia;Berenjenas;322.5;531.49;1.65;28.32;0.23;0.37;2018-07-01;Pre-covid;Pre-covid
2018;07;Murcia;Zanahorias;236.58;209.02;0.88;42.86;0.17;0.15;2018-07-01;Pre-covid;Pre-covid
2018;07;Murcia;Calabacines;418.21;542.3;1.3;42.86;0.29;0.38;2018-07-01;Pre-covid;Pre-covid
2018;07;Murcia;Otr hortalizas/verd ;472.85;1135.15;2.4;57.82;0.33;0.8;2018-07-01;Pre-covid;Pre-covid
2018;07;Murcia;Brocoli;68.0;119.22;1.75;8.47;0.05;0.08;2018-07-01;Pre-covid;Pre-covid
2018;07;Murcia;Alcachofas;6.47;12.67;1.96;2.45;0.0;0.01;2018-07-01;Pre-covid;Pre-covid
2018;07;Murcia;Verd /hort  iv gama;1105.12;2331.96;2.11;72.33;0.78;1.64;2018-07-01;Pre-covid;Pre-covid
2018;07;Navarra;Patatas;914.25;920.86;1.01;53.69;1.54;1.55;2018-07-01;Pre-covid;Pre-covid
2018;07;Navarra;Patatas frescas;539.46;531.89;0.99;30.6;0.91;0.9;2018-07-01;Pre-covid;Pre-covid
2018;07;Navarra;Patatas congeladas;29.36;65.81;2.24;6.22;0.05;0.11;2018-07-01;Pre-covid;Pre-covid
2018;07;Navarra;Patatas procesadas;69.09;323.15;4.68;34.41;0.12;0.55;2018-07-01;Pre-covid;Pre-covid
2018;07;Navarra;Hortalizas frescas;2230.55;4367.04;1.96;96.2;3.77;7.37;2018-07-01;Pre-covid;Pre-covid
2018;07;Navarra;Omates;483.02;888.88;1.84;72.23;0.82;1.5;2018-07-01;Pre-covid;Pre-covid
2018;07;Navarra;Cebollas;270.45;345.77;1.28;53.04;0.46;0.58;2018-07-01;Pre-covid;Pre-covid
2018;07;Navarra;Ajos;19.34;101.78;5.26;26.84;0.03;0.17;2018-07-01;Pre-covid;Pre-covid
2018;07;Navarra;Coles;23.77;38.02;1.6;5.7;0.04;0.06;2018-07-01;Pre-covid;Pre-covid
2018;07;Navarra;Pepinos;369.63;603.35;1.63;55.72;0.62;1.02;2018-07-01;Pre-covid;Pre-covid
2018;07;Navarra;Judias verdes;95.42;283.11;2.97;34.63;0.16;0.48;2018-07-01;Pre-covid;Pre-covid
2018;07;Navarra;Pimientos;129.93;275.69;2.12;55.36;0.22;0.47;2018-07-01;Pre-covid;Pre-covid
2018;07;Navarra;Champiñoneso setas;37.66;144.33;3.83;31.79;0.06;0.24;2018-07-01;Pre-covid;Pre-covid
2018;07;Navarra;Lechuga/esc /endivia;170.59;482.53;2.83;48.66;0.29;0.81;2018-07-01;Pre-covid;Pre-covid
2018;07;Navarra;Esparragos;6.13;33.72;5.5;0.43;0.01;0.06;2018-07-01;Pre-covid;Pre-covid
2018;07;Navarra;Verduras de hoja;75.48;139.91;1.85;29.33;0.13;0.24;2018-07-01;Pre-covid;Pre-covid
2018;07;Navarra;Berenjenas;23.12;49.95;2.16;14.08;0.04;0.08;2018-07-01;Pre-covid;Pre-covid
2018;07;Navarra;Zanahorias;97.84;84.94;0.87;50.7;0.17;0.14;2018-07-01;Pre-covid;Pre-covid
2018;07;Navarra;Calabacines;109.01;152.32;1.4;28.76;0.18;0.26;2018-07-01;Pre-covid;Pre-covid
2018;07;Navarra;Otr hortalizas/verd ;319.15;742.74;2.33;61.2;0.54;1.25;2018-07-01;Pre-covid;Pre-covid
2018;07;Navarra;Brocoli;40.57;47.76;1.18;12.49;0.07;0.08;2018-07-01;Pre-covid;Pre-covid
2018;07;Navarra;Alcachofas;49.62;100.55;2.03;5.49;0.08;0.17;2018-07-01;Pre-covid;Pre-covid
2018;07;Navarra;Verd /hort  iv gama;394.26;1065.4;2.7;72.37;0.67;1.8;2018-07-01;Pre-covid;Pre-covid
2018;07;Pais vasco;Patatas;4761.46;4681.46;0.98;81.07;2.3;2.26;2018-07-01;Pre-covid;Pre-covid
2018;07;Pais vasco;Patatas frescas;3383.03;3149.92;0.93;72.74;1.63;1.52;2018-07-01;Pre-covid;Pre-covid
2018;07;Pais vasco;Patatas congeladas;107.38;135.54;1.26;8.75;0.05;0.07;2018-07-01;Pre-covid;Pre-covid
2018;07;Pais vasco;Patatas procesadas;254.21;1395.99;5.49;41.81;0.12;0.67;2018-07-01;Pre-covid;Pre-covid
2018;07;Pais vasco;Hortalizas frescas;10704.37;20195.07;1.89;96.76;5.17;9.76;2018-07-01;Pre-covid;Pre-covid
2018;07;Pais vasco;Omates;2927.41;5172.17;1.77;81.44;1.41;2.5;2018-07-01;Pre-covid;Pre-covid
2018;07;Pais vasco;Cebollas;1400.8;1879.28;1.34;73.7;0.68;0.91;2018-07-01;Pre-covid;Pre-covid
2018;07;Pais vasco;Ajos;123.53;527.74;4.27;40.17;0.06;0.25;2018-07-01;Pre-covid;Pre-covid
2018;07;Pais vasco;Coles;108.67;117.78;1.08;9.26;0.05;0.06;2018-07-01;Pre-covid;Pre-covid
2018;07;Pais vasco;Pepinos;457.91;542.92;1.19;39.04;0.22;0.26;2018-07-01;Pre-covid;Pre-covid
2018;07;Pais vasco;Judias verdes;591.38;1594.87;2.7;43.53;0.29;0.77;2018-07-01;Pre-covid;Pre-covid
2018;07;Pais vasco;Pimientos;1015.89;2111.21;2.08;63.99;0.49;1.02;2018-07-01;Pre-covid;Pre-covid
2018;07;Pais vasco;Champiñoneso setas;204.32;762.13;3.73;34.25;0.1;0.37;2018-07-01;Pre-covid;Pre-covid
2018;07;Pais vasco;Lechuga/esc /endivia;892.36;2235.05;2.5;64.77;0.43;1.08;2018-07-01;Pre-covid;Pre-covid
2018;07;Pais vasco;Esparragos;17.82;100.08;5.62;4.27;0.01;0.05;2018-07-01;Pre-covid;Pre-covid
2018;07;Pais vasco;Verduras de hoja;209.2;490.36;2.34;19.1;0.1;0.24;2018-07-01;Pre-covid;Pre-covid
2018;07;Pais vasco;Berenjenas;183.94;275.24;1.5;19.93;0.09;0.13;2018-07-01;Pre-covid;Pre-covid
2018;07;Pais vasco;Zanahorias;565.08;529.87;0.94;56.35;0.27;0.26;2018-07-01;Pre-covid;Pre-covid
2018;07;Pais vasco;Calabacines;888.24;1115.39;1.26;60.79;0.43;0.54;2018-07-01;Pre-covid;Pre-covid
2018;07;Pais vasco;Otr hortalizas/verd ;1117.81;2740.98;2.45;71.41;0.54;1.32;2018-07-01;Pre-covid;Pre-covid
2018;07;Pais vasco;Brocoli;166.44;234.19;1.41;16.95;0.08;0.11;2018-07-01;Pre-covid;Pre-covid
2018;07;Pais vasco;Alcachofas;8.14;9.55;1.17;1.33;0.0;0.0;2018-07-01;Pre-covid;Pre-covid
2018;07;Pais vasco;Verd /hort  iv gama;922.14;2821.65;3.06;70.9;0.45;1.36;2018-07-01;Pre-covid;Pre-covid
2018;07;Valencia;Patatas;9582.98;9093.76;0.95;80.05;2.02;1.92;2018-07-01;Pre-covid;Pre-covid
2018;07;Valencia;Patatas frescas;6361.49;5527.86;0.87;68.09;1.34;1.17;2018-07-01;Pre-covid;Pre-covid
2018;07;Valencia;Patatas congeladas;364.17;433.85;1.19;12.96;0.08;0.09;2018-07-01;Pre-covid;Pre-covid
2018;07;Valencia;Patatas procesadas;571.46;3132.05;5.48;53.32;0.12;0.66;2018-07-01;Pre-covid;Pre-covid
2018;07;Valencia;Hortalizas frescas;23542.09;39203.46;1.67;95.4;4.97;8.28;2018-07-01;Pre-covid;Pre-covid
2018;07;Valencia;Omates;6635.83;9320.85;1.4;81.93;1.4;1.97;2018-07-01;Pre-covid;Pre-covid
2018;07;Valencia;Cebollas;2609.48;2665.31;1.02;62.31;0.55;0.56;2018-07-01;Pre-covid;Pre-covid
2018;07;Valencia;Ajos;221.59;962.3;4.34;28.66;0.05;0.2;2018-07-01;Pre-covid;Pre-covid
2018;07;Valencia;Coles;187.93;203.24;1.08;6.17;0.04;0.04;2018-07-01;Pre-covid;Pre-covid
2018;07;Valencia;Pepinos;2051.72;2127.92;1.04;54.97;0.43;0.45;2018-07-01;Pre-covid;Pre-covid
2018;07;Valencia;Judias verdes;719.58;1824.94;2.54;30.04;0.15;0.39;2018-07-01;Pre-covid;Pre-covid
2018;07;Valencia;Pimientos;1986.29;3647.39;1.84;61.85;0.42;0.77;2018-07-01;Pre-covid;Pre-covid
2018;07;Valencia;Champiñoneso setas;443.25;1685.08;3.8;36.13;0.09;0.36;2018-07-01;Pre-covid;Pre-covid
2018;07;Valencia;Lechuga/esc /endivia;1446.63;4265.62;2.95;60.36;0.31;0.9;2018-07-01;Pre-covid;Pre-covid
2018;07;Valencia;Esparragos;93.03;312.92;3.36;6.78;0.02;0.07;2018-07-01;Pre-covid;Pre-covid
2018;07;Valencia;Verduras de hoja;418.55;953.94;2.28;22.92;0.09;0.2;2018-07-01;Pre-covid;Pre-covid
2018;07;Valencia;Berenjenas;1050.18;1244.4;1.18;37.21;0.22;0.26;2018-07-01;Pre-covid;Pre-covid
2018;07;Valencia;Zanahorias;1145.84;1088.78;0.95;49.12;0.24;0.23;2018-07-01;Pre-covid;Pre-covid
2018;07;Valencia;Calabacines;1396.67;1666.87;1.19;44.9;0.3;0.35;2018-07-01;Pre-covid;Pre-covid
2018;07;Valencia;Otr hortalizas/verd ;3135.52;7233.9;2.31;72.19;0.66;1.53;2018-07-01;Pre-covid;Pre-covid
2018;07;Valencia;Brocoli;477.15;684.4;1.43;17.87;0.1;0.14;2018-07-01;Pre-covid;Pre-covid
2018;07;Valencia;Alcachofas;498.49;1091.38;2.19;8.23;0.11;0.23;2018-07-01;Pre-covid;Pre-covid
2018;07;Valencia;Verd /hort  iv gama;2626.36;7318.18;2.79;66.63;0.55;1.55;2018-07-01;Pre-covid;Pre-covid
2018;07;Nacional;Frutas frescas;407395.18;589757.57;1.45;94.53;8.93;12.92;2018-07-01;Pre-covid;Pre-covid
2018;07;Nacional;Naranjas;36184.19;39464.2;1.09;32.89;0.79;0.86;2018-07-01;Pre-covid;Pre-covid
2018;07;Nacional;Mandarinas;748.05;1225.68;1.64;3.25;0.02;0.03;2018-07-01;Pre-covid;Pre-covid
2018;07;Nacional;Limones;9885.05;20220.73;2.05;38.14;0.22;0.44;2018-07-01;Pre-covid;Pre-covid
2018;07;Nacional;Platanos;34972.86;58421.24;1.67;68.39;0.77;1.28;2018-07-01;Pre-covid;Pre-covid
2018;07;Nacional;Manzanas;20574.59;37731.48;1.83;48.87;0.45;0.83;2018-07-01;Pre-covid;Pre-covid
2018;07;Nacional;Peras;9588.03;16190.17;1.69;30.04;0.21;0.35;2018-07-01;Pre-covid;Pre-covid
2018;07;Nacional;Melocotones;32083.95;51613.0;1.61;56.63;0.7;1.13;2018-07-01;Pre-covid;Pre-covid
2018;07;Nacional;Nectarinas;21361.4;29788.41;1.39;43.99;0.47;0.65;2018-07-01;Pre-covid;Pre-covid
2018;07;Nacional;Albaricoques;10280.86;19412.97;1.89;34.59;0.23;0.43;2018-07-01;Pre-covid;Pre-covid
2018;07;Nacional;Fresas/freson;1629.09;5384.99;3.31;7.45;0.04;0.12;2018-07-01;Pre-covid;Pre-covid
2018;07;Nacional;Melon;65474.35;67436.62;1.03;62.51;1.43;1.48;2018-07-01;Pre-covid;Pre-covid
2018;07;Nacional;Sandia;91616.98;63591.36;0.69;60.72;2.01;1.39;2018-07-01;Pre-covid;Pre-covid
2018;07;Nacional;Ciruelas;7361.34;13579.21;1.84;25.63;0.16;0.3;2018-07-01;Pre-covid;Pre-covid
2018;07;Nacional;Cerezas;23445.63;66451.82;2.83;54.38;0.51;1.46;2018-07-01;Pre-covid;Pre-covid
2018;07;Nacional;Uvas;1897.68;5783.92;3.05;11.19;0.04;0.13;2018-07-01;Pre-covid;Pre-covid
2018;07;Nacional;Kiwi;8592.3;27976.28;3.26;29.01;0.19;0.61;2018-07-01;Pre-covid;Pre-covid
2018;07;Nacional;Aguacate;4683.91;15068.81;3.22;26.31;0.1;0.33;2018-07-01;Pre-covid;Pre-covid
2018;07;Nacional;Piña;6145.11;8135.92;1.32;16.46;0.13;0.18;2018-07-01;Pre-covid;Pre-covid
2018;07;Nacional;Otras frutas frescas;20869.8;42280.75;2.03;50.31;0.46;0.93;2018-07-01;Pre-covid;Pre-covid
2018;07;Nacional;Pomelo;1614.25;2767.67;1.71;4.19;0.04;0.06;2018-07-01;Pre-covid;Pre-covid
2018;07;Nacional;Chirimoya;0.0;0.0;0.0;0.0;0.0;0.0;2018-07-01;Pre-covid;Pre-covid
2018;07;Nacional;Frutas iv gama;18433.26;27881.77;1.51;29.04;0.4;0.61;2018-07-01;Pre-covid;Pre-covid
2018;07;Andalucia;Frutas frescas;69570.32;92426.61;1.33;94.16;8.01;10.64;2018-07-01;Pre-covid;Pre-covid
2018;07;Andalucia;Naranjas;4402.95;4508.24;1.02;28.96;0.51;0.52;2018-07-01;Pre-covid;Pre-covid
2018;07;Andalucia;Mandarinas;84.71;163.66;1.93;2.09;0.01;0.02;2018-07-01;Pre-covid;Pre-covid
2018;07;Andalucia;Limones;1464.92;2788.34;1.9;37.24;0.17;0.32;2018-07-01;Pre-covid;Pre-covid
2018;07;Andalucia;Platanos;6056.76;9471.63;1.56;68.75;0.7;1.09;2018-07-01;Pre-covid;Pre-covid
2018;07;Andalucia;Manzanas;3228.22;5855.18;1.81;49.61;0.37;0.67;2018-07-01;Pre-covid;Pre-covid
2018;07;Andalucia;Peras;1536.55;2570.44;1.67;28.56;0.18;0.3;2018-07-01;Pre-covid;Pre-covid
2018;07;Andalucia;Melocotones;4622.81;7330.65;1.59;54.07;0.53;0.84;2018-07-01;Pre-covid;Pre-covid
2018;07;Andalucia;Nectarinas;2977.05;3961.52;1.33;39.57;0.34;0.46;2018-07-01;Pre-covid;Pre-covid
2018;07;Andalucia;Albaricoques;1298.89;2549.98;1.96;23.55;0.15;0.29;2018-07-01;Pre-covid;Pre-covid
2018;07;Andalucia;Fresas/freson;202.39;582.92;2.88;5.4;0.02;0.07;2018-07-01;Pre-covid;Pre-covid
2018;07;Andalucia;Melon;12262.81;11771.65;0.96;62.53;1.41;1.35;2018-07-01;Pre-covid;Pre-covid
2018;07;Andalucia;Sandia;19105.68;12383.35;0.65;65.35;2.2;1.43;2018-07-01;Pre-covid;Pre-covid
2018;07;Andalucia;Ciruelas;1458.93;2655.6;1.82;28.33;0.17;0.31;2018-07-01;Pre-covid;Pre-covid
2018;07;Andalucia;Cerezas;4520.24;11605.42;2.57;55.47;0.52;1.34;2018-07-01;Pre-covid;Pre-covid
2018;07;Andalucia;Uvas;446.27;1288.57;2.89;13.75;0.05;0.15;2018-07-01;Pre-covid;Pre-covid
2018;07;Andalucia;Kiwi;1065.49;3275.63;3.07;27.34;0.12;0.38;2018-07-01;Pre-covid;Pre-covid
2018;07;Andalucia;Aguacate;690.5;1997.78;2.89;25.44;0.08;0.23;2018-07-01;Pre-covid;Pre-covid
2018;07;Andalucia;Piña;989.0;1269.37;1.28;17.17;0.11;0.15;2018-07-01;Pre-covid;Pre-covid
2018;07;Andalucia;Otras frutas frescas;3156.15;6396.7;2.03;47.67;0.36;0.74;2018-07-01;Pre-covid;Pre-covid
2018;07;Andalucia;Pomelo;360.14;533.47;1.48;5.86;0.04;0.06;2018-07-01;Pre-covid;Pre-covid
2018;07;Andalucia;Chirimoya;0.0;0.0;0.0;0.0;0.0;0.0;2018-07-01;Pre-covid;Pre-covid
2018;07;Andalucia;Frutas iv gama;3468.26;4862.09;1.4;30.9;0.4;0.56;2018-07-01;Pre-covid;Pre-covid
2018;07;Aragon;Frutas frescas;12359.73;17277.35;1.4;95.86;9.41;13.16;2018-07-01;Pre-covid;Pre-covid
2018;07;Aragon;Naranjas;782.47;965.58;1.23;36.33;0.6;0.74;2018-07-01;Pre-covid;Pre-covid
2018;07;Aragon;Mandarinas;14.35;17.45;1.22;3.29;0.01;0.01;2018-07-01;Pre-covid;Pre-covid
2018;07;Aragon;Limones;223.59;448.2;2.0;38.96;0.17;0.34;2018-07-01;Pre-covid;Pre-covid
2018;07;Aragon;Platanos;900.82;1509.95;1.68;68.54;0.69;1.15;2018-07-01;Pre-covid;Pre-covid
2018;07;Aragon;Manzanas;504.23;923.2;1.83;47.2;0.38;0.7;2018-07-01;Pre-covid;Pre-covid
2018;07;Aragon;Peras;198.41;329.43;1.66;30.16;0.15;0.25;2018-07-01;Pre-covid;Pre-covid
2018;07;Aragon;Melocotones;1377.59;2180.92;1.58;52.17;1.05;1.66;2018-07-01;Pre-covid;Pre-covid
2018;07;Aragon;Nectarinas;969.86;1214.1;1.25;46.63;0.74;0.92;2018-07-01;Pre-covid;Pre-covid
2018;07;Aragon;Albaricoques;571.92;909.03;1.59;41.41;0.44;0.69;2018-07-01;Pre-covid;Pre-covid
2018;07;Aragon;Fresas/freson;67.1;284.76;4.24;6.73;0.05;0.22;2018-07-01;Pre-covid;Pre-covid
2018;07;Aragon;Melon;1710.07;1791.53;1.05;60.66;1.3;1.36;2018-07-01;Pre-covid;Pre-covid
2018;07;Aragon;Sandia;3010.84;2146.06;0.71;67.32;2.29;1.63;2018-07-01;Pre-covid;Pre-covid
2018;07;Aragon;Ciruelas;161.83;281.08;1.74;14.93;0.12;0.21;2018-07-01;Pre-covid;Pre-covid
2018;07;Aragon;Cerezas;638.35;1724.06;2.7;59.79;0.49;1.31;2018-07-01;Pre-covid;Pre-covid
2018;07;Aragon;Uvas;28.11;76.01;2.7;4.46;0.02;0.06;2018-07-01;Pre-covid;Pre-covid
2018;07;Aragon;Kiwi;207.99;721.78;3.47;24.22;0.16;0.55;2018-07-01;Pre-covid;Pre-covid
2018;07;Aragon;Aguacate;95.11;318.83;3.35;23.11;0.07;0.24;2018-07-01;Pre-covid;Pre-covid
2018;07;Aragon;Piña;195.64;204.34;1.04;18.74;0.15;0.16;2018-07-01;Pre-covid;Pre-covid
2018;07;Aragon;Otras frutas frescas;701.46;1231.04;1.75;49.58;0.53;0.94;2018-07-01;Pre-covid;Pre-covid
2018;07;Aragon;Pomelo;31.73;54.32;1.71;5.24;0.02;0.04;2018-07-01;Pre-covid;Pre-covid
2018;07;Aragon;Chirimoya;0.0;0.0;0.0;0.0;0.0;0.0;2018-07-01;Pre-covid;Pre-covid
2018;07;Aragon;Frutas iv gama;441.84;561.5;1.27;23.73;0.34;0.43;2018-07-01;Pre-covid;Pre-covid
2018;07;Asturias;Frutas frescas;9985.49;16113.02;1.61;93.35;9.21;14.86;2018-07-01;Pre-covid;Pre-covid
2018;07;Asturias;Naranjas;1120.58;1184.9;1.06;33.81;1.03;1.09;2018-07-01;Pre-covid;Pre-covid
2018;07;Asturias;Mandarinas;36.49;79.84;2.19;12.03;0.03;0.07;2018-07-01;Pre-covid;Pre-covid
2018;07;Asturias;Limones;168.75;363.15;2.15;26.71;0.16;0.33;2018-07-01;Pre-covid;Pre-covid
2018;07;Asturias;Platanos;1101.35;1960.6;1.78;72.01;1.02;1.81;2018-07-01;Pre-covid;Pre-covid
2018;07;Asturias;Manzanas;539.06;1023.26;1.9;53.61;0.5;0.94;2018-07-01;Pre-covid;Pre-covid
2018;07;Asturias;Peras;259.51;388.39;1.5;27.73;0.24;0.36;2018-07-01;Pre-covid;Pre-covid
2018;07;Asturias;Melocotones;807.92;1184.04;1.47;58.14;0.75;1.09;2018-07-01;Pre-covid;Pre-covid
2018;07;Asturias;Nectarinas;797.96;1196.62;1.5;65.02;0.74;1.1;2018-07-01;Pre-covid;Pre-covid
2018;07;Asturias;Albaricoques;252.79;456.0;1.8;34.27;0.23;0.42;2018-07-01;Pre-covid;Pre-covid
2018;07;Asturias;Fresas/freson;60.13;272.06;4.52;10.74;0.06;0.25;2018-07-01;Pre-covid;Pre-covid
2018;07;Asturias;Melon;1227.39;1448.39;1.18;63.49;1.13;1.34;2018-07-01;Pre-covid;Pre-covid
2018;07;Asturias;Sandia;1245.28;961.95;0.77;42.19;1.15;0.89;2018-07-01;Pre-covid;Pre-covid
2018;07;Asturias;Ciruelas;160.64;242.38;1.51;26.78;0.15;0.22;2018-07-01;Pre-covid;Pre-covid
2018;07;Asturias;Cerezas;851.85;2349.0;2.76;63.68;0.79;2.17;2018-07-01;Pre-covid;Pre-covid
2018;07;Asturias;Uvas;47.97;147.8;3.08;14.93;0.04;0.14;2018-07-01;Pre-covid;Pre-covid
2018;07;Asturias;Kiwi;355.66;1089.25;3.06;32.96;0.33;1.0;2018-07-01;Pre-covid;Pre-covid
2018;07;Asturias;Aguacate;57.71;195.35;3.39;22.05;0.05;0.18;2018-07-01;Pre-covid;Pre-covid
2018;07;Asturias;Piña;274.26;320.01;1.17;19.53;0.25;0.3;2018-07-01;Pre-covid;Pre-covid
2018;07;Asturias;Otras frutas frescas;620.19;1250.03;2.02;56.32;0.57;1.15;2018-07-01;Pre-covid;Pre-covid
2018;07;Asturias;Pomelo;35.41;67.66;1.91;3.78;0.03;0.06;2018-07-01;Pre-covid;Pre-covid
2018;07;Asturias;Chirimoya;0.0;0.0;0.0;0.0;0.0;0.0;2018-07-01;Pre-covid;Pre-covid
2018;07;Asturias;Frutas iv gama;269.47;430.97;1.6;24.82;0.25;0.4;2018-07-01;Pre-covid;Pre-covid
2018;07;Baleares;Frutas frescas;9552.31;15508.43;1.62;97.11;9.27;15.06;2018-07-01;Pre-covid;Pre-covid
2018;07;Baleares;Naranjas;780.45;846.61;1.08;27.57;0.76;0.82;2018-07-01;Pre-covid;Pre-covid
2018;07;Baleares;Mandarinas;11.1;15.96;1.44;2.39;0.01;0.02;2018-07-01;Pre-covid;Pre-covid
2018;07;Baleares;Limones;205.81;527.87;2.56;43.4;0.2;0.51;2018-07-01;Pre-covid;Pre-covid
2018;07;Baleares;Platanos;931.09;1739.83;1.87;74.33;0.9;1.69;2018-07-01;Pre-covid;Pre-covid
2018;07;Baleares;Manzanas;441.89;768.27;1.74;47.45;0.43;0.75;2018-07-01;Pre-covid;Pre-covid
2018;07;Baleares;Peras;239.02;468.79;1.96;34.49;0.23;0.46;2018-07-01;Pre-covid;Pre-covid
2018;07;Baleares;Melocotones;575.48;1260.16;2.19;43.89;0.56;1.22;2018-07-01;Pre-covid;Pre-covid
2018;07;Baleares;Nectarinas;376.32;588.31;1.56;34.64;0.37;0.57;2018-07-01;Pre-covid;Pre-covid
2018;07;Baleares;Albaricoques;239.12;497.58;2.08;40.3;0.23;0.48;2018-07-01;Pre-covid;Pre-covid
2018;07;Baleares;Fresas/freson;43.29;168.17;3.89;8.22;0.04;0.16;2018-07-01;Pre-covid;Pre-covid
2018;07;Baleares;Melon;1847.6;2170.2;1.17;61.44;1.79;2.11;2018-07-01;Pre-covid;Pre-covid
2018;07;Baleares;Sandia;2054.47;1552.95;0.76;55.25;1.99;1.51;2018-07-01;Pre-covid;Pre-covid
2018;07;Baleares;Ciruelas;189.62;415.72;2.19;22.35;0.18;0.4;2018-07-01;Pre-covid;Pre-covid
2018;07;Baleares;Cerezas;597.0;1981.47;3.32;59.88;0.58;1.92;2018-07-01;Pre-covid;Pre-covid
2018;07;Baleares;Uvas;86.28;258.79;3.0;20.05;0.08;0.25;2018-07-01;Pre-covid;Pre-covid
2018;07;Baleares;Kiwi;205.98;620.24;3.01;28.29;0.2;0.6;2018-07-01;Pre-covid;Pre-covid
2018;07;Baleares;Aguacate;157.38;535.98;3.41;28.87;0.15;0.52;2018-07-01;Pre-covid;Pre-covid
2018;07;Baleares;Piña;130.25;217.49;1.67;24.2;0.13;0.21;2018-07-01;Pre-covid;Pre-covid
2018;07;Baleares;Otras frutas frescas;440.17;874.04;1.99;55.37;0.43;0.85;2018-07-01;Pre-covid;Pre-covid
2018;07;Baleares;Pomelo;43.29;84.58;1.95;5.3;0.04;0.08;2018-07-01;Pre-covid;Pre-covid
2018;07;Baleares;Chirimoya;0.0;0.0;0.0;0.0;0.0;0.0;2018-07-01;Pre-covid;Pre-covid
2018;07;Baleares;Frutas iv gama;487.09;981.75;2.02;24.67;0.47;0.95;2018-07-01;Pre-covid;Pre-covid
2018;07;Canarias;Frutas frescas;17572.43;27251.67;1.55;95.81;8.04;12.46;2018-07-01;Pre-covid;Pre-covid
2018;07;Canarias;Naranjas;2249.57;2462.74;1.09;38.34;1.03;1.13;2018-07-01;Pre-covid;Pre-covid
2018;07;Canarias;Mandarinas;31.77;59.58;1.88;1.56;0.01;0.03;2018-07-01;Pre-covid;Pre-covid
2018;07;Canarias;Limones;544.62;1016.54;1.87;45.18;0.25;0.46;2018-07-01;Pre-covid;Pre-covid
2018;07;Canarias;Platanos;2166.97;3103.42;1.43;67.79;0.99;1.42;2018-07-01;Pre-covid;Pre-covid
2018;07;Canarias;Manzanas;1548.31;3034.03;1.96;56.39;0.71;1.39;2018-07-01;Pre-covid;Pre-covid
2018;07;Canarias;Peras;516.31;969.71;1.88;25.62;0.24;0.44;2018-07-01;Pre-covid;Pre-covid
2018;07;Canarias;Melocotones;560.76;813.64;1.45;49.29;0.26;0.37;2018-07-01;Pre-covid;Pre-covid
2018;07;Canarias;Nectarinas;1061.16;1521.28;1.43;56.26;0.49;0.7;2018-07-01;Pre-covid;Pre-covid
2018;07;Canarias;Albaricoques;285.49;543.71;1.9;31.25;0.13;0.25;2018-07-01;Pre-covid;Pre-covid
2018;07;Canarias;Fresas/freson;63.57;235.64;3.71;10.67;0.03;0.11;2018-07-01;Pre-covid;Pre-covid
2018;07;Canarias;Melon;2222.81;2316.76;1.04;68.27;1.02;1.06;2018-07-01;Pre-covid;Pre-covid
2018;07;Canarias;Sandia;2829.21;2173.3;0.77;56.31;1.29;0.99;2018-07-01;Pre-covid;Pre-covid
2018;07;Canarias;Ciruelas;530.9;1028.66;1.94;39.96;0.24;0.47;2018-07-01;Pre-covid;Pre-covid
2018;07;Canarias;Cerezas;596.33;1919.34;3.22;53.54;0.27;0.88;2018-07-01;Pre-covid;Pre-covid
2018;07;Canarias;Uvas;157.81;384.43;2.44;13.99;0.07;0.18;2018-07-01;Pre-covid;Pre-covid
2018;07;Canarias;Kiwi;376.04;1243.69;3.31;29.73;0.17;0.57;2018-07-01;Pre-covid;Pre-covid
2018;07;Canarias;Aguacate;358.07;1302.07;3.64;28.69;0.16;0.6;2018-07-01;Pre-covid;Pre-covid
2018;07;Canarias;Piña;76.92;131.52;1.71;5.75;0.04;0.06;2018-07-01;Pre-covid;Pre-covid
2018;07;Canarias;Otras frutas frescas;1395.82;2991.61;2.14;61.43;0.64;1.37;2018-07-01;Pre-covid;Pre-covid
2018;07;Canarias;Pomelo;57.08;84.16;1.47;1.76;0.03;0.04;2018-07-01;Pre-covid;Pre-covid
2018;07;Canarias;Chirimoya;0.0;0.0;0.0;0.0;0.0;0.0;2018-07-01;Pre-covid;Pre-covid
2018;07;Canarias;Frutas iv gama;1563.07;2222.23;1.42;33.0;0.71;1.02;2018-07-01;Pre-covid;Pre-covid
2018;07;Cantabria;Frutas frescas;5524.88;8300.36;1.5;96.9;9.93;14.91;2018-07-01;Pre-covid;Pre-covid
2018;07;Cantabria;Naranjas;818.66;936.28;1.14;35.6;1.47;1.68;2018-07-01;Pre-covid;Pre-covid
2018;07;Cantabria;Mandarinas;30.59;47.03;1.54;13.44;0.05;0.08;2018-07-01;Pre-covid;Pre-covid
2018;07;Cantabria;Limones;113.5;244.99;2.16;37.17;0.2;0.44;2018-07-01;Pre-covid;Pre-covid
2018;07;Cantabria;Platanos;474.31;754.95;1.59;57.84;0.85;1.36;2018-07-01;Pre-covid;Pre-covid
2018;07;Cantabria;Manzanas;305.52;555.89;1.82;56.87;0.55;1.0;2018-07-01;Pre-covid;Pre-covid
2018;07;Cantabria;Peras;115.81;178.32;1.54;28.3;0.21;0.32;2018-07-01;Pre-covid;Pre-covid
2018;07;Cantabria;Melocotones;392.55;514.18;1.31;68.54;0.71;0.92;2018-07-01;Pre-covid;Pre-covid
2018;07;Cantabria;Nectarinas;705.96;919.61;1.3;69.51;1.27;1.65;2018-07-01;Pre-covid;Pre-covid
2018;07;Cantabria;Albaricoques;136.04;285.82;2.1;27.99;0.24;0.51;2018-07-01;Pre-covid;Pre-covid
2018;07;Cantabria;Fresas/freson;13.32;54.31;4.08;9.49;0.02;0.1;2018-07-01;Pre-covid;Pre-covid
2018;07;Cantabria;Melon;662.89;687.69;1.04;62.59;1.19;1.24;2018-07-01;Pre-covid;Pre-covid
2018;07;Cantabria;Sandia;581.13;414.3;0.71;54.59;1.04;0.74;2018-07-01;Pre-covid;Pre-covid
2018;07;Cantabria;Ciruelas;64.04;97.99;1.53;29.62;0.12;0.18;2018-07-01;Pre-covid;Pre-covid
2018;07;Cantabria;Cerezas;342.64;906.0;2.64;58.28;0.62;1.63;2018-07-01;Pre-covid;Pre-covid
2018;07;Cantabria;Uvas;13.14;37.47;2.85;6.09;0.02;0.07;2018-07-01;Pre-covid;Pre-covid
2018;07;Cantabria;Kiwi;176.65;625.83;3.54;31.57;0.32;1.12;2018-07-01;Pre-covid;Pre-covid
2018;07;Cantabria;Aguacate;87.74;312.05;3.56;32.21;0.16;0.56;2018-07-01;Pre-covid;Pre-covid
2018;07;Cantabria;Piña;85.88;111.67;1.3;24.2;0.15;0.2;2018-07-01;Pre-covid;Pre-covid
2018;07;Cantabria;Otras frutas frescas;404.49;615.98;1.52;51.09;0.73;1.11;2018-07-01;Pre-covid;Pre-covid
2018;07;Cantabria;Pomelo;0.0;0.0;0.0;0.0;0.0;0.0;2018-07-01;Pre-covid;Pre-covid
2018;07;Cantabria;Chirimoya;0.0;0.0;0.0;0.0;0.0;0.0;2018-07-01;Pre-covid;Pre-covid
2018;07;Cantabria;Frutas iv gama;202.8;409.54;2.02;37.25;0.36;0.74;2018-07-01;Pre-covid;Pre-covid
2018;07;Castilla la mancha;Frutas frescas;17438.84;22328.6;1.28;97.04;8.31;10.64;2018-07-01;Pre-covid;Pre-covid
2018;07;Castilla la mancha;Naranjas;1360.04;1462.14;1.08;30.87;0.65;0.7;2018-07-01;Pre-covid;Pre-covid
2018;07;Castilla la mancha;Mandarinas;23.82;33.72;1.42;3.5;0.01;0.02;2018-07-01;Pre-covid;Pre-covid
2018;07;Castilla la mancha;Limones;393.85;764.95;1.94;43.68;0.19;0.36;2018-07-01;Pre-covid;Pre-covid
2018;07;Castilla la mancha;Platanos;1427.63;2454.48;1.72;68.1;0.68;1.17;2018-07-01;Pre-covid;Pre-covid
2018;07;Castilla la mancha;Manzanas;735.95;1264.05;1.72;49.86;0.35;0.6;2018-07-01;Pre-covid;Pre-covid
2018;07;Castilla la mancha;Peras;348.66;575.26;1.65;28.47;0.17;0.27;2018-07-01;Pre-covid;Pre-covid
2018;07;Castilla la mancha;Melocotones;1311.11;2070.92;1.58;63.75;0.62;0.99;2018-07-01;Pre-covid;Pre-covid
2018;07;Castilla la mancha;Nectarinas;750.11;1013.48;1.35;39.26;0.36;0.48;2018-07-01;Pre-covid;Pre-covid
2018;07;Castilla la mancha;Albaricoques;443.33;795.72;1.79;41.75;0.21;0.38;2018-07-01;Pre-covid;Pre-covid
2018;07;Castilla la mancha;Fresas/freson;14.88;34.19;2.3;4.5;0.01;0.02;2018-07-01;Pre-covid;Pre-covid
2018;07;Castilla la mancha;Melon;2445.4;2390.14;0.98;60.86;1.17;1.14;2018-07-01;Pre-covid;Pre-covid
2018;07;Castilla la mancha;Sandia;5685.25;3668.81;0.65;70.13;2.71;1.75;2018-07-01;Pre-covid;Pre-covid
2018;07;Castilla la mancha;Ciruelas;213.55;342.61;1.6;21.67;0.1;0.16;2018-07-01;Pre-covid;Pre-covid
2018;07;Castilla la mancha;Cerezas;739.35;1909.29;2.58;50.12;0.35;0.91;2018-07-01;Pre-covid;Pre-covid
2018;07;Castilla la mancha;Uvas;33.2;116.14;3.5;4.65;0.02;0.06;2018-07-01;Pre-covid;Pre-covid
2018;07;Castilla la mancha;Kiwi;382.68;1172.26;3.06;35.39;0.18;0.56;2018-07-01;Pre-covid;Pre-covid
2018;07;Castilla la mancha;Aguacate;229.5;655.16;2.85;22.0;0.11;0.31;2018-07-01;Pre-covid;Pre-covid
2018;07;Castilla la mancha;Piña;221.23;274.26;1.24;16.41;0.11;0.13;2018-07-01;Pre-covid;Pre-covid
2018;07;Castilla la mancha;Otras frutas frescas;679.28;1331.02;1.96;47.1;0.32;0.63;2018-07-01;Pre-covid;Pre-covid
2018;07;Castilla la mancha;Pomelo;32.85;63.84;1.94;2.62;0.02;0.03;2018-07-01;Pre-covid;Pre-covid
2018;07;Castilla la mancha;Chirimoya;0.0;0.0;0.0;0.0;0.0;0.0;2018-07-01;Pre-covid;Pre-covid
2018;07;Castilla la mancha;Frutas iv gama;616.09;906.61;1.47;27.4;0.29;0.43;2018-07-01;Pre-covid;Pre-covid
2018;07;Castilla leon;Frutas frescas;22843.62;32957.82;1.44;94.39;9.34;13.47;2018-07-01;Pre-covid;Pre-covid
2018;07;Castilla leon;Naranjas;2501.76;2606.98;1.04;41.6;1.02;1.07;2018-07-01;Pre-covid;Pre-covid
2018;07;Castilla leon;Mandarinas;102.56;157.08;1.53;5.95;0.04;0.06;2018-07-01;Pre-covid;Pre-covid
2018;07;Castilla leon;Limones;545.31;1147.44;2.1;36.08;0.22;0.47;2018-07-01;Pre-covid;Pre-covid
2018;07;Castilla leon;Platanos;1969.05;3204.36;1.63;71.0;0.8;1.31;2018-07-01;Pre-covid;Pre-covid
2018;07;Castilla leon;Manzanas;1192.68;1991.59;1.67;50.66;0.49;0.81;2018-07-01;Pre-covid;Pre-covid
2018;07;Castilla leon;Peras;668.6;1081.81;1.62;34.61;0.27;0.44;2018-07-01;Pre-covid;Pre-covid
2018;07;Castilla leon;Melocotones;1618.32;2460.45;1.52;56.04;0.66;1.01;2018-07-01;Pre-covid;Pre-covid
2018;07;Castilla leon;Nectarinas;1396.64;1911.53;1.37;47.68;0.57;0.78;2018-07-01;Pre-covid;Pre-covid
2018;07;Castilla leon;Albaricoques;618.36;1230.75;1.99;39.31;0.25;0.5;2018-07-01;Pre-covid;Pre-covid
2018;07;Castilla leon;Fresas/freson;71.12;212.63;2.99;6.3;0.03;0.09;2018-07-01;Pre-covid;Pre-covid
2018;07;Castilla leon;Melon;3173.15;3159.62;1.0;60.46;1.3;1.29;2018-07-01;Pre-covid;Pre-covid
2018;07;Castilla leon;Sandia;4986.41;3352.49;0.67;60.34;2.04;1.37;2018-07-01;Pre-covid;Pre-covid
2018;07;Castilla leon;Ciruelas;249.99;463.81;1.86;20.91;0.1;0.19;2018-07-01;Pre-covid;Pre-covid
2018;07;Castilla leon;Cerezas;1235.36;3778.06;3.06;45.55;0.5;1.54;2018-07-01;Pre-covid;Pre-covid
2018;07;Castilla leon;Uvas;49.21;157.65;3.2;7.99;0.02;0.06;2018-07-01;Pre-covid;Pre-covid
2018;07;Castilla leon;Kiwi;775.17;2618.36;3.38;33.1;0.32;1.07;2018-07-01;Pre-covid;Pre-covid
2018;07;Castilla leon;Aguacate;231.42;779.61;3.37;24.52;0.09;0.32;2018-07-01;Pre-covid;Pre-covid
2018;07;Castilla leon;Piña;306.48;352.38;1.15;15.6;0.13;0.14;2018-07-01;Pre-covid;Pre-covid
2018;07;Castilla leon;Otras frutas frescas;1152.03;2291.23;1.99;52.83;0.47;0.94;2018-07-01;Pre-covid;Pre-covid
2018;07;Castilla leon;Pomelo;79.26;127.68;1.61;5.03;0.03;0.05;2018-07-01;Pre-covid;Pre-covid
2018;07;Castilla leon;Chirimoya;0.0;0.0;0.0;0.0;0.0;0.0;2018-07-01;Pre-covid;Pre-covid
2018;07;Castilla leon;Frutas iv gama;991.76;1206.29;1.22;24.12;0.41;0.49;2018-07-01;Pre-covid;Pre-covid
2018;07;Cataluña;Frutas frescas;69084.0;104981.73;1.52;95.36;9.98;15.17;2018-07-01;Pre-covid;Pre-covid
2018;07;Cataluña;Naranjas;6182.96;6884.98;1.11;35.15;0.89;1.0;2018-07-01;Pre-covid;Pre-covid
2018;07;Cataluña;Mandarinas;59.28;91.95;1.55;1.69;0.01;0.01;2018-07-01;Pre-covid;Pre-covid
2018;07;Cataluña;Limones;1593.58;3495.04;2.19;37.51;0.23;0.51;2018-07-01;Pre-covid;Pre-covid
2018;07;Cataluña;Platanos;5195.74;9017.19;1.74;66.33;0.75;1.3;2018-07-01;Pre-covid;Pre-covid
2018;07;Cataluña;Manzanas;3231.96;6130.68;1.9;46.86;0.47;0.89;2018-07-01;Pre-covid;Pre-covid
2018;07;Cataluña;Peras;1619.08;2805.3;1.73;31.61;0.23;0.41;2018-07-01;Pre-covid;Pre-covid
2018;07;Cataluña;Melocotones;7620.34;13022.93;1.71;67.49;1.1;1.88;2018-07-01;Pre-covid;Pre-covid
2018;07;Cataluña;Nectarinas;3263.55;4873.58;1.49;44.58;0.47;0.7;2018-07-01;Pre-covid;Pre-covid
2018;07;Cataluña;Albaricoques;1625.29;3208.05;1.97;37.89;0.23;0.46;2018-07-01;Pre-covid;Pre-covid
2018;07;Cataluña;Fresas/freson;198.75;646.07;3.25;9.32;0.03;0.09;2018-07-01;Pre-covid;Pre-covid
2018;07;Cataluña;Melon;13195.02;14506.99;1.1;68.42;1.91;2.1;2018-07-01;Pre-covid;Pre-covid
2018;07;Cataluña;Sandia;14403.91;11167.57;0.78;65.47;2.08;1.61;2018-07-01;Pre-covid;Pre-covid
2018;07;Cataluña;Ciruelas;1187.56;2457.65;2.07;29.78;0.17;0.36;2018-07-01;Pre-covid;Pre-covid
2018;07;Cataluña;Cerezas;3502.78;10853.24;3.1;54.88;0.51;1.57;2018-07-01;Pre-covid;Pre-covid
2018;07;Cataluña;Uvas;275.55;966.33;3.51;10.25;0.04;0.14;2018-07-01;Pre-covid;Pre-covid
2018;07;Cataluña;Kiwi;1381.02;4537.3;3.29;28.86;0.2;0.66;2018-07-01;Pre-covid;Pre-covid
2018;07;Cataluña;Aguacate;782.75;2581.31;3.3;27.12;0.11;0.37;2018-07-01;Pre-covid;Pre-covid
2018;07;Cataluña;Piña;970.13;1535.52;1.58;16.74;0.14;0.22;2018-07-01;Pre-covid;Pre-covid
2018;07;Cataluña;Otras frutas frescas;2794.73;6200.06;2.22;48.53;0.4;0.9;2018-07-01;Pre-covid;Pre-covid
2018;07;Cataluña;Pomelo;186.83;361.31;1.93;3.52;0.03;0.05;2018-07-01;Pre-covid;Pre-covid
2018;07;Cataluña;Chirimoya;0.0;0.0;0.0;0.0;0.0;0.0;2018-07-01;Pre-covid;Pre-covid
2018;07;Cataluña;Frutas iv gama;2991.34;5254.11;1.76;33.23;0.43;0.76;2018-07-01;Pre-covid;Pre-covid
2018;07;Extremadura;Frutas frescas;9114.14;11878.48;1.3;89.99;7.73;10.07;2018-07-01;Pre-covid;Pre-covid
2018;07;Extremadura;Naranjas;559.28;611.41;1.09;33.1;0.47;0.52;2018-07-01;Pre-covid;Pre-covid
2018;07;Extremadura;Mandarinas;0.61;0.82;1.34;0.5;0.0;0.0;2018-07-01;Pre-covid;Pre-covid
2018;07;Extremadura;Limones;190.52;340.43;1.79;28.75;0.16;0.29;2018-07-01;Pre-covid;Pre-covid
2018;07;Extremadura;Platanos;602.57;897.01;1.49;61.9;0.51;0.76;2018-07-01;Pre-covid;Pre-covid
2018;07;Extremadura;Manzanas;418.79;698.4;1.67;43.66;0.36;0.59;2018-07-01;Pre-covid;Pre-covid
2018;07;Extremadura;Peras;219.25;334.96;1.53;29.05;0.19;0.28;2018-07-01;Pre-covid;Pre-covid
2018;07;Extremadura;Melocotones;906.06;1349.48;1.49;49.4;0.77;1.14;2018-07-01;Pre-covid;Pre-covid
2018;07;Extremadura;Nectarinas;474.41;611.75;1.29;41.57;0.4;0.52;2018-07-01;Pre-covid;Pre-covid
2018;07;Extremadura;Albaricoques;346.28;706.48;2.04;23.37;0.29;0.6;2018-07-01;Pre-covid;Pre-covid
2018;07;Extremadura;Fresas/freson;217.37;609.8;2.81;7.41;0.18;0.52;2018-07-01;Pre-covid;Pre-covid
2018;07;Extremadura;Melon;1261.01;1176.66;0.93;60.67;1.07;1.0;2018-07-01;Pre-covid;Pre-covid
2018;07;Extremadura;Sandia;2705.6;1650.93;0.61;65.06;2.29;1.4;2018-07-01;Pre-covid;Pre-covid
2018;07;Extremadura;Ciruelas;231.56;471.88;2.04;14.85;0.2;0.4;2018-07-01;Pre-covid;Pre-covid
2018;07;Extremadura;Cerezas;388.49;1018.87;2.62;39.96;0.33;0.86;2018-07-01;Pre-covid;Pre-covid
2018;07;Extremadura;Uvas;7.6;32.23;4.24;3.32;0.01;0.03;2018-07-01;Pre-covid;Pre-covid
2018;07;Extremadura;Kiwi;162.58;447.09;2.75;25.99;0.14;0.38;2018-07-01;Pre-covid;Pre-covid
2018;07;Extremadura;Aguacate;59.14;188.18;3.18;19.32;0.05;0.16;2018-07-01;Pre-covid;Pre-covid
2018;07;Extremadura;Piña;89.25;115.56;1.29;10.81;0.08;0.1;2018-07-01;Pre-covid;Pre-covid
2018;07;Extremadura;Otras frutas frescas;273.8;616.55;2.25;38.86;0.23;0.52;2018-07-01;Pre-covid;Pre-covid
2018;07;Extremadura;Pomelo;10.31;13.45;1.3;0.65;0.01;0.01;2018-07-01;Pre-covid;Pre-covid
2018;07;Extremadura;Chirimoya;0.0;0.0;0.0;0.0;0.0;0.0;2018-07-01;Pre-covid;Pre-covid
2018;07;Extremadura;Frutas iv gama;544.04;870.29;1.6;20.35;0.46;0.74;2018-07-01;Pre-covid;Pre-covid
2018;07;Galicia;Frutas frescas;28429.02;45116.79;1.59;96.93;10.26;16.29;2018-07-01;Pre-covid;Pre-covid
2018;07;Galicia;Naranjas;3915.43;4118.03;1.05;47.96;1.41;1.49;2018-07-01;Pre-covid;Pre-covid
2018;07;Galicia;Mandarinas;41.2;85.29;2.07;3.5;0.01;0.03;2018-07-01;Pre-covid;Pre-covid
2018;07;Galicia;Limones;515.13;1097.16;2.13;41.79;0.19;0.4;2018-07-01;Pre-covid;Pre-covid
2018;07;Galicia;Platanos;2894.63;5295.13;1.83;79.74;1.04;1.91;2018-07-01;Pre-covid;Pre-covid
2018;07;Galicia;Manzanas;1821.2;3096.87;1.7;58.12;0.66;1.12;2018-07-01;Pre-covid;Pre-covid
2018;07;Galicia;Peras;736.72;1316.76;1.79;33.64;0.27;0.48;2018-07-01;Pre-covid;Pre-covid
2018;07;Galicia;Melocotones;1904.5;2974.05;1.56;50.26;0.69;1.07;2018-07-01;Pre-covid;Pre-covid
2018;07;Galicia;Nectarinas;2615.42;3797.72;1.45;65.13;0.94;1.37;2018-07-01;Pre-covid;Pre-covid
2018;07;Galicia;Albaricoques;592.83;1146.41;1.93;28.16;0.21;0.41;2018-07-01;Pre-covid;Pre-covid
2018;07;Galicia;Fresas/freson;340.59;1092.04;3.21;16.43;0.12;0.39;2018-07-01;Pre-covid;Pre-covid
2018;07;Galicia;Melon;3065.19;3268.23;1.07;57.91;1.11;1.18;2018-07-01;Pre-covid;Pre-covid
2018;07;Galicia;Sandia;3682.22;2617.16;0.71;51.32;1.33;0.94;2018-07-01;Pre-covid;Pre-covid
2018;07;Galicia;Ciruelas;710.33;1225.81;1.73;36.1;0.26;0.44;2018-07-01;Pre-covid;Pre-covid
2018;07;Galicia;Cerezas;2064.57;6208.47;3.01;58.26;0.75;2.24;2018-07-01;Pre-covid;Pre-covid
2018;07;Galicia;Uvas;133.11;475.85;3.57;13.0;0.05;0.17;2018-07-01;Pre-covid;Pre-covid
2018;07;Galicia;Kiwi;730.9;2207.59;3.02;35.88;0.26;0.8;2018-07-01;Pre-covid;Pre-covid
2018;07;Galicia;Aguacate;336.24;1004.13;2.99;21.57;0.12;0.36;2018-07-01;Pre-covid;Pre-covid
2018;07;Galicia;Piña;404.17;475.58;1.18;18.34;0.15;0.17;2018-07-01;Pre-covid;Pre-covid
2018;07;Galicia;Otras frutas frescas;1924.62;3614.49;1.88;59.06;0.69;1.3;2018-07-01;Pre-covid;Pre-covid
2018;07;Galicia;Pomelo;92.7;212.71;2.29;4.19;0.03;0.08;2018-07-01;Pre-covid;Pre-covid
2018;07;Galicia;Chirimoya;0.0;0.0;0.0;0.0;0.0;0.0;2018-07-01;Pre-covid;Pre-covid
2018;07;Galicia;Frutas iv gama;729.84;1173.84;1.61;22.93;0.26;0.42;2018-07-01;Pre-covid;Pre-covid
2018;07;La rioja;Frutas frescas;2654.48;3900.18;1.47;96.41;8.39;12.32;2018-07-01;Pre-covid;Pre-covid
2018;07;La rioja;Naranjas;255.47;312.3;1.22;34.09;0.81;0.99;2018-07-01;Pre-covid;Pre-covid
2018;07;La rioja;Mandarinas;8.51;11.68;1.37;6.04;0.03;0.04;2018-07-01;Pre-covid;Pre-covid
2018;07;La rioja;Limones;65.53;136.83;2.09;46.43;0.21;0.43;2018-07-01;Pre-covid;Pre-covid
2018;07;La rioja;Platanos;310.81;578.85;1.86;81.3;0.98;1.83;2018-07-01;Pre-covid;Pre-covid
2018;07;La rioja;Manzanas;138.47;280.78;2.03;40.1;0.44;0.89;2018-07-01;Pre-covid;Pre-covid
2018;07;La rioja;Peras;48.34;81.44;1.68;41.65;0.15;0.26;2018-07-01;Pre-covid;Pre-covid
2018;07;La rioja;Melocotones;87.22;146.86;1.68;43.84;0.28;0.46;2018-07-01;Pre-covid;Pre-covid
2018;07;La rioja;Nectarinas;177.28;258.32;1.46;52.53;0.56;0.82;2018-07-01;Pre-covid;Pre-covid
2018;07;La rioja;Albaricoques;96.95;151.03;1.56;35.74;0.31;0.48;2018-07-01;Pre-covid;Pre-covid
2018;07;La rioja;Fresas/freson;27.76;76.11;2.74;9.03;0.09;0.24;2018-07-01;Pre-covid;Pre-covid
2018;07;La rioja;Melon;414.67;415.85;1.0;61.21;1.31;1.31;2018-07-01;Pre-covid;Pre-covid
2018;07;La rioja;Sandia;620.16;457.43;0.74;57.91;1.96;1.45;2018-07-01;Pre-covid;Pre-covid
2018;07;La rioja;Ciruelas;16.13;37.46;2.32;10.48;0.05;0.12;2018-07-01;Pre-covid;Pre-covid
2018;07;La rioja;Cerezas;39.89;130.41;3.27;34.88;0.13;0.41;2018-07-01;Pre-covid;Pre-covid
2018;07;La rioja;Uvas;12.49;43.27;3.46;14.24;0.04;0.14;2018-07-01;Pre-covid;Pre-covid
2018;07;La rioja;Kiwi;51.93;162.51;3.13;18.45;0.16;0.51;2018-07-01;Pre-covid;Pre-covid
2018;07;La rioja;Aguacate;55.41;251.55;4.54;27.96;0.18;0.79;2018-07-01;Pre-covid;Pre-covid
2018;07;La rioja;Piña;92.66;153.76;1.66;23.38;0.29;0.49;2018-07-01;Pre-covid;Pre-covid
2018;07;La rioja;Otras frutas frescas;134.81;213.74;1.59;50.5;0.43;0.68;2018-07-01;Pre-covid;Pre-covid
2018;07;La rioja;Pomelo;1.85;2.94;1.59;0.75;0.01;0.01;2018-07-01;Pre-covid;Pre-covid
2018;07;La rioja;Chirimoya;0.0;0.0;0.0;0.0;0.0;0.0;2018-07-01;Pre-covid;Pre-covid
2018;07;La rioja;Frutas iv gama;54.44;113.49;2.08;31.7;0.17;0.36;2018-07-01;Pre-covid;Pre-covid
2018;07;Madrid;Frutas frescas;52214.09;75259.32;1.44;94.21;8.39;12.09;2018-07-01;Pre-covid;Pre-covid
2018;07;Madrid;Naranjas;5694.58;6067.6;1.07;37.35;0.91;0.97;2018-07-01;Pre-covid;Pre-covid
2018;07;Madrid;Mandarinas;143.73;223.93;1.56;4.19;0.02;0.04;2018-07-01;Pre-covid;Pre-covid
2018;07;Madrid;Limones;1267.27;2647.23;2.09;42.59;0.2;0.43;2018-07-01;Pre-covid;Pre-covid
2018;07;Madrid;Platanos;4037.99;6899.84;1.71;64.48;0.65;1.11;2018-07-01;Pre-covid;Pre-covid
2018;07;Madrid;Manzanas;2586.58;4973.19;1.92;47.77;0.42;0.8;2018-07-01;Pre-covid;Pre-covid
2018;07;Madrid;Peras;1096.34;1803.34;1.64;32.77;0.18;0.29;2018-07-01;Pre-covid;Pre-covid
2018;07;Madrid;Melocotones;3947.87;6474.99;1.64;58.08;0.63;1.04;2018-07-01;Pre-covid;Pre-covid
2018;07;Madrid;Nectarinas;1820.11;2545.18;1.4;39.93;0.29;0.41;2018-07-01;Pre-covid;Pre-covid
2018;07;Madrid;Albaricoques;1613.21;2903.44;1.8;40.54;0.26;0.47;2018-07-01;Pre-covid;Pre-covid
2018;07;Madrid;Fresas/freson;121.88;409.04;3.36;6.1;0.02;0.07;2018-07-01;Pre-covid;Pre-covid
2018;07;Madrid;Melon;8117.51;8205.93;1.01;60.49;1.3;1.32;2018-07-01;Pre-covid;Pre-covid
2018;07;Madrid;Sandia;11733.24;8176.26;0.7;59.33;1.89;1.31;2018-07-01;Pre-covid;Pre-covid
2018;07;Madrid;Ciruelas;740.91;1259.2;1.7;24.23;0.12;0.2;2018-07-01;Pre-covid;Pre-covid
2018;07;Madrid;Cerezas;3473.57;8776.71;2.53;57.89;0.56;1.41;2018-07-01;Pre-covid;Pre-covid
2018;07;Madrid;Uvas;296.8;850.5;2.87;14.77;0.05;0.14;2018-07-01;Pre-covid;Pre-covid
2018;07;Madrid;Kiwi;1188.11;3999.4;3.37;29.21;0.19;0.64;2018-07-01;Pre-covid;Pre-covid
2018;07;Madrid;Aguacate;641.91;2000.92;3.12;31.88;0.1;0.32;2018-07-01;Pre-covid;Pre-covid
2018;07;Madrid;Piña;762.39;957.42;1.26;13.85;0.12;0.15;2018-07-01;Pre-covid;Pre-covid
2018;07;Madrid;Otras frutas frescas;2930.09;6085.21;2.08;54.59;0.47;0.98;2018-07-01;Pre-covid;Pre-covid
2018;07;Madrid;Pomelo;181.16;309.1;1.71;3.78;0.03;0.05;2018-07-01;Pre-covid;Pre-covid
2018;07;Madrid;Chirimoya;0.0;0.0;0.0;0.0;0.0;0.0;2018-07-01;Pre-covid;Pre-covid
2018;07;Madrid;Frutas iv gama;1917.3;2943.06;1.53;30.0;0.31;0.47;2018-07-01;Pre-covid;Pre-covid
2018;07;Murcia;Frutas frescas;11169.87;15340.59;1.37;87.31;7.84;10.77;2018-07-01;Pre-covid;Pre-covid
2018;07;Murcia;Naranjas;597.82;581.73;0.97;20.36;0.42;0.41;2018-07-01;Pre-covid;Pre-covid
2018;07;Murcia;Mandarinas;22.89;33.1;1.45;2.85;0.02;0.02;2018-07-01;Pre-covid;Pre-covid
2018;07;Murcia;Limones;934.08;1776.83;1.9;27.76;0.66;1.25;2018-07-01;Pre-covid;Pre-covid
2018;07;Murcia;Platanos;1015.89;1584.61;1.56;64.87;0.71;1.11;2018-07-01;Pre-covid;Pre-covid
2018;07;Murcia;Manzanas;458.34;775.01;1.69;42.79;0.32;0.54;2018-07-01;Pre-covid;Pre-covid
2018;07;Murcia;Peras;286.23;526.3;1.84;21.01;0.2;0.37;2018-07-01;Pre-covid;Pre-covid
2018;07;Murcia;Melocotones;1126.66;1656.33;1.47;53.09;0.79;1.16;2018-07-01;Pre-covid;Pre-covid
2018;07;Murcia;Nectarinas;323.5;416.84;1.29;33.22;0.23;0.29;2018-07-01;Pre-covid;Pre-covid
2018;07;Murcia;Albaricoques;299.59;531.26;1.77;27.36;0.21;0.37;2018-07-01;Pre-covid;Pre-covid
2018;07;Murcia;Fresas/freson;22.29;54.49;2.44;8.51;0.02;0.04;2018-07-01;Pre-covid;Pre-covid
2018;07;Murcia;Melon;2010.77;1783.35;0.89;61.07;1.41;1.25;2018-07-01;Pre-covid;Pre-covid
2018;07;Murcia;Sandia;2437.03;1585.55;0.65;59.43;1.71;1.11;2018-07-01;Pre-covid;Pre-covid
2018;07;Murcia;Ciruelas;254.63;437.41;1.72;21.57;0.18;0.31;2018-07-01;Pre-covid;Pre-covid
2018;07;Murcia;Cerezas;494.9;1420.96;2.87;45.59;0.35;1.0;2018-07-01;Pre-covid;Pre-covid
2018;07;Murcia;Uvas;27.03;85.15;3.15;7.85;0.02;0.06;2018-07-01;Pre-covid;Pre-covid
2018;07;Murcia;Kiwi;166.74;597.61;3.58;23.02;0.12;0.42;2018-07-01;Pre-covid;Pre-covid
2018;07;Murcia;Aguacate;94.12;330.48;3.51;22.7;0.07;0.23;2018-07-01;Pre-covid;Pre-covid
2018;07;Murcia;Piña;243.32;326.65;1.34;15.66;0.17;0.23;2018-07-01;Pre-covid;Pre-covid
2018;07;Murcia;Otras frutas frescas;354.03;836.93;2.36;43.38;0.25;0.59;2018-07-01;Pre-covid;Pre-covid
2018;07;Murcia;Pomelo;48.65;87.66;1.8;2.45;0.03;0.06;2018-07-01;Pre-covid;Pre-covid
2018;07;Murcia;Chirimoya;0.0;0.0;0.0;0.0;0.0;0.0;2018-07-01;Pre-covid;Pre-covid
2018;07;Murcia;Frutas iv gama;158.8;344.72;2.17;18.51;0.11;0.24;2018-07-01;Pre-covid;Pre-covid
2018;07;Navarra;Frutas frescas;5991.99;9199.44;1.54;87.01;10.12;15.53;2018-07-01;Pre-covid;Pre-covid
2018;07;Navarra;Naranjas;729.16;823.23;1.13;27.16;1.23;1.39;2018-07-01;Pre-covid;Pre-covid
2018;07;Navarra;Mandarinas;18.34;32.41;1.77;3.24;0.03;0.05;2018-07-01;Pre-covid;Pre-covid
2018;07;Navarra;Limones;119.07;283.81;2.38;42.13;0.2;0.48;2018-07-01;Pre-covid;Pre-covid
2018;07;Navarra;Platanos;483.64;915.89;1.89;68.4;0.82;1.55;2018-07-01;Pre-covid;Pre-covid
2018;07;Navarra;Manzanas;287.0;505.31;1.76;39.13;0.48;0.85;2018-07-01;Pre-covid;Pre-covid
2018;07;Navarra;Peras;60.48;105.22;1.74;22.17;0.1;0.18;2018-07-01;Pre-covid;Pre-covid
2018;07;Navarra;Melocotones;400.63;639.46;1.6;45.31;0.68;1.08;2018-07-01;Pre-covid;Pre-covid
2018;07;Navarra;Nectarinas;388.14;583.2;1.5;54.26;0.66;0.98;2018-07-01;Pre-covid;Pre-covid
2018;07;Navarra;Albaricoques;82.54;183.59;2.22;32.13;0.14;0.31;2018-07-01;Pre-covid;Pre-covid
2018;07;Navarra;Fresas/freson;21.94;71.27;3.25;17.85;0.04;0.12;2018-07-01;Pre-covid;Pre-covid
2018;07;Navarra;Melon;1063.81;1293.37;1.22;59.63;1.8;2.18;2018-07-01;Pre-covid;Pre-covid
2018;07;Navarra;Sandia;1302.19;927.34;0.71;60.69;2.2;1.57;2018-07-01;Pre-covid;Pre-covid
2018;07;Navarra;Ciruelas;41.73;87.06;2.09;17.96;0.07;0.15;2018-07-01;Pre-covid;Pre-covid
2018;07;Navarra;Cerezas;330.07;1069.42;3.24;40.14;0.56;1.81;2018-07-01;Pre-covid;Pre-covid
2018;07;Navarra;Uvas;9.72;26.53;2.73;4.55;0.02;0.04;2018-07-01;Pre-covid;Pre-covid
2018;07;Navarra;Kiwi;151.55;538.43;3.55;33.23;0.26;0.91;2018-07-01;Pre-covid;Pre-covid
2018;07;Navarra;Aguacate;102.72;367.05;3.57;35.79;0.17;0.62;2018-07-01;Pre-covid;Pre-covid
2018;07;Navarra;Piña;76.3;140.34;1.84;19.49;0.13;0.24;2018-07-01;Pre-covid;Pre-covid
2018;07;Navarra;Otras frutas frescas;322.95;606.5;1.88;50.69;0.55;1.02;2018-07-01;Pre-covid;Pre-covid
2018;07;Navarra;Pomelo;62.5;77.47;1.24;16.31;0.11;0.13;2018-07-01;Pre-covid;Pre-covid
2018;07;Navarra;Chirimoya;0.0;0.0;0.0;0.0;0.0;0.0;2018-07-01;Pre-covid;Pre-covid
2018;07;Navarra;Frutas iv gama;375.1;479.32;1.28;26.05;0.63;0.81;2018-07-01;Pre-covid;Pre-covid
2018;07;Pais vasco;Frutas frescas;20616.17;33445.2;1.62;95.24;9.96;16.16;2018-07-01;Pre-covid;Pre-covid
2018;07;Pais vasco;Naranjas;2423.95;3168.49;1.31;40.02;1.17;1.53;2018-07-01;Pre-covid;Pre-covid
2018;07;Pais vasco;Mandarinas;44.57;87.34;1.96;3.72;0.02;0.04;2018-07-01;Pre-covid;Pre-covid
2018;07;Pais vasco;Limones;474.79;1092.91;2.3;46.85;0.23;0.53;2018-07-01;Pre-covid;Pre-covid
2018;07;Pais vasco;Platanos;1911.74;3605.53;1.89;69.16;0.92;1.74;2018-07-01;Pre-covid;Pre-covid
2018;07;Pais vasco;Manzanas;1222.59;2411.17;1.97;54.45;0.59;1.16;2018-07-01;Pre-covid;Pre-covid
2018;07;Pais vasco;Peras;573.08;927.98;1.62;36.36;0.28;0.45;2018-07-01;Pre-covid;Pre-covid
2018;07;Pais vasco;Melocotones;1387.67;2328.83;1.68;55.47;0.67;1.12;2018-07-01;Pre-covid;Pre-covid
2018;07;Pais vasco;Nectarinas;1745.72;2410.12;1.38;55.57;0.84;1.16;2018-07-01;Pre-covid;Pre-covid
2018;07;Pais vasco;Albaricoques;547.63;1004.69;1.83;44.8;0.26;0.49;2018-07-01;Pre-covid;Pre-covid
2018;07;Pais vasco;Fresas/freson;52.93;246.52;4.66;7.66;0.03;0.12;2018-07-01;Pre-covid;Pre-covid
2018;07;Pais vasco;Melon;2874.66;3205.76;1.12;61.51;1.39;1.55;2018-07-01;Pre-covid;Pre-covid
2018;07;Pais vasco;Sandia;2986.51;2060.67;0.69;44.46;1.44;1.0;2018-07-01;Pre-covid;Pre-covid
2018;07;Pais vasco;Ciruelas;308.74;542.17;1.76;20.74;0.15;0.26;2018-07-01;Pre-covid;Pre-covid
2018;07;Pais vasco;Cerezas;1379.92;4129.89;2.99;55.81;0.67;1.99;2018-07-01;Pre-covid;Pre-covid
2018;07;Pais vasco;Uvas;85.31;324.58;3.8;10.42;0.04;0.16;2018-07-01;Pre-covid;Pre-covid
2018;07;Pais vasco;Kiwi;553.77;1883.08;3.4;33.49;0.27;0.91;2018-07-01;Pre-covid;Pre-covid
2018;07;Pais vasco;Aguacate;230.38;667.52;2.9;25.82;0.11;0.32;2018-07-01;Pre-covid;Pre-covid
2018;07;Pais vasco;Piña;446.75;596.43;1.34;21.57;0.22;0.29;2018-07-01;Pre-covid;Pre-covid
2018;07;Pais vasco;Otras frutas frescas;1365.48;2751.52;2.02;51.32;0.66;1.33;2018-07-01;Pre-covid;Pre-covid
2018;07;Pais vasco;Pomelo;220.84;417.85;1.89;9.11;0.11;0.2;2018-07-01;Pre-covid;Pre-covid
2018;07;Pais vasco;Chirimoya;0.0;0.0;0.0;0.0;0.0;0.0;2018-07-01;Pre-covid;Pre-covid
2018;07;Pais vasco;Frutas iv gama;1174.62;1545.92;1.32;32.3;0.57;0.75;2018-07-01;Pre-covid;Pre-covid
2018;07;Valencia;Frutas frescas;43273.8;58472.02;1.35;94.01;9.14;12.36;2018-07-01;Pre-covid;Pre-covid
2018;07;Valencia;Naranjas;1809.06;1922.94;1.06;20.04;0.38;0.41;2018-07-01;Pre-covid;Pre-covid
2018;07;Valencia;Mandarinas;73.54;84.85;1.15;2.12;0.02;0.02;2018-07-01;Pre-covid;Pre-covid
2018;07;Valencia;Limones;1064.74;2049.02;1.92;31.99;0.22;0.43;2018-07-01;Pre-covid;Pre-covid
2018;07;Valencia;Platanos;3491.87;5427.97;1.55;69.8;0.74;1.15;2018-07-01;Pre-covid;Pre-covid
2018;07;Valencia;Manzanas;1913.79;3444.6;1.8;46.42;0.4;0.73;2018-07-01;Pre-covid;Pre-covid
2018;07;Valencia;Peras;1065.64;1726.73;1.62;28.23;0.23;0.36;2018-07-01;Pre-covid;Pre-covid
2018;07;Valencia;Melocotones;3436.45;5205.11;1.51;58.46;0.73;1.1;2018-07-01;Pre-covid;Pre-covid
2018;07;Valencia;Nectarinas;1518.19;1965.24;1.29;33.26;0.32;0.42;2018-07-01;Pre-covid;Pre-covid
2018;07;Valencia;Albaricoques;1230.59;2309.43;1.88;40.29;0.26;0.49;2018-07-01;Pre-covid;Pre-covid
2018;07;Valencia;Fresas/freson;89.79;334.97;3.73;5.61;0.02;0.07;2018-07-01;Pre-covid;Pre-covid
2018;07;Valencia;Melon;7919.61;7844.5;0.99;62.93;1.67;1.66;2018-07-01;Pre-covid;Pre-covid
2018;07;Valencia;Sandia;12247.86;8295.23;0.68;63.4;2.59;1.75;2018-07-01;Pre-covid;Pre-covid
2018;07;Valencia;Ciruelas;840.26;1532.74;1.82;22.28;0.18;0.32;2018-07-01;Pre-covid;Pre-covid
2018;07;Valencia;Cerezas;2250.31;6671.24;2.96;60.08;0.48;1.41;2018-07-01;Pre-covid;Pre-covid
2018;07;Valencia;Uvas;188.07;512.62;2.73;9.7;0.04;0.11;2018-07-01;Pre-covid;Pre-covid
2018;07;Valencia;Kiwi;660.04;2236.26;3.39;26.3;0.14;0.47;2018-07-01;Pre-covid;Pre-covid
2018;07;Valencia;Aguacate;473.8;1580.83;3.34;29.79;0.1;0.33;2018-07-01;Pre-covid;Pre-covid
2018;07;Valencia;Piña;780.47;953.62;1.22;17.58;0.16;0.2;2018-07-01;Pre-covid;Pre-covid
2018;07;Valencia;Otras frutas frescas;2219.72;4374.12;1.97;47.54;0.47;0.92;2018-07-01;Pre-covid;Pre-covid
2018;07;Valencia;Pomelo;169.64;269.46;1.59;2.75;0.04;0.06;2018-07-01;Pre-covid;Pre-covid
2018;07;Valencia;Chirimoya;0.0;0.0;0.0;0.0;0.0;0.0;2018-07-01;Pre-covid;Pre-covid
2018;07;Valencia;Frutas iv gama;2447.4;3576.04;1.46;32.36;0.52;0.76;2018-07-01;Pre-covid;Pre-covid
2018;08;Nacional;Patatas;100252.35;90625.66;0.9;75.16;2.2;1.99;2018-08-01;Pre-covid;Pre-covid
2018;08;Nacional;Patatas frescas;72059.79;59067.2;0.82;60.5;1.58;1.29;2018-08-01;Pre-covid;Pre-covid
2018;08;Nacional;Patatas congeladas;3623.89;4435.89;1.22;10.79;0.08;0.1;2018-08-01;Pre-covid;Pre-covid
2018;08;Nacional;Patatas procesadas;4913.73;27122.57;5.52;46.36;0.11;0.59;2018-08-01;Pre-covid;Pre-covid
2018;08;Nacional;Hortalizas frescas;212940.55;361096.92;1.7;92.01;4.67;7.91;2018-08-01;Pre-covid;Pre-covid
2018;08;Nacional;Omates;67221.3;98794.43;1.47;74.28;1.47;2.16;2018-08-01;Pre-covid;Pre-covid
2018;08;Nacional;Cebollas;27313.41;31784.37;1.16;60.55;0.6;0.7;2018-08-01;Pre-covid;Pre-covid
2018;08;Nacional;Ajos;2673.88;9511.16;3.56;28.23;0.06;0.21;2018-08-01;Pre-covid;Pre-covid
2018;08;Nacional;Coles;2700.61;2702.29;1.0;7.6;0.06;0.06;2018-08-01;Pre-covid;Pre-covid
2018;08;Nacional;Pepinos;12025.73;13598.43;1.13;42.24;0.26;0.3;2018-08-01;Pre-covid;Pre-covid
2018;08;Nacional;Judias verdes;9181.17;22963.37;2.5;26.56;0.2;0.5;2018-08-01;Pre-covid;Pre-covid
2018;08;Nacional;Pimientos;20986.78;37959.36;1.81;61.32;0.46;0.83;2018-08-01;Pre-covid;Pre-covid
2018;08;Nacional;Champiñoneso setas;3078.67;11665.14;3.79;27.14;0.07;0.26;2018-08-01;Pre-covid;Pre-covid
2018;08;Nacional;Lechuga/esc /endivia;12831.19;36593.72;2.85;56.85;0.28;0.8;2018-08-01;Pre-covid;Pre-covid
2018;08;Nacional;Esparragos;969.19;2699.64;2.79;5.07;0.02;0.06;2018-08-01;Pre-covid;Pre-covid
2018;08;Nacional;Verduras de hoja;2977.3;7699.27;2.59;17.29;0.07;0.17;2018-08-01;Pre-covid;Pre-covid
2018;08;Nacional;Berenjenas;8627.6;11286.61;1.31;27.64;0.19;0.25;2018-08-01;Pre-covid;Pre-covid
2018;08;Nacional;Zanahorias;10501.01;9772.34;0.93;47.87;0.23;0.21;2018-08-01;Pre-covid;Pre-covid
2018;08;Nacional;Calabacines;13025.25;16446.19;1.26;41.03;0.29;0.36;2018-08-01;Pre-covid;Pre-covid
2018;08;Nacional;Otr hortalizas/verd ;18827.46;47620.6;2.53;62.96;0.41;1.04;2018-08-01;Pre-covid;Pre-covid
2018;08;Nacional;Brocoli;2215.04;3855.6;1.74;13.84;0.05;0.08;2018-08-01;Pre-covid;Pre-covid
2018;08;Nacional;Alcachofas;555.63;1249.41;2.25;2.84;0.01;0.03;2018-08-01;Pre-covid;Pre-covid
2018;08;Nacional;Verd /hort  iv gama;23386.66;58051.5;2.48;61.1;0.51;1.27;2018-08-01;Pre-covid;Pre-covid
2018;08;Andalucia;Patatas;20576.47;18282.61;0.89;79.11;2.37;2.1;2018-08-01;Pre-covid;Pre-covid
2018;08;Andalucia;Patatas frescas;13577.34;10694.15;0.79;62.14;1.56;1.23;2018-08-01;Pre-covid;Pre-covid
2018;08;Andalucia;Patatas congeladas;939.31;1165.16;1.24;14.9;0.11;0.13;2018-08-01;Pre-covid;Pre-covid
2018;08;Andalucia;Patatas procesadas;1211.96;6423.3;5.3;54.23;0.14;0.74;2018-08-01;Pre-covid;Pre-covid
2018;08;Andalucia;Hortalizas frescas;38177.33;59682.39;1.56;92.79;4.39;6.87;2018-08-01;Pre-covid;Pre-covid
2018;08;Andalucia;Omates;12744.45;16316.13;1.28;73.5;1.47;1.88;2018-08-01;Pre-covid;Pre-covid
2018;08;Andalucia;Cebollas;5524.25;5744.27;1.04;65.65;0.64;0.66;2018-08-01;Pre-covid;Pre-covid
2018;08;Andalucia;Ajos;487.64;1711.92;3.51;29.95;0.06;0.2;2018-08-01;Pre-covid;Pre-covid
2018;08;Andalucia;Coles;208.54;216.49;1.04;4.66;0.02;0.02;2018-08-01;Pre-covid;Pre-covid
2018;08;Andalucia;Pepinos;2088.79;2344.04;1.12;44.7;0.24;0.27;2018-08-01;Pre-covid;Pre-covid
2018;08;Andalucia;Judias verdes;1142.22;3022.69;2.65;22.93;0.13;0.35;2018-08-01;Pre-covid;Pre-covid
2018;08;Andalucia;Pimientos;3879.5;6290.25;1.62;65.28;0.45;0.72;2018-08-01;Pre-covid;Pre-covid
2018;08;Andalucia;Champiñoneso setas;484.54;2032.94;4.2;27.19;0.06;0.23;2018-08-01;Pre-covid;Pre-covid
2018;08;Andalucia;Lechuga/esc /endivia;2069.83;6125.24;2.96;56.87;0.24;0.7;2018-08-01;Pre-covid;Pre-covid
2018;08;Andalucia;Esparragos;101.22;322.39;3.19;4.07;0.01;0.04;2018-08-01;Pre-covid;Pre-covid
2018;08;Andalucia;Verduras de hoja;382.16;1084.48;2.84;15.98;0.04;0.12;2018-08-01;Pre-covid;Pre-covid
2018;08;Andalucia;Berenjenas;1714.85;2292.56;1.34;30.24;0.2;0.26;2018-08-01;Pre-covid;Pre-covid
2018;08;Andalucia;Zanahorias;1892.85;1632.18;0.86;46.38;0.22;0.19;2018-08-01;Pre-covid;Pre-covid
2018;08;Andalucia;Calabacines;2168.29;2749.48;1.27;38.06;0.25;0.32;2018-08-01;Pre-covid;Pre-covid
2018;08;Andalucia;Otr hortalizas/verd ;3288.2;7797.33;2.37;65.64;0.38;0.9;2018-08-01;Pre-covid;Pre-covid
2018;08;Andalucia;Brocoli;334.69;667.68;1.99;14.72;0.04;0.08;2018-08-01;Pre-covid;Pre-covid
2018;08;Andalucia;Alcachofas;122.18;225.72;1.85;4.62;0.01;0.03;2018-08-01;Pre-covid;Pre-covid
2018;08;Andalucia;Verd /hort  iv gama;5327.28;12024.17;2.26;64.27;0.61;1.38;2018-08-01;Pre-covid;Pre-covid
2018;08;Aragon;Patatas;3000.01;2493.81;0.83;70.86;2.28;1.9;2018-08-01;Pre-covid;Pre-covid
2018;08;Aragon;Patatas frescas;2308.99;1752.17;0.76;54.25;1.76;1.33;2018-08-01;Pre-covid;Pre-covid
2018;08;Aragon;Patatas congeladas;51.15;56.96;1.11;6.14;0.04;0.04;2018-08-01;Pre-covid;Pre-covid
2018;08;Aragon;Patatas procesadas;127.98;684.67;5.35;41.06;0.1;0.52;2018-08-01;Pre-covid;Pre-covid
2018;08;Aragon;Hortalizas frescas;7952.6;13868.98;1.74;88.67;6.06;10.56;2018-08-01;Pre-covid;Pre-covid
2018;08;Aragon;Omates;2516.14;4223.6;1.68;70.31;1.92;3.22;2018-08-01;Pre-covid;Pre-covid
2018;08;Aragon;Cebollas;651.98;863.03;1.32;52.73;0.5;0.66;2018-08-01;Pre-covid;Pre-covid
2018;08;Aragon;Ajos;46.53;198.24;4.26;23.63;0.04;0.15;2018-08-01;Pre-covid;Pre-covid
2018;08;Aragon;Coles;115.89;105.93;0.91;10.15;0.09;0.08;2018-08-01;Pre-covid;Pre-covid
2018;08;Aragon;Pepinos;616.32;655.85;1.06;44.36;0.47;0.5;2018-08-01;Pre-covid;Pre-covid
2018;08;Aragon;Judias verdes;602.36;1439.75;2.39;33.74;0.46;1.1;2018-08-01;Pre-covid;Pre-covid
2018;08;Aragon;Pimientos;720.62;1167.95;1.62;55.53;0.55;0.89;2018-08-01;Pre-covid;Pre-covid
2018;08;Aragon;Champiñoneso setas;102.62;321.42;3.13;28.12;0.08;0.24;2018-08-01;Pre-covid;Pre-covid
2018;08;Aragon;Lechuga/esc /endivia;510.73;1464.35;2.87;62.19;0.39;1.12;2018-08-01;Pre-covid;Pre-covid
2018;08;Aragon;Esparragos;32.25;179.74;5.57;9.39;0.02;0.14;2018-08-01;Pre-covid;Pre-covid
2018;08;Aragon;Verduras de hoja;159.67;278.32;1.74;22.36;0.12;0.21;2018-08-01;Pre-covid;Pre-covid
2018;08;Aragon;Berenjenas;391.4;556.14;1.42;22.35;0.3;0.42;2018-08-01;Pre-covid;Pre-covid
2018;08;Aragon;Zanahorias;313.57;299.41;0.95;47.49;0.24;0.23;2018-08-01;Pre-covid;Pre-covid
2018;08;Aragon;Calabacines;507.97;640.19;1.26;36.85;0.39;0.49;2018-08-01;Pre-covid;Pre-covid
2018;08;Aragon;Otr hortalizas/verd ;664.54;1475.05;2.22;60.23;0.51;1.12;2018-08-01;Pre-covid;Pre-covid
2018;08;Aragon;Brocoli;124.31;137.82;1.11;17.34;0.09;0.1;2018-08-01;Pre-covid;Pre-covid
2018;08;Aragon;Alcachofas;15.34;18.41;1.2;1.74;0.01;0.01;2018-08-01;Pre-covid;Pre-covid
2018;08;Aragon;Verd /hort  iv gama;490.84;1282.75;2.61;58.89;0.37;0.98;2018-08-01;Pre-covid;Pre-covid
2018;08;Asturias;Patatas;2502.26;2251.75;0.9;67.16;2.31;2.08;2018-08-01;Pre-covid;Pre-covid
2018;08;Asturias;Patatas frescas;1958.46;1636.99;0.84;56.1;1.81;1.51;2018-08-01;Pre-covid;Pre-covid
2018;08;Asturias;Patatas congeladas;79.56;87.08;1.09;9.89;0.07;0.08;2018-08-01;Pre-covid;Pre-covid
2018;08;Asturias;Patatas procesadas;92.85;527.67;5.68;34.58;0.09;0.49;2018-08-01;Pre-covid;Pre-covid
2018;08;Asturias;Hortalizas frescas;4281.69;7383.14;1.72;94.27;3.95;6.81;2018-08-01;Pre-covid;Pre-covid
2018;08;Asturias;Omates;1290.91;1808.06;1.4;76.6;1.19;1.67;2018-08-01;Pre-covid;Pre-covid
2018;08;Asturias;Cebollas;677.65;845.13;1.25;72.95;0.63;0.78;2018-08-01;Pre-covid;Pre-covid
2018;08;Asturias;Ajos;94.38;363.66;3.85;38.88;0.09;0.34;2018-08-01;Pre-covid;Pre-covid
2018;08;Asturias;Coles;39.17;50.54;1.29;7.52;0.04;0.05;2018-08-01;Pre-covid;Pre-covid
2018;08;Asturias;Pepinos;169.03;177.05;1.05;35.33;0.16;0.16;2018-08-01;Pre-covid;Pre-covid
2018;08;Asturias;Judias verdes;150.78;429.26;2.85;20.47;0.14;0.4;2018-08-01;Pre-covid;Pre-covid
2018;08;Asturias;Pimientos;464.9;912.37;1.96;64.14;0.43;0.84;2018-08-01;Pre-covid;Pre-covid
2018;08;Asturias;Champiñoneso setas;128.5;367.38;2.86;32.21;0.12;0.34;2018-08-01;Pre-covid;Pre-covid
2018;08;Asturias;Lechuga/esc /endivia;290.13;756.02;2.61;58.73;0.27;0.7;2018-08-01;Pre-covid;Pre-covid
2018;08;Asturias;Esparragos;9.13;16.63;1.82;2.38;0.01;0.02;2018-08-01;Pre-covid;Pre-covid
2018;08;Asturias;Verduras de hoja;54.81;139.33;2.54;14.37;0.05;0.13;2018-08-01;Pre-covid;Pre-covid
2018;08;Asturias;Berenjenas;100.52;131.34;1.31;29.03;0.09;0.12;2018-08-01;Pre-covid;Pre-covid
2018;08;Asturias;Zanahorias;266.04;233.88;0.88;54.25;0.25;0.22;2018-08-01;Pre-covid;Pre-covid
2018;08;Asturias;Calabacines;215.5;291.27;1.35;40.25;0.2;0.27;2018-08-01;Pre-covid;Pre-covid
2018;08;Asturias;Otr hortalizas/verd ;330.24;861.22;2.61;56.22;0.3;0.79;2018-08-01;Pre-covid;Pre-covid
2018;08;Asturias;Brocoli;61.25;118.85;1.94;12.49;0.06;0.11;2018-08-01;Pre-covid;Pre-covid
2018;08;Asturias;Alcachofas;1.73;1.72;0.99;0.34;0.0;0.0;2018-08-01;Pre-covid;Pre-covid
2018;08;Asturias;Verd /hort  iv gama;538.53;1277.75;2.37;56.48;0.5;1.18;2018-08-01;Pre-covid;Pre-covid
2018;08;Baleares;Patatas;2502.4;2285.69;0.91;76.54;2.43;2.22;2018-08-01;Pre-covid;Pre-covid
2018;08;Baleares;Patatas frescas;1784.63;1449.71;0.81;65.71;1.73;1.41;2018-08-01;Pre-covid;Pre-covid
2018;08;Baleares;Patatas congeladas;40.04;53.19;1.33;9.27;0.04;0.05;2018-08-01;Pre-covid;Pre-covid
2018;08;Baleares;Patatas procesadas;135.54;782.79;5.78;44.48;0.13;0.76;2018-08-01;Pre-covid;Pre-covid
2018;08;Baleares;Hortalizas frescas;5523.19;9819.0;1.78;95.61;5.36;9.53;2018-08-01;Pre-covid;Pre-covid
2018;08;Baleares;Omates;1710.15;2546.41;1.49;86.99;1.66;2.47;2018-08-01;Pre-covid;Pre-covid
2018;08;Baleares;Cebollas;780.64;1057.46;1.35;62.95;0.76;1.03;2018-08-01;Pre-covid;Pre-covid
2018;08;Baleares;Ajos;34.04;136.38;4.01;19.87;0.03;0.13;2018-08-01;Pre-covid;Pre-covid
2018;08;Baleares;Coles;34.4;38.93;1.13;7.02;0.03;0.04;2018-08-01;Pre-covid;Pre-covid
2018;08;Baleares;Pepinos;329.98;373.47;1.13;43.79;0.32;0.36;2018-08-01;Pre-covid;Pre-covid
2018;08;Baleares;Judias verdes;285.32;687.82;2.41;31.85;0.28;0.67;2018-08-01;Pre-covid;Pre-covid
2018;08;Baleares;Pimientos;579.12;1032.0;1.78;67.72;0.56;1.0;2018-08-01;Pre-covid;Pre-covid
2018;08;Baleares;Champiñoneso setas;102.62;413.7;4.03;43.02;0.1;0.4;2018-08-01;Pre-covid;Pre-covid
2018;08;Baleares;Lechuga/esc /endivia;286.25;920.42;3.22;64.44;0.28;0.89;2018-08-01;Pre-covid;Pre-covid
2018;08;Baleares;Esparragos;5.0;32.74;6.55;3.44;0.0;0.03;2018-08-01;Pre-covid;Pre-covid
2018;08;Baleares;Verduras de hoja;25.92;133.6;5.15;17.18;0.03;0.13;2018-08-01;Pre-covid;Pre-covid
2018;08;Baleares;Berenjenas;234.3;312.78;1.33;39.9;0.23;0.3;2018-08-01;Pre-covid;Pre-covid
2018;08;Baleares;Zanahorias;312.87;281.65;0.9;52.66;0.3;0.27;2018-08-01;Pre-covid;Pre-covid
2018;08;Baleares;Calabacines;266.82;346.46;1.3;43.23;0.26;0.34;2018-08-01;Pre-covid;Pre-covid
2018;08;Baleares;Otr hortalizas/verd ;535.75;1505.18;2.81;72.19;0.52;1.46;2018-08-01;Pre-covid;Pre-covid
2018;08;Baleares;Brocoli;39.85;90.84;2.28;15.58;0.04;0.09;2018-08-01;Pre-covid;Pre-covid
2018;08;Baleares;Alcachofas;9.43;27.12;2.88;4.8;0.01;0.03;2018-08-01;Pre-covid;Pre-covid
2018;08;Baleares;Verd /hort  iv gama;580.9;1705.8;2.94;69.04;0.56;1.66;2018-08-01;Pre-covid;Pre-covid
2018;08;Canarias;Patatas;4056.43;4147.61;1.02;73.51;1.86;1.9;2018-08-01;Pre-covid;Pre-covid
2018;08;Canarias;Patatas frescas;3059.15;3092.66;1.01;60.46;1.4;1.41;2018-08-01;Pre-covid;Pre-covid
2018;08;Canarias;Patatas congeladas;271.83;272.63;1.0;13.96;0.12;0.12;2018-08-01;Pre-covid;Pre-covid
2018;08;Canarias;Patatas procesadas;145.09;782.33;5.39;37.06;0.07;0.36;2018-08-01;Pre-covid;Pre-covid
2018;08;Canarias;Hortalizas frescas;8050.63;14961.49;1.86;96.6;3.68;6.84;2018-08-01;Pre-covid;Pre-covid
2018;08;Canarias;Omates;2169.34;2943.57;1.36;78.78;0.99;1.35;2018-08-01;Pre-covid;Pre-covid
2018;08;Canarias;Cebollas;914.42;1058.18;1.16;59.81;0.42;0.48;2018-08-01;Pre-covid;Pre-covid
2018;08;Canarias;Ajos;86.11;371.49;4.31;31.97;0.04;0.17;2018-08-01;Pre-covid;Pre-covid
2018;08;Canarias;Coles;132.61;180.06;1.36;15.9;0.06;0.08;2018-08-01;Pre-covid;Pre-covid
2018;08;Canarias;Pepinos;259.41;420.46;1.62;38.8;0.12;0.19;2018-08-01;Pre-covid;Pre-covid
2018;08;Canarias;Judias verdes;170.73;290.26;1.7;15.78;0.08;0.13;2018-08-01;Pre-covid;Pre-covid
2018;08;Canarias;Pimientos;964.13;1759.29;1.82;69.72;0.44;0.8;2018-08-01;Pre-covid;Pre-covid
2018;08;Canarias;Champiñoneso setas;121.76;616.41;5.06;30.59;0.06;0.28;2018-08-01;Pre-covid;Pre-covid
2018;08;Canarias;Lechuga/esc /endivia;365.48;1379.04;3.77;59.94;0.17;0.63;2018-08-01;Pre-covid;Pre-covid
2018;08;Canarias;Esparragos;7.85;28.74;3.66;0.38;0.0;0.01;2018-08-01;Pre-covid;Pre-covid
2018;08;Canarias;Verduras de hoja;84.25;338.53;4.02;13.67;0.04;0.15;2018-08-01;Pre-covid;Pre-covid
2018;08;Canarias;Berenjenas;130.66;180.79;1.38;18.32;0.06;0.08;2018-08-01;Pre-covid;Pre-covid
2018;08;Canarias;Zanahorias;623.87;672.36;1.08;58.7;0.29;0.31;2018-08-01;Pre-covid;Pre-covid
2018;08;Canarias;Calabacines;682.5;943.12;1.38;50.11;0.31;0.43;2018-08-01;Pre-covid;Pre-covid
2018;08;Canarias;Otr hortalizas/verd ;1337.53;3779.2;2.83;79.77;0.61;1.73;2018-08-01;Pre-covid;Pre-covid
2018;08;Canarias;Brocoli;30.03;76.32;2.54;1.47;0.01;0.03;2018-08-01;Pre-covid;Pre-covid
2018;08;Canarias;Alcachofas;0.0;0.0;0.0;0.0;0.0;0.0;2018-08-01;Pre-covid;Pre-covid
2018;08;Canarias;Verd /hort  iv gama;1333.62;3599.69;2.7;67.7;0.61;1.65;2018-08-01;Pre-covid;Pre-covid
2018;08;Cantabria;Patatas;1202.09;1054.12;0.88;78.94;2.16;1.89;2018-08-01;Pre-covid;Pre-covid
2018;08;Cantabria;Patatas frescas;878.93;728.75;0.83;62.96;1.58;1.31;2018-08-01;Pre-covid;Pre-covid
2018;08;Cantabria;Patatas congeladas;47.63;69.62;1.46;12.77;0.09;0.13;2018-08-01;Pre-covid;Pre-covid
2018;08;Cantabria;Patatas procesadas;55.11;255.75;4.64;47.24;0.1;0.46;2018-08-01;Pre-covid;Pre-covid
2018;08;Cantabria;Hortalizas frescas;2280.09;4514.49;1.98;94.82;4.1;8.11;2018-08-01;Pre-covid;Pre-covid
2018;08;Cantabria;Omates;600.64;1165.21;1.94;81.91;1.08;2.09;2018-08-01;Pre-covid;Pre-covid
2018;08;Cantabria;Cebollas;210.55;278.51;1.32;46.79;0.38;0.5;2018-08-01;Pre-covid;Pre-covid
2018;08;Cantabria;Ajos;211.16;296.01;1.4;27.96;0.38;0.53;2018-08-01;Pre-covid;Pre-covid
2018;08;Cantabria;Coles;20.38;27.85;1.37;12.25;0.04;0.05;2018-08-01;Pre-covid;Pre-covid
2018;08;Cantabria;Pepinos;98.89;105.67;1.07;38.52;0.18;0.19;2018-08-01;Pre-covid;Pre-covid
2018;08;Cantabria;Judias verdes;90.87;276.34;3.04;26.46;0.16;0.5;2018-08-01;Pre-covid;Pre-covid
2018;08;Cantabria;Pimientos;271.36;708.95;2.61;79.17;0.49;1.27;2018-08-01;Pre-covid;Pre-covid
2018;08;Cantabria;Champiñoneso setas;19.29;84.2;4.36;18.5;0.03;0.15;2018-08-01;Pre-covid;Pre-covid
2018;08;Cantabria;Lechuga/esc /endivia;164.17;477.01;2.91;58.51;0.29;0.86;2018-08-01;Pre-covid;Pre-covid
2018;08;Cantabria;Esparragos;1.81;10.52;5.8;1.74;0.0;0.02;2018-08-01;Pre-covid;Pre-covid
2018;08;Cantabria;Verduras de hoja;82.5;168.71;2.04;23.39;0.15;0.3;2018-08-01;Pre-covid;Pre-covid
2018;08;Cantabria;Berenjenas;66.78;97.93;1.47;40.08;0.12;0.18;2018-08-01;Pre-covid;Pre-covid
2018;08;Cantabria;Zanahorias;151.32;127.04;0.84;63.65;0.27;0.23;2018-08-01;Pre-covid;Pre-covid
2018;08;Cantabria;Calabacines;105.73;120.4;1.14;47.16;0.19;0.22;2018-08-01;Pre-covid;Pre-covid
2018;08;Cantabria;Otr hortalizas/verd ;184.63;570.11;3.09;67.09;0.33;1.02;2018-08-01;Pre-covid;Pre-covid
2018;08;Cantabria;Brocoli;9.9;31.72;3.2;8.62;0.02;0.06;2018-08-01;Pre-covid;Pre-covid
2018;08;Cantabria;Alcachofas;2.16;3.98;1.84;2.23;0.0;0.01;2018-08-01;Pre-covid;Pre-covid
2018;08;Cantabria;Verd /hort  iv gama;226.2;667.26;2.95;54.38;0.41;1.2;2018-08-01;Pre-covid;Pre-covid
2018;08;Castilla la mancha;Patatas;4575.58;3942.16;0.86;77.28;2.18;1.88;2018-08-01;Pre-covid;Pre-covid
2018;08;Castilla la mancha;Patatas frescas;3136.73;2316.83;0.74;65.06;1.5;1.1;2018-08-01;Pre-covid;Pre-covid
2018;08;Castilla la mancha;Patatas congeladas;277.42;312.97;1.13;19.55;0.13;0.15;2018-08-01;Pre-covid;Pre-covid
2018;08;Castilla la mancha;Patatas procesadas;232.28;1312.36;5.65;53.08;0.11;0.63;2018-08-01;Pre-covid;Pre-covid
2018;08;Castilla la mancha;Hortalizas frescas;9546.39;15069.06;1.58;95.37;4.55;7.18;2018-08-01;Pre-covid;Pre-covid
2018;08;Castilla la mancha;Omates;3628.33;5568.81;1.53;72.74;1.73;2.65;2018-08-01;Pre-covid;Pre-covid
2018;08;Castilla la mancha;Cebollas;1428.35;1505.99;1.05;61.29;0.68;0.72;2018-08-01;Pre-covid;Pre-covid
2018;08;Castilla la mancha;Ajos;104.41;323.78;3.1;26.38;0.05;0.15;2018-08-01;Pre-covid;Pre-covid
2018;08;Castilla la mancha;Coles;44.96;42.79;0.95;4.98;0.02;0.02;2018-08-01;Pre-covid;Pre-covid
2018;08;Castilla la mancha;Pepinos;700.52;731.63;1.04;46.64;0.33;0.35;2018-08-01;Pre-covid;Pre-covid
2018;08;Castilla la mancha;Judias verdes;277.99;695.95;2.5;27.85;0.13;0.33;2018-08-01;Pre-covid;Pre-covid
2018;08;Castilla la mancha;Pimientos;963.39;1533.8;1.59;58.67;0.46;0.73;2018-08-01;Pre-covid;Pre-covid
2018;08;Castilla la mancha;Champiñoneso setas;140.64;585.34;4.16;30.75;0.07;0.28;2018-08-01;Pre-covid;Pre-covid
2018;08;Castilla la mancha;Lechuga/esc /endivia;305.14;830.72;2.72;50.07;0.15;0.4;2018-08-01;Pre-covid;Pre-covid
2018;08;Castilla la mancha;Esparragos;30.06;141.4;4.7;7.01;0.01;0.07;2018-08-01;Pre-covid;Pre-covid
2018;08;Castilla la mancha;Verduras de hoja;97.08;225.08;2.32;12.22;0.05;0.11;2018-08-01;Pre-covid;Pre-covid
2018;08;Castilla la mancha;Berenjenas;359.93;495.86;1.38;26.21;0.17;0.24;2018-08-01;Pre-covid;Pre-covid
2018;08;Castilla la mancha;Zanahorias;396.18;306.95;0.77;48.49;0.19;0.15;2018-08-01;Pre-covid;Pre-covid
2018;08;Castilla la mancha;Calabacines;539.82;690.29;1.28;52.95;0.26;0.33;2018-08-01;Pre-covid;Pre-covid
2018;08;Castilla la mancha;Otr hortalizas/verd ;529.58;1390.66;2.63;59.1;0.25;0.66;2018-08-01;Pre-covid;Pre-covid
2018;08;Castilla la mancha;Brocoli;46.42;89.27;1.92;10.89;0.02;0.04;2018-08-01;Pre-covid;Pre-covid
2018;08;Castilla la mancha;Alcachofas;8.38;18.06;2.15;2.65;0.0;0.01;2018-08-01;Pre-covid;Pre-covid
2018;08;Castilla la mancha;Verd /hort  iv gama;870.78;1919.84;2.2;60.35;0.42;0.92;2018-08-01;Pre-covid;Pre-covid
2018;08;Castilla leon;Patatas;4858.02;4102.39;0.84;74.97;1.99;1.68;2018-08-01;Pre-covid;Pre-covid
2018;08;Castilla leon;Patatas frescas;3817.51;2957.97;0.77;63.69;1.56;1.21;2018-08-01;Pre-covid;Pre-covid
2018;08;Castilla leon;Patatas congeladas;108.35;146.85;1.36;8.11;0.04;0.06;2018-08-01;Pre-covid;Pre-covid
2018;08;Castilla leon;Patatas procesadas;186.43;997.57;5.35;36.58;0.08;0.41;2018-08-01;Pre-covid;Pre-covid
2018;08;Castilla leon;Hortalizas frescas;12251.57;19728.27;1.61;89.49;5.01;8.06;2018-08-01;Pre-covid;Pre-covid
2018;08;Castilla leon;Omates;3852.19;5114.77;1.33;73.06;1.57;2.09;2018-08-01;Pre-covid;Pre-covid
2018;08;Castilla leon;Cebollas;1585.69;1773.29;1.12;58.97;0.65;0.72;2018-08-01;Pre-covid;Pre-covid
2018;08;Castilla leon;Ajos;221.0;752.03;3.4;28.35;0.09;0.31;2018-08-01;Pre-covid;Pre-covid
2018;08;Castilla leon;Coles;244.88;233.36;0.95;9.59;0.1;0.1;2018-08-01;Pre-covid;Pre-covid
2018;08;Castilla leon;Pepinos;481.92;637.82;1.32;36.96;0.2;0.26;2018-08-01;Pre-covid;Pre-covid
2018;08;Castilla leon;Judias verdes;536.09;1299.42;2.42;21.26;0.22;0.53;2018-08-01;Pre-covid;Pre-covid
2018;08;Castilla leon;Pimientos;1177.3;2195.15;1.86;64.14;0.48;0.9;2018-08-01;Pre-covid;Pre-covid
2018;08;Castilla leon;Champiñoneso setas;115.54;435.39;3.77;17.74;0.05;0.18;2018-08-01;Pre-covid;Pre-covid
2018;08;Castilla leon;Lechuga/esc /endivia;880.9;2099.31;2.38;48.92;0.36;0.86;2018-08-01;Pre-covid;Pre-covid
2018;08;Castilla leon;Esparragos;51.8;138.17;2.67;5.99;0.02;0.06;2018-08-01;Pre-covid;Pre-covid
2018;08;Castilla leon;Verduras de hoja;243.53;494.76;2.03;12.91;0.1;0.2;2018-08-01;Pre-covid;Pre-covid
2018;08;Castilla leon;Berenjenas;267.64;368.52;1.38;23.62;0.11;0.15;2018-08-01;Pre-covid;Pre-covid
2018;08;Castilla leon;Zanahorias;657.26;565.06;0.86;46.73;0.27;0.23;2018-08-01;Pre-covid;Pre-covid
2018;08;Castilla leon;Calabacines;967.34;1240.53;1.28;48.02;0.4;0.51;2018-08-01;Pre-covid;Pre-covid
2018;08;Castilla leon;Otr hortalizas/verd ;968.49;2380.7;2.46;57.26;0.4;0.97;2018-08-01;Pre-covid;Pre-covid
2018;08;Castilla leon;Brocoli;82.39;138.76;1.68;11.18;0.03;0.06;2018-08-01;Pre-covid;Pre-covid
2018;08;Castilla leon;Alcachofas;5.4;12.64;2.34;0.7;0.0;0.01;2018-08-01;Pre-covid;Pre-covid
2018;08;Castilla leon;Verd /hort  iv gama;1127.57;2478.21;2.2;54.06;0.46;1.01;2018-08-01;Pre-covid;Pre-covid
2018;08;Cataluña;Patatas;16575.35;15539.41;0.94;78.34;2.4;2.25;2018-08-01;Pre-covid;Pre-covid
2018;08;Cataluña;Patatas frescas;11928.27;10093.14;0.85;63.85;1.72;1.46;2018-08-01;Pre-covid;Pre-covid
2018;08;Cataluña;Patatas congeladas;463.56;576.46;1.24;9.83;0.07;0.08;2018-08-01;Pre-covid;Pre-covid
2018;08;Cataluña;Patatas procesadas;836.71;4869.82;5.82;49.9;0.12;0.7;2018-08-01;Pre-covid;Pre-covid
2018;08;Cataluña;Hortalizas frescas;39424.29;69543.87;1.76;91.67;5.7;10.05;2018-08-01;Pre-covid;Pre-covid
2018;08;Cataluña;Omates;13150.47;21402.46;1.63;79.35;1.9;3.09;2018-08-01;Pre-covid;Pre-covid
2018;08;Cataluña;Cebollas;4893.57;6210.44;1.27;60.62;0.71;0.9;2018-08-01;Pre-covid;Pre-covid
2018;08;Cataluña;Ajos;401.07;1395.88;3.48;26.12;0.06;0.2;2018-08-01;Pre-covid;Pre-covid
2018;08;Cataluña;Coles;388.93;405.35;1.04;7.04;0.06;0.06;2018-08-01;Pre-covid;Pre-covid
2018;08;Cataluña;Pepinos;1991.97;2311.9;1.16;43.2;0.29;0.33;2018-08-01;Pre-covid;Pre-covid
2018;08;Cataluña;Judias verdes;2065.55;5315.15;2.57;34.82;0.3;0.77;2018-08-01;Pre-covid;Pre-covid
2018;08;Cataluña;Pimientos;3077.69;5717.61;1.86;55.65;0.44;0.83;2018-08-01;Pre-covid;Pre-covid
2018;08;Cataluña;Champiñoneso setas;430.37;1612.29;3.75;22.63;0.06;0.23;2018-08-01;Pre-covid;Pre-covid
2018;08;Cataluña;Lechuga/esc /endivia;2429.88;7029.67;2.89;62.46;0.35;1.02;2018-08-01;Pre-covid;Pre-covid
2018;08;Cataluña;Esparragos;464.13;757.3;1.63;6.92;0.07;0.11;2018-08-01;Pre-covid;Pre-covid
2018;08;Cataluña;Verduras de hoja;588.2;1517.4;2.58;18.83;0.09;0.22;2018-08-01;Pre-covid;Pre-covid
2018;08;Cataluña;Berenjenas;2247.17;2826.63;1.26;36.51;0.32;0.41;2018-08-01;Pre-covid;Pre-covid
2018;08;Cataluña;Zanahorias;1679.3;1739.16;1.04;45.16;0.24;0.25;2018-08-01;Pre-covid;Pre-covid
2018;08;Cataluña;Calabacines;2445.77;3141.0;1.28;45.46;0.35;0.45;2018-08-01;Pre-covid;Pre-covid
2018;08;Cataluña;Otr hortalizas/verd ;3170.24;8161.61;2.57;62.24;0.46;1.18;2018-08-01;Pre-covid;Pre-covid
2018;08;Cataluña;Brocoli;447.72;652.98;1.46;14.24;0.06;0.09;2018-08-01;Pre-covid;Pre-covid
2018;08;Cataluña;Alcachofas;149.79;362.65;2.42;3.01;0.02;0.05;2018-08-01;Pre-covid;Pre-covid
2018;08;Cataluña;Verd /hort  iv gama;3732.45;10089.65;2.7;63.8;0.54;1.46;2018-08-01;Pre-covid;Pre-covid
2018;08;Extremadura;Patatas;2412.19;2177.84;0.9;80.21;2.05;1.85;2018-08-01;Pre-covid;Pre-covid
2018;08;Extremadura;Patatas frescas;1770.87;1422.35;0.8;63.09;1.5;1.21;2018-08-01;Pre-covid;Pre-covid
2018;08;Extremadura;Patatas congeladas;120.87;152.83;1.26;14.15;0.1;0.13;2018-08-01;Pre-covid;Pre-covid
2018;08;Extremadura;Patatas procesadas;104.09;602.65;5.79;53.69;0.09;0.51;2018-08-01;Pre-covid;Pre-covid
2018;08;Extremadura;Hortalizas frescas;6681.03;11075.23;1.66;93.1;5.67;9.39;2018-08-01;Pre-covid;Pre-covid
2018;08;Extremadura;Omates;2280.43;3662.93;1.61;69.17;1.93;3.11;2018-08-01;Pre-covid;Pre-covid
2018;08;Extremadura;Cebollas;611.29;836.33;1.37;56.31;0.52;0.71;2018-08-01;Pre-covid;Pre-covid
2018;08;Extremadura;Ajos;52.42;320.16;6.11;25.76;0.04;0.27;2018-08-01;Pre-covid;Pre-covid
2018;08;Extremadura;Coles;138.04;113.13;0.82;12.18;0.12;0.1;2018-08-01;Pre-covid;Pre-covid
2018;08;Extremadura;Pepinos;348.8;404.5;1.16;45.83;0.3;0.34;2018-08-01;Pre-covid;Pre-covid
2018;08;Extremadura;Judias verdes;305.59;660.88;2.16;23.7;0.26;0.56;2018-08-01;Pre-covid;Pre-covid
2018;08;Extremadura;Pimientos;651.1;1006.58;1.55;57.47;0.55;0.85;2018-08-01;Pre-covid;Pre-covid
2018;08;Extremadura;Champiñoneso setas;54.84;216.81;3.95;23.16;0.05;0.18;2018-08-01;Pre-covid;Pre-covid
2018;08;Extremadura;Lechuga/esc /endivia;276.77;824.81;2.98;52.8;0.23;0.7;2018-08-01;Pre-covid;Pre-covid
2018;08;Extremadura;Esparragos;0.28;1.73;6.2;0.31;0.0;0.0;2018-08-01;Pre-covid;Pre-covid
2018;08;Extremadura;Verduras de hoja;70.27;160.34;2.28;22.42;0.06;0.14;2018-08-01;Pre-covid;Pre-covid
2018;08;Extremadura;Berenjenas;690.61;909.54;1.32;30.19;0.59;0.77;2018-08-01;Pre-covid;Pre-covid
2018;08;Extremadura;Zanahorias;274.64;227.6;0.83;50.65;0.23;0.19;2018-08-01;Pre-covid;Pre-covid
2018;08;Extremadura;Calabacines;544.75;780.31;1.43;36.81;0.46;0.66;2018-08-01;Pre-covid;Pre-covid
2018;08;Extremadura;Otr hortalizas/verd ;381.2;949.58;2.49;64.81;0.32;0.81;2018-08-01;Pre-covid;Pre-covid
2018;08;Extremadura;Brocoli;52.32;84.15;1.61;13.01;0.04;0.07;2018-08-01;Pre-covid;Pre-covid
2018;08;Extremadura;Alcachofas;1.85;3.28;1.78;0.56;0.0;0.0;2018-08-01;Pre-covid;Pre-covid
2018;08;Extremadura;Verd /hort  iv gama;491.96;1113.91;2.26;69.3;0.42;0.94;2018-08-01;Pre-covid;Pre-covid
2018;08;Galicia;Patatas;8221.3;7213.98;0.88;63.18;2.97;2.6;2018-08-01;Pre-covid;Pre-covid
2018;08;Galicia;Patatas frescas;7055.26;5858.49;0.83;47.92;2.55;2.11;2018-08-01;Pre-covid;Pre-covid
2018;08;Galicia;Patatas congeladas;167.61;189.3;1.13;6.0;0.06;0.07;2018-08-01;Pre-covid;Pre-covid
2018;08;Galicia;Patatas procesadas;199.69;1166.19;5.84;34.69;0.07;0.42;2018-08-01;Pre-covid;Pre-covid
2018;08;Galicia;Hortalizas frescas;16667.82;30196.24;1.81;92.62;6.02;10.9;2018-08-01;Pre-covid;Pre-covid
2018;08;Galicia;Omates;4561.33;7458.22;1.64;71.02;1.65;2.69;2018-08-01;Pre-covid;Pre-covid
2018;08;Galicia;Cebollas;2354.71;2956.9;1.26;58.89;0.85;1.07;2018-08-01;Pre-covid;Pre-covid
2018;08;Galicia;Ajos;225.22;816.75;3.63;42.01;0.08;0.29;2018-08-01;Pre-covid;Pre-covid
2018;08;Galicia;Coles;706.94;695.01;0.98;12.58;0.26;0.25;2018-08-01;Pre-covid;Pre-covid
2018;08;Galicia;Pepinos;411.99;513.1;1.25;23.08;0.15;0.19;2018-08-01;Pre-covid;Pre-covid
2018;08;Galicia;Judias verdes;1412.74;3473.5;2.46;26.23;0.51;1.25;2018-08-01;Pre-covid;Pre-covid
2018;08;Galicia;Pimientos;2017.85;4570.31;2.26;63.57;0.73;1.65;2018-08-01;Pre-covid;Pre-covid
2018;08;Galicia;Champiñoneso setas;99.34;400.78;4.03;16.89;0.04;0.14;2018-08-01;Pre-covid;Pre-covid
2018;08;Galicia;Lechuga/esc /endivia;1394.89;3325.79;2.38;54.86;0.5;1.2;2018-08-01;Pre-covid;Pre-covid
2018;08;Galicia;Esparragos;8.21;50.02;6.09;1.35;0.0;0.02;2018-08-01;Pre-covid;Pre-covid
2018;08;Galicia;Verduras de hoja;190.72;420.67;2.21;10.99;0.07;0.15;2018-08-01;Pre-covid;Pre-covid
2018;08;Galicia;Berenjenas;455.1;608.58;1.34;17.79;0.16;0.22;2018-08-01;Pre-covid;Pre-covid
2018;08;Galicia;Zanahorias;662.86;708.94;1.07;51.01;0.24;0.26;2018-08-01;Pre-covid;Pre-covid
2018;08;Galicia;Calabacines;754.01;1011.03;1.34;30.75;0.27;0.36;2018-08-01;Pre-covid;Pre-covid
2018;08;Galicia;Otr hortalizas/verd ;1411.9;3186.64;2.26;55.29;0.51;1.15;2018-08-01;Pre-covid;Pre-covid
2018;08;Galicia;Brocoli;230.07;339.24;1.47;15.47;0.08;0.12;2018-08-01;Pre-covid;Pre-covid
2018;08;Galicia;Alcachofas;26.33;72.66;2.76;2.41;0.01;0.03;2018-08-01;Pre-covid;Pre-covid
2018;08;Galicia;Verd /hort  iv gama;1525.52;3230.44;2.12;48.61;0.55;1.17;2018-08-01;Pre-covid;Pre-covid
2018;08;La rioja;Patatas;344.91;351.51;1.02;66.88;1.09;1.11;2018-08-01;Pre-covid;Pre-covid
2018;08;La rioja;Patatas frescas;268.98;271.25;1.01;41.86;0.85;0.86;2018-08-01;Pre-covid;Pre-covid
2018;08;La rioja;Patatas congeladas;4.35;4.57;1.05;1.62;0.01;0.01;2018-08-01;Pre-covid;Pre-covid
2018;08;La rioja;Patatas procesadas;14.31;75.69;5.29;33.6;0.05;0.24;2018-08-01;Pre-covid;Pre-covid
2018;08;La rioja;Hortalizas frescas;965.63;1752.05;1.81;87.04;3.05;5.54;2018-08-01;Pre-covid;Pre-covid
2018;08;La rioja;Omates;212.98;278.19;1.31;63.94;0.67;0.88;2018-08-01;Pre-covid;Pre-covid
2018;08;La rioja;Cebollas;152.71;239.98;1.57;62.37;0.48;0.76;2018-08-01;Pre-covid;Pre-covid
2018;08;La rioja;Ajos;20.07;72.06;3.59;18.92;0.06;0.23;2018-08-01;Pre-covid;Pre-covid
2018;08;La rioja;Coles;26.04;25.27;0.97;5.43;0.08;0.08;2018-08-01;Pre-covid;Pre-covid
2018;08;La rioja;Pepinos;75.19;78.51;1.04;22.75;0.24;0.25;2018-08-01;Pre-covid;Pre-covid
2018;08;La rioja;Judias verdes;61.37;162.97;2.66;20.43;0.19;0.52;2018-08-01;Pre-covid;Pre-covid
2018;08;La rioja;Pimientos;65.11;139.65;2.14;56.22;0.21;0.44;2018-08-01;Pre-covid;Pre-covid
2018;08;La rioja;Champiñoneso setas;23.45;70.92;3.02;29.67;0.07;0.22;2018-08-01;Pre-covid;Pre-covid
2018;08;La rioja;Lechuga/esc /endivia;104.55;268.42;2.57;47.76;0.33;0.85;2018-08-01;Pre-covid;Pre-covid
2018;08;La rioja;Esparragos;0.65;4.69;7.16;2.27;0.0;0.01;2018-08-01;Pre-covid;Pre-covid
2018;08;La rioja;Verduras de hoja;1.77;16.52;9.32;3.96;0.01;0.05;2018-08-01;Pre-covid;Pre-covid
2018;08;La rioja;Berenjenas;14.26;22.69;1.59;20.27;0.05;0.07;2018-08-01;Pre-covid;Pre-covid
2018;08;La rioja;Zanahorias;56.68;63.02;1.11;50.03;0.18;0.2;2018-08-01;Pre-covid;Pre-covid
2018;08;La rioja;Calabacines;82.51;116.27;1.41;27.43;0.26;0.37;2018-08-01;Pre-covid;Pre-covid
2018;08;La rioja;Otr hortalizas/verd ;68.27;192.89;2.83;58.63;0.22;0.61;2018-08-01;Pre-covid;Pre-covid
2018;08;La rioja;Brocoli;7.15;9.19;1.29;5.12;0.02;0.03;2018-08-01;Pre-covid;Pre-covid
2018;08;La rioja;Alcachofas;0.0;0.0;0.0;0.0;0.0;0.0;2018-08-01;Pre-covid;Pre-covid
2018;08;La rioja;Verd /hort  iv gama;111.16;282.03;2.54;47.15;0.35;0.89;2018-08-01;Pre-covid;Pre-covid
2018;08;Madrid;Patatas;11465.56;9964.29;0.87;71.74;1.84;1.6;2018-08-01;Pre-covid;Pre-covid
2018;08;Madrid;Patatas frescas;8170.76;6414.69;0.79;61.91;1.31;1.03;2018-08-01;Pre-covid;Pre-covid
2018;08;Madrid;Patatas congeladas;429.51;523.38;1.22;8.12;0.07;0.08;2018-08-01;Pre-covid;Pre-covid
2018;08;Madrid;Patatas procesadas;573.06;3026.22;5.28;42.76;0.09;0.49;2018-08-01;Pre-covid;Pre-covid
2018;08;Madrid;Hortalizas frescas;21206.58;35245.2;1.66;89.62;3.41;5.66;2018-08-01;Pre-covid;Pre-covid
2018;08;Madrid;Omates;6797.85;8994.81;1.32;74.73;1.09;1.45;2018-08-01;Pre-covid;Pre-covid
2018;08;Madrid;Cebollas;2348.17;2647.55;1.13;55.39;0.38;0.43;2018-08-01;Pre-covid;Pre-covid
2018;08;Madrid;Ajos;203.14;835.01;4.11;23.85;0.03;0.13;2018-08-01;Pre-covid;Pre-covid
2018;08;Madrid;Coles;364.25;306.31;0.84;9.49;0.06;0.05;2018-08-01;Pre-covid;Pre-covid
2018;08;Madrid;Pepinos;1508.78;1513.77;1.0;48.37;0.24;0.24;2018-08-01;Pre-covid;Pre-covid
2018;08;Madrid;Judias verdes;563.47;1353.91;2.4;25.77;0.09;0.22;2018-08-01;Pre-covid;Pre-covid
2018;08;Madrid;Pimientos;1927.68;3622.2;1.88;61.41;0.31;0.58;2018-08-01;Pre-covid;Pre-covid
2018;08;Madrid;Champiñoneso setas;315.22;1386.33;4.4;27.17;0.05;0.22;2018-08-01;Pre-covid;Pre-covid
2018;08;Madrid;Lechuga/esc /endivia;1188.64;3861.11;3.25;52.68;0.19;0.62;2018-08-01;Pre-covid;Pre-covid
2018;08;Madrid;Esparragos;104.66;400.86;3.83;7.38;0.02;0.06;2018-08-01;Pre-covid;Pre-covid
2018;08;Madrid;Verduras de hoja;348.35;1032.56;2.96;20.51;0.06;0.17;2018-08-01;Pre-covid;Pre-covid
2018;08;Madrid;Berenjenas;362.82;473.25;1.3;19.27;0.06;0.08;2018-08-01;Pre-covid;Pre-covid
2018;08;Madrid;Zanahorias;1146.43;1005.63;0.88;44.93;0.18;0.16;2018-08-01;Pre-covid;Pre-covid
2018;08;Madrid;Calabacines;1590.34;1665.04;1.05;40.66;0.26;0.27;2018-08-01;Pre-covid;Pre-covid
2018;08;Madrid;Otr hortalizas/verd ;2436.77;6146.86;2.52;61.34;0.39;0.99;2018-08-01;Pre-covid;Pre-covid
2018;08;Madrid;Brocoli;320.06;631.37;1.97;18.07;0.05;0.1;2018-08-01;Pre-covid;Pre-covid
2018;08;Madrid;Alcachofas;25.29;41.64;1.65;1.81;0.0;0.01;2018-08-01;Pre-covid;Pre-covid
2018;08;Madrid;Verd /hort  iv gama;2288.47;7033.43;3.07;60.46;0.37;1.13;2018-08-01;Pre-covid;Pre-covid
2018;08;Murcia;Patatas;3102.4;2596.16;0.84;75.87;2.18;1.82;2018-08-01;Pre-covid;Pre-covid
2018;08;Murcia;Patatas frescas;2194.0;1607.74;0.73;57.89;1.54;1.13;2018-08-01;Pre-covid;Pre-covid
2018;08;Murcia;Patatas congeladas;168.29;201.82;1.2;18.22;0.12;0.14;2018-08-01;Pre-covid;Pre-covid
2018;08;Murcia;Patatas procesadas;148.02;786.59;5.31;50.05;0.1;0.55;2018-08-01;Pre-covid;Pre-covid
2018;08;Murcia;Hortalizas frescas;6489.68;9676.39;1.49;85.76;4.56;6.79;2018-08-01;Pre-covid;Pre-covid
2018;08;Murcia;Omates;2328.74;2799.32;1.2;65.8;1.64;1.97;2018-08-01;Pre-covid;Pre-covid
2018;08;Murcia;Cebollas;813.39;758.31;0.93;58.62;0.57;0.53;2018-08-01;Pre-covid;Pre-covid
2018;08;Murcia;Ajos;60.43;235.0;3.89;16.39;0.04;0.17;2018-08-01;Pre-covid;Pre-covid
2018;08;Murcia;Coles;11.18;15.81;1.41;1.56;0.01;0.01;2018-08-01;Pre-covid;Pre-covid
2018;08;Murcia;Pepinos;498.34;559.17;1.12;43.47;0.35;0.39;2018-08-01;Pre-covid;Pre-covid
2018;08;Murcia;Judias verdes;100.04;276.76;2.77;18.06;0.07;0.19;2018-08-01;Pre-covid;Pre-covid
2018;08;Murcia;Pimientos;627.24;1104.93;1.76;57.83;0.44;0.78;2018-08-01;Pre-covid;Pre-covid
2018;08;Murcia;Champiñoneso setas;139.44;358.61;2.57;24.83;0.1;0.25;2018-08-01;Pre-covid;Pre-covid
2018;08;Murcia;Lechuga/esc /endivia;420.71;1100.54;2.62;54.92;0.3;0.77;2018-08-01;Pre-covid;Pre-covid
2018;08;Murcia;Esparragos;53.71;154.28;2.87;5.81;0.04;0.11;2018-08-01;Pre-covid;Pre-covid
2018;08;Murcia;Verduras de hoja;39.32;95.99;2.44;12.44;0.03;0.07;2018-08-01;Pre-covid;Pre-covid
2018;08;Murcia;Berenjenas;354.15;427.89;1.21;40.0;0.25;0.3;2018-08-01;Pre-covid;Pre-covid
2018;08;Murcia;Zanahorias;215.98;192.34;0.89;43.18;0.15;0.14;2018-08-01;Pre-covid;Pre-covid
2018;08;Murcia;Calabacines;319.67;381.97;1.19;38.59;0.22;0.27;2018-08-01;Pre-covid;Pre-covid
2018;08;Murcia;Otr hortalizas/verd ;507.33;1215.48;2.4;49.59;0.36;0.85;2018-08-01;Pre-covid;Pre-covid
2018;08;Murcia;Brocoli;64.63;142.48;2.2;14.05;0.05;0.1;2018-08-01;Pre-covid;Pre-covid
2018;08;Murcia;Alcachofas;21.83;43.35;1.99;4.48;0.02;0.03;2018-08-01;Pre-covid;Pre-covid
2018;08;Murcia;Verd /hort  iv gama;656.97;1445.25;2.2;52.28;0.46;1.01;2018-08-01;Pre-covid;Pre-covid
2018;08;Navarra;Patatas;1633.09;1654.67;1.01;67.67;2.76;2.79;2018-08-01;Pre-covid;Pre-covid
2018;08;Navarra;Patatas frescas;1391.74;1269.15;0.91;44.89;2.35;2.14;2018-08-01;Pre-covid;Pre-covid
2018;08;Navarra;Patatas congeladas;12.5;13.2;1.06;4.11;0.02;0.02;2018-08-01;Pre-covid;Pre-covid
2018;08;Navarra;Patatas procesadas;45.77;372.33;8.13;40.31;0.08;0.63;2018-08-01;Pre-covid;Pre-covid
2018;08;Navarra;Hortalizas frescas;3718.89;6359.19;1.71;95.78;6.28;10.74;2018-08-01;Pre-covid;Pre-covid
2018;08;Navarra;Omates;977.88;1345.59;1.38;58.44;1.65;2.27;2018-08-01;Pre-covid;Pre-covid
2018;08;Navarra;Cebollas;613.55;737.73;1.2;60.5;1.04;1.25;2018-08-01;Pre-covid;Pre-covid
2018;08;Navarra;Ajos;118.44;424.66;3.59;34.79;0.2;0.72;2018-08-01;Pre-covid;Pre-covid
2018;08;Navarra;Coles;8.62;7.34;0.85;2.13;0.01;0.01;2018-08-01;Pre-covid;Pre-covid
2018;08;Navarra;Pepinos;212.04;261.56;1.23;38.73;0.36;0.44;2018-08-01;Pre-covid;Pre-covid
2018;08;Navarra;Judias verdes;317.55;552.96;1.74;41.67;0.54;0.93;2018-08-01;Pre-covid;Pre-covid
2018;08;Navarra;Pimientos;242.52;448.24;1.85;48.66;0.41;0.76;2018-08-01;Pre-covid;Pre-covid
2018;08;Navarra;Champiñoneso setas;46.04;163.71;3.56;39.17;0.08;0.28;2018-08-01;Pre-covid;Pre-covid
2018;08;Navarra;Lechuga/esc /endivia;217.84;660.14;3.03;72.9;0.37;1.11;2018-08-01;Pre-covid;Pre-covid
2018;08;Navarra;Esparragos;7.51;30.11;4.01;7.26;0.01;0.05;2018-08-01;Pre-covid;Pre-covid
2018;08;Navarra;Verduras de hoja;103.04;226.56;2.2;25.04;0.17;0.38;2018-08-01;Pre-covid;Pre-covid
2018;08;Navarra;Berenjenas;83.12;116.84;1.41;26.69;0.14;0.2;2018-08-01;Pre-covid;Pre-covid
2018;08;Navarra;Zanahorias;93.07;77.72;0.84;42.05;0.16;0.13;2018-08-01;Pre-covid;Pre-covid
2018;08;Navarra;Calabacines;249.5;380.19;1.52;30.93;0.42;0.64;2018-08-01;Pre-covid;Pre-covid
2018;08;Navarra;Otr hortalizas/verd ;428.17;925.83;2.16;72.05;0.72;1.56;2018-08-01;Pre-covid;Pre-covid
2018;08;Navarra;Brocoli;66.45;65.88;0.99;28.93;0.11;0.11;2018-08-01;Pre-covid;Pre-covid
2018;08;Navarra;Alcachofas;36.9;71.91;1.95;9.15;0.06;0.12;2018-08-01;Pre-covid;Pre-covid
2018;08;Navarra;Verd /hort  iv gama;362.11;860.29;2.38;72.35;0.61;1.45;2018-08-01;Pre-covid;Pre-covid
2018;08;Pais vasco;Patatas;4129.69;3974.52;0.96;79.4;1.99;1.92;2018-08-01;Pre-covid;Pre-covid
2018;08;Pais vasco;Patatas frescas;2985.24;2618.09;0.88;64.55;1.44;1.26;2018-08-01;Pre-covid;Pre-covid
2018;08;Pais vasco;Patatas congeladas;95.75;147.57;1.54;8.15;0.05;0.07;2018-08-01;Pre-covid;Pre-covid
2018;08;Pais vasco;Patatas procesadas;209.74;1208.86;5.76;40.43;0.1;0.58;2018-08-01;Pre-covid;Pre-covid
2018;08;Pais vasco;Hortalizas frescas;10167.43;19632.44;1.93;91.94;4.91;9.48;2018-08-01;Pre-covid;Pre-covid
2018;08;Pais vasco;Omates;2873.86;5448.88;1.9;75.81;1.39;2.63;2018-08-01;Pre-covid;Pre-covid
2018;08;Pais vasco;Cebollas;1231.5;1723.92;1.4;66.7;0.59;0.83;2018-08-01;Pre-covid;Pre-covid
2018;08;Pais vasco;Ajos;120.97;575.33;4.76;31.9;0.06;0.28;2018-08-01;Pre-covid;Pre-covid
2018;08;Pais vasco;Coles;120.94;108.97;0.9;10.39;0.06;0.05;2018-08-01;Pre-covid;Pre-covid
2018;08;Pais vasco;Pepinos;470.14;606.77;1.29;43.05;0.23;0.29;2018-08-01;Pre-covid;Pre-covid
2018;08;Pais vasco;Judias verdes;464.29;1292.39;2.78;34.65;0.22;0.62;2018-08-01;Pre-covid;Pre-covid
2018;08;Pais vasco;Pimientos;1562.26;2578.31;1.65;70.55;0.75;1.25;2018-08-01;Pre-covid;Pre-covid
2018;08;Pais vasco;Champiñoneso setas;185.25;751.4;4.06;30.39;0.09;0.36;2018-08-01;Pre-covid;Pre-covid
2018;08;Pais vasco;Lechuga/esc /endivia;750.79;2114.03;2.82;66.13;0.36;1.02;2018-08-01;Pre-covid;Pre-covid
2018;08;Pais vasco;Esparragos;24.02;115.58;4.81;3.14;0.01;0.06;2018-08-01;Pre-covid;Pre-covid
2018;08;Pais vasco;Verduras de hoja;131.8;403.84;3.06;16.92;0.06;0.2;2018-08-01;Pre-covid;Pre-covid
2018;08;Pais vasco;Berenjenas;192.16;232.27;1.21;21.55;0.09;0.11;2018-08-01;Pre-covid;Pre-covid
2018;08;Pais vasco;Zanahorias;712.35;664.77;0.93;55.37;0.34;0.32;2018-08-01;Pre-covid;Pre-covid
2018;08;Pais vasco;Calabacines;511.38;670.35;1.31;41.32;0.25;0.32;2018-08-01;Pre-covid;Pre-covid
2018;08;Pais vasco;Otr hortalizas/verd ;815.72;2345.65;2.88;64.79;0.39;1.13;2018-08-01;Pre-covid;Pre-covid
2018;08;Pais vasco;Brocoli;118.95;233.08;1.96;14.15;0.06;0.11;2018-08-01;Pre-covid;Pre-covid
2018;08;Pais vasco;Alcachofas;7.08;18.79;2.66;1.43;0.0;0.01;2018-08-01;Pre-covid;Pre-covid
2018;08;Pais vasco;Verd /hort  iv gama;1245.15;2977.0;2.39;62.04;0.6;1.44;2018-08-01;Pre-covid;Pre-covid
2018;08;Valencia;Patatas;9094.59;8593.15;0.94;77.25;1.92;1.82;2018-08-01;Pre-covid;Pre-covid
2018;08;Valencia;Patatas frescas;5772.91;4883.06;0.85;59.54;1.22;1.03;2018-08-01;Pre-covid;Pre-covid
2018;08;Valencia;Patatas congeladas;346.16;462.31;1.34;10.09;0.07;0.1;2018-08-01;Pre-covid;Pre-covid
2018;08;Valencia;Patatas procesadas;595.1;3247.78;5.46;52.6;0.13;0.69;2018-08-01;Pre-covid;Pre-covid
2018;08;Valencia;Hortalizas frescas;19555.73;32589.5;1.67;92.19;4.13;6.89;2018-08-01;Pre-covid;Pre-covid
2018;08;Valencia;Omates;5525.61;7717.48;1.4;70.92;1.17;1.63;2018-08-01;Pre-covid;Pre-covid
2018;08;Valencia;Cebollas;2520.99;2547.35;1.01;60.44;0.53;0.54;2018-08-01;Pre-covid;Pre-covid
2018;08;Valencia;Ajos;186.86;682.8;3.65;28.46;0.04;0.14;2018-08-01;Pre-covid;Pre-covid
2018;08;Valencia;Coles;94.84;129.14;1.36;3.87;0.02;0.03;2018-08-01;Pre-covid;Pre-covid
2018;08;Valencia;Pepinos;1763.61;1903.14;1.08;46.62;0.37;0.4;2018-08-01;Pre-covid;Pre-covid
2018;08;Valencia;Judias verdes;634.22;1733.36;2.73;28.67;0.13;0.37;2018-08-01;Pre-covid;Pre-covid
2018;08;Valencia;Pimientos;1795.0;3171.77;1.77;55.69;0.38;0.67;2018-08-01;Pre-covid;Pre-covid
2018;08;Valencia;Champiñoneso setas;569.2;1847.52;3.25;38.15;0.12;0.39;2018-08-01;Pre-covid;Pre-covid
2018;08;Valencia;Lechuga/esc /endivia;1174.49;3357.09;2.86;52.46;0.25;0.71;2018-08-01;Pre-covid;Pre-covid
2018;08;Valencia;Esparragos;66.9;314.76;4.7;6.81;0.01;0.07;2018-08-01;Pre-covid;Pre-covid
2018;08;Valencia;Verduras de hoja;373.91;962.57;2.57;22.29;0.08;0.2;2018-08-01;Pre-covid;Pre-covid
2018;08;Valencia;Berenjenas;962.12;1232.98;1.28;31.33;0.2;0.26;2018-08-01;Pre-covid;Pre-covid
2018;08;Valencia;Zanahorias;1045.73;974.63;0.93;45.87;0.22;0.21;2018-08-01;Pre-covid;Pre-covid
2018;08;Valencia;Calabacines;1073.35;1278.28;1.19;40.32;0.23;0.27;2018-08-01;Pre-covid;Pre-covid
2018;08;Valencia;Otr hortalizas/verd ;1768.89;4736.63;2.68;64.38;0.37;1.0;2018-08-01;Pre-covid;Pre-covid
2018;08;Valencia;Brocoli;178.86;345.96;1.93;12.96;0.04;0.07;2018-08-01;Pre-covid;Pre-covid
2018;08;Valencia;Alcachofas;121.94;327.46;2.69;5.06;0.03;0.07;2018-08-01;Pre-covid;Pre-covid
2018;08;Valencia;Verd /hort  iv gama;2477.15;6064.03;2.45;61.49;0.52;1.28;2018-08-01;Pre-covid;Pre-covid
2018;08;Nacional;Frutas frescas;377138.76;522444.54;1.39;90.92;8.26;11.45;2018-08-01;Pre-covid;Pre-covid
2018;08;Nacional;Naranjas;27808.13;33459.41;1.2;27.77;0.61;0.73;2018-08-01;Pre-covid;Pre-covid
2018;08;Nacional;Mandarinas;740.07;1625.8;2.2;3.68;0.02;0.04;2018-08-01;Pre-covid;Pre-covid
2018;08;Nacional;Limones;8659.84;18718.55;2.16;36.95;0.19;0.41;2018-08-01;Pre-covid;Pre-covid
2018;08;Nacional;Platanos;30319.44;51258.95;1.69;64.31;0.66;1.12;2018-08-01;Pre-covid;Pre-covid
2018;08;Nacional;Manzanas;18246.23;34912.94;1.91;43.2;0.4;0.77;2018-08-01;Pre-covid;Pre-covid
2018;08;Nacional;Peras;13180.07;21767.59;1.65;36.07;0.29;0.48;2018-08-01;Pre-covid;Pre-covid
2018;08;Nacional;Melocotones;33280.38;51831.81;1.56;55.39;0.73;1.14;2018-08-01;Pre-covid;Pre-covid
2018;08;Nacional;Nectarinas;20465.76;29086.65;1.42;40.88;0.45;0.64;2018-08-01;Pre-covid;Pre-covid
2018;08;Nacional;Albaricoques;2277.55;4662.6;2.05;12.91;0.05;0.1;2018-08-01;Pre-covid;Pre-covid
2018;08;Nacional;Fresas/freson;1109.93;4431.3;3.99;5.32;0.02;0.1;2018-08-01;Pre-covid;Pre-covid
2018;08;Nacional;Melon;73007.98;67519.18;0.92;62.36;1.6;1.48;2018-08-01;Pre-covid;Pre-covid
2018;08;Nacional;Sandia;85835.25;56317.53;0.66;53.45;1.88;1.23;2018-08-01;Pre-covid;Pre-covid
2018;08;Nacional;Ciruelas;12659.97;23661.55;1.87;31.58;0.28;0.52;2018-08-01;Pre-covid;Pre-covid
2018;08;Nacional;Cerezas;7461.85;22786.25;3.05;29.22;0.16;0.5;2018-08-01;Pre-covid;Pre-covid
2018;08;Nacional;Uvas;6397.67;14694.51;2.3;24.86;0.14;0.32;2018-08-01;Pre-covid;Pre-covid
2018;08;Nacional;Kiwi;8124.04;25872.53;3.18;26.82;0.18;0.57;2018-08-01;Pre-covid;Pre-covid
2018;08;Nacional;Aguacate;4038.41;13591.41;3.37;23.58;0.09;0.3;2018-08-01;Pre-covid;Pre-covid
2018;08;Nacional;Piña;3432.27;5430.23;1.58;10.83;0.08;0.12;2018-08-01;Pre-covid;Pre-covid
2018;08;Nacional;Otras frutas frescas;20093.93;40815.75;2.03;47.36;0.44;0.89;2018-08-01;Pre-covid;Pre-covid
2018;08;Nacional;Pomelo;970.34;1832.69;1.89;2.9;0.02;0.04;2018-08-01;Pre-covid;Pre-covid
2018;08;Nacional;Chirimoya;0.0;0.0;0.0;0.0;0.0;0.0;2018-08-01;Pre-covid;Pre-covid
2018;08;Nacional;Frutas iv gama;17557.17;24785.28;1.41;26.36;0.38;0.54;2018-08-01;Pre-covid;Pre-covid
2018;08;Andalucia;Frutas frescas;64607.22;83275.96;1.29;90.91;7.44;9.58;2018-08-01;Pre-covid;Pre-covid
2018;08;Andalucia;Naranjas;3803.94;4260.64;1.12;24.7;0.44;0.49;2018-08-01;Pre-covid;Pre-covid
2018;08;Andalucia;Mandarinas;141.74;342.88;2.42;4.8;0.02;0.04;2018-08-01;Pre-covid;Pre-covid
2018;08;Andalucia;Limones;1423.38;3124.19;2.19;34.8;0.16;0.36;2018-08-01;Pre-covid;Pre-covid
2018;08;Andalucia;Platanos;5641.16;8774.12;1.56;65.98;0.65;1.01;2018-08-01;Pre-covid;Pre-covid
2018;08;Andalucia;Manzanas;2844.48;5593.89;1.97;41.18;0.33;0.64;2018-08-01;Pre-covid;Pre-covid
2018;08;Andalucia;Peras;2047.6;3361.31;1.64;31.84;0.24;0.39;2018-08-01;Pre-covid;Pre-covid
2018;08;Andalucia;Melocotones;5350.07;8261.81;1.54;54.7;0.62;0.95;2018-08-01;Pre-covid;Pre-covid
2018;08;Andalucia;Nectarinas;2824.7;3859.65;1.37;37.98;0.33;0.44;2018-08-01;Pre-covid;Pre-covid
2018;08;Andalucia;Albaricoques;266.01;537.64;2.02;11.49;0.03;0.06;2018-08-01;Pre-covid;Pre-covid
2018;08;Andalucia;Fresas/freson;96.49;340.26;3.53;3.95;0.01;0.04;2018-08-01;Pre-covid;Pre-covid
2018;08;Andalucia;Melon;14392.67;12245.4;0.85;64.21;1.66;1.41;2018-08-01;Pre-covid;Pre-covid
2018;08;Andalucia;Sandia;16042.58;9890.54;0.62;52.92;1.85;1.14;2018-08-01;Pre-covid;Pre-covid
2018;08;Andalucia;Ciruelas;1761.22;3191.75;1.81;29.87;0.2;0.37;2018-08-01;Pre-covid;Pre-covid
2018;08;Andalucia;Cerezas;1412.89;4392.27;3.11;27.77;0.16;0.51;2018-08-01;Pre-covid;Pre-covid
2018;08;Andalucia;Uvas;1257.17;2964.59;2.36;29.58;0.14;0.34;2018-08-01;Pre-covid;Pre-covid
2018;08;Andalucia;Kiwi;980.85;3135.61;3.2;22.82;0.11;0.36;2018-08-01;Pre-covid;Pre-covid
2018;08;Andalucia;Aguacate;673.84;2029.09;3.01;25.53;0.08;0.23;2018-08-01;Pre-covid;Pre-covid
2018;08;Andalucia;Piña;624.17;831.45;1.33;10.74;0.07;0.1;2018-08-01;Pre-covid;Pre-covid
2018;08;Andalucia;Otras frutas frescas;3022.26;6138.87;2.03;45.62;0.35;0.71;2018-08-01;Pre-covid;Pre-covid
2018;08;Andalucia;Pomelo;91.22;162.95;1.79;2.65;0.01;0.02;2018-08-01;Pre-covid;Pre-covid
2018;08;Andalucia;Chirimoya;0.0;0.0;0.0;0.0;0.0;0.0;2018-08-01;Pre-covid;Pre-covid
2018;08;Andalucia;Frutas iv gama;2931.22;4740.74;1.62;30.48;0.34;0.55;2018-08-01;Pre-covid;Pre-covid
2018;08;Aragon;Frutas frescas;10661.35;15057.24;1.41;90.26;8.12;11.47;2018-08-01;Pre-covid;Pre-covid
2018;08;Aragon;Naranjas;459.3;537.24;1.17;22.1;0.35;0.41;2018-08-01;Pre-covid;Pre-covid
2018;08;Aragon;Mandarinas;0.67;1.85;2.76;0.35;0.0;0.0;2018-08-01;Pre-covid;Pre-covid
2018;08;Aragon;Limones;219.41;513.82;2.34;44.08;0.17;0.39;2018-08-01;Pre-covid;Pre-covid
2018;08;Aragon;Platanos;766.47;1152.41;1.5;52.51;0.58;0.88;2018-08-01;Pre-covid;Pre-covid
2018;08;Aragon;Manzanas;496.69;924.68;1.86;51.85;0.38;0.7;2018-08-01;Pre-covid;Pre-covid
2018;08;Aragon;Peras;272.8;434.93;1.59;35.01;0.21;0.33;2018-08-01;Pre-covid;Pre-covid
2018;08;Aragon;Melocotones;1602.41;2568.4;1.6;58.24;1.22;1.96;2018-08-01;Pre-covid;Pre-covid
2018;08;Aragon;Nectarinas;823.37;1123.74;1.36;42.98;0.63;0.86;2018-08-01;Pre-covid;Pre-covid
2018;08;Aragon;Albaricoques;92.91;161.17;1.73;13.72;0.07;0.12;2018-08-01;Pre-covid;Pre-covid
2018;08;Aragon;Fresas/freson;61.53;261.47;4.25;6.68;0.05;0.2;2018-08-01;Pre-covid;Pre-covid
2018;08;Aragon;Melon;2481.1;2182.87;0.88;62.52;1.89;1.66;2018-08-01;Pre-covid;Pre-covid
2018;08;Aragon;Sandia;1719.19;1210.94;0.7;53.71;1.31;0.92;2018-08-01;Pre-covid;Pre-covid
2018;08;Aragon;Ciruelas;518.41;1042.68;2.01;31.49;0.39;0.79;2018-08-01;Pre-covid;Pre-covid
2018;08;Aragon;Cerezas;134.25;440.31;3.28;27.97;0.1;0.34;2018-08-01;Pre-covid;Pre-covid
2018;08;Aragon;Uvas;130.03;404.9;3.11;29.29;0.1;0.31;2018-08-01;Pre-covid;Pre-covid
2018;08;Aragon;Kiwi;190.64;652.63;3.42;26.98;0.15;0.5;2018-08-01;Pre-covid;Pre-covid
2018;08;Aragon;Aguacate;142.15;401.7;2.83;24.3;0.11;0.31;2018-08-01;Pre-covid;Pre-covid
2018;08;Aragon;Piña;37.93;49.19;1.3;7.08;0.03;0.04;2018-08-01;Pre-covid;Pre-covid
2018;08;Aragon;Otras frutas frescas;512.07;992.31;1.94;43.29;0.39;0.76;2018-08-01;Pre-covid;Pre-covid
2018;08;Aragon;Pomelo;20.81;18.67;0.9;2.53;0.02;0.01;2018-08-01;Pre-covid;Pre-covid
2018;08;Aragon;Chirimoya;0.0;0.0;0.0;0.0;0.0;0.0;2018-08-01;Pre-covid;Pre-covid
2018;08;Aragon;Frutas iv gama;366.27;522.59;1.43;26.65;0.28;0.4;2018-08-01;Pre-covid;Pre-covid
2018;08;Asturias;Frutas frescas;10166.23;16054.2;1.58;92.24;9.38;14.81;2018-08-01;Pre-covid;Pre-covid
2018;08;Asturias;Naranjas;767.05;887.39;1.16;28.14;0.71;0.82;2018-08-01;Pre-covid;Pre-covid
2018;08;Asturias;Mandarinas;15.71;46.73;2.97;4.66;0.01;0.04;2018-08-01;Pre-covid;Pre-covid
2018;08;Asturias;Limones;202.87;485.14;2.39;40.05;0.19;0.45;2018-08-01;Pre-covid;Pre-covid
2018;08;Asturias;Platanos;1094.02;1944.28;1.78;73.28;1.01;1.79;2018-08-01;Pre-covid;Pre-covid
2018;08;Asturias;Manzanas;574.7;1150.23;2.0;48.29;0.53;1.06;2018-08-01;Pre-covid;Pre-covid
2018;08;Asturias;Peras;222.49;356.58;1.6;37.5;0.21;0.33;2018-08-01;Pre-covid;Pre-covid
2018;08;Asturias;Melocotones;814.08;1190.59;1.46;57.02;0.75;1.1;2018-08-01;Pre-covid;Pre-covid
2018;08;Asturias;Nectarinas;1024.64;1594.89;1.56;67.95;0.95;1.47;2018-08-01;Pre-covid;Pre-covid
2018;08;Asturias;Albaricoques;113.14;256.44;2.27;22.98;0.1;0.24;2018-08-01;Pre-covid;Pre-covid
2018;08;Asturias;Fresas/freson;46.02;204.44;4.44;6.59;0.04;0.19;2018-08-01;Pre-covid;Pre-covid
2018;08;Asturias;Melon;1354.99;1353.07;1.0;52.58;1.25;1.25;2018-08-01;Pre-covid;Pre-covid
2018;08;Asturias;Sandia;1595.54;1124.17;0.7;52.07;1.47;1.04;2018-08-01;Pre-covid;Pre-covid
2018;08;Asturias;Ciruelas;501.35;1056.6;2.11;49.95;0.46;0.97;2018-08-01;Pre-covid;Pre-covid
2018;08;Asturias;Cerezas;363.84;1140.36;3.13;44.05;0.34;1.05;2018-08-01;Pre-covid;Pre-covid
2018;08;Asturias;Uvas;245.99;472.72;1.92;33.46;0.23;0.44;2018-08-01;Pre-covid;Pre-covid
2018;08;Asturias;Kiwi;370.41;1080.75;2.92;30.25;0.34;1.0;2018-08-01;Pre-covid;Pre-covid
2018;08;Asturias;Aguacate;58.24;178.63;3.07;17.55;0.05;0.16;2018-08-01;Pre-covid;Pre-covid
2018;08;Asturias;Piña;151.89;200.53;1.32;10.3;0.14;0.18;2018-08-01;Pre-covid;Pre-covid
2018;08;Asturias;Otras frutas frescas;649.24;1330.67;2.05;53.76;0.6;1.23;2018-08-01;Pre-covid;Pre-covid
2018;08;Asturias;Pomelo;34.13;50.51;1.48;1.1;0.03;0.05;2018-08-01;Pre-covid;Pre-covid
2018;08;Asturias;Chirimoya;0.0;0.0;0.0;0.0;0.0;0.0;2018-08-01;Pre-covid;Pre-covid
2018;08;Asturias;Frutas iv gama;392.58;505.57;1.29;21.41;0.36;0.47;2018-08-01;Pre-covid;Pre-covid
2018;08;Baleares;Frutas frescas;10608.17;14200.03;1.34;94.93;10.3;13.79;2018-08-01;Pre-covid;Pre-covid
2018;08;Baleares;Naranjas;709.96;799.85;1.13;26.9;0.69;0.78;2018-08-01;Pre-covid;Pre-covid
2018;08;Baleares;Mandarinas;24.57;43.85;1.78;4.17;0.02;0.04;2018-08-01;Pre-covid;Pre-covid
2018;08;Baleares;Limones;148.25;346.88;2.34;28.38;0.14;0.34;2018-08-01;Pre-covid;Pre-covid
2018;08;Baleares;Platanos;926.14;1646.07;1.78;72.06;0.9;1.6;2018-08-01;Pre-covid;Pre-covid
2018;08;Baleares;Manzanas;406.6;746.68;1.84;59.27;0.39;0.72;2018-08-01;Pre-covid;Pre-covid
2018;08;Baleares;Peras;294.23;578.56;1.97;38.91;0.29;0.56;2018-08-01;Pre-covid;Pre-covid
2018;08;Baleares;Melocotones;514.4;938.68;1.82;47.79;0.5;0.91;2018-08-01;Pre-covid;Pre-covid
2018;08;Baleares;Nectarinas;367.73;569.76;1.55;41.04;0.36;0.55;2018-08-01;Pre-covid;Pre-covid
2018;08;Baleares;Albaricoques;61.31;133.11;2.17;13.66;0.06;0.13;2018-08-01;Pre-covid;Pre-covid
2018;08;Baleares;Fresas/freson;84.63;293.35;3.47;14.33;0.08;0.28;2018-08-01;Pre-covid;Pre-covid
2018;08;Baleares;Melon;2738.05;2398.94;0.88;70.85;2.66;2.33;2018-08-01;Pre-covid;Pre-covid
2018;08;Baleares;Sandia;2619.67;1487.82;0.57;64.23;2.54;1.44;2018-08-01;Pre-covid;Pre-covid
2018;08;Baleares;Ciruelas;223.04;434.92;1.95;40.5;0.22;0.42;2018-08-01;Pre-covid;Pre-covid
2018;08;Baleares;Cerezas;196.96;654.85;3.32;40.56;0.19;0.64;2018-08-01;Pre-covid;Pre-covid
2018;08;Baleares;Uvas;211.1;613.06;2.9;40.55;0.2;0.6;2018-08-01;Pre-covid;Pre-covid
2018;08;Baleares;Kiwi;224.8;689.0;3.06;27.75;0.22;0.67;2018-08-01;Pre-covid;Pre-covid
2018;08;Baleares;Aguacate;199.43;672.48;3.37;34.57;0.19;0.65;2018-08-01;Pre-covid;Pre-covid
2018;08;Baleares;Piña;107.04;179.93;1.68;15.38;0.1;0.17;2018-08-01;Pre-covid;Pre-covid
2018;08;Baleares;Otras frutas frescas;550.25;972.24;1.77;58.29;0.53;0.94;2018-08-01;Pre-covid;Pre-covid
2018;08;Baleares;Pomelo;25.09;48.48;1.93;1.13;0.02;0.05;2018-08-01;Pre-covid;Pre-covid
2018;08;Baleares;Chirimoya;0.0;0.0;0.0;0.0;0.0;0.0;2018-08-01;Pre-covid;Pre-covid
2018;08;Baleares;Frutas iv gama;274.9;461.45;1.68;24.81;0.27;0.45;2018-08-01;Pre-covid;Pre-covid
2018;08;Canarias;Frutas frescas;16437.54;25332.66;1.54;94.31;7.52;11.59;2018-08-01;Pre-covid;Pre-covid
2018;08;Canarias;Naranjas;1910.83;2305.88;1.21;32.87;0.87;1.05;2018-08-01;Pre-covid;Pre-covid
2018;08;Canarias;Mandarinas;16.6;35.03;2.11;1.57;0.01;0.02;2018-08-01;Pre-covid;Pre-covid
2018;08;Canarias;Limones;534.8;1092.38;2.04;48.02;0.24;0.5;2018-08-01;Pre-covid;Pre-covid
2018;08;Canarias;Platanos;1635.51;2558.97;1.56;56.23;0.75;1.17;2018-08-01;Pre-covid;Pre-covid
2018;08;Canarias;Manzanas;1336.69;2634.8;1.97;46.75;0.61;1.21;2018-08-01;Pre-covid;Pre-covid
2018;08;Canarias;Peras;708.91;1234.98;1.74;37.96;0.32;0.56;2018-08-01;Pre-covid;Pre-covid
2018;08;Canarias;Melocotones;516.38;700.08;1.36;25.13;0.24;0.32;2018-08-01;Pre-covid;Pre-covid
2018;08;Canarias;Nectarinas;1059.0;1571.0;1.48;43.76;0.48;0.72;2018-08-01;Pre-covid;Pre-covid
2018;08;Canarias;Albaricoques;39.37;82.48;2.09;7.07;0.02;0.04;2018-08-01;Pre-covid;Pre-covid
2018;08;Canarias;Fresas/freson;23.08;102.76;4.45;3.22;0.01;0.05;2018-08-01;Pre-covid;Pre-covid
2018;08;Canarias;Melon;2798.85;2640.2;0.94;65.13;1.28;1.21;2018-08-01;Pre-covid;Pre-covid
2018;08;Canarias;Sandia;2551.24;1908.97;0.75;53.76;1.17;0.87;2018-08-01;Pre-covid;Pre-covid
2018;08;Canarias;Ciruelas;690.06;1218.2;1.77;31.44;0.32;0.56;2018-08-01;Pre-covid;Pre-covid
2018;08;Canarias;Cerezas;333.92;1061.15;3.18;30.6;0.15;0.49;2018-08-01;Pre-covid;Pre-covid
2018;08;Canarias;Uvas;150.29;405.47;2.7;23.52;0.07;0.19;2018-08-01;Pre-covid;Pre-covid
2018;08;Canarias;Kiwi;272.34;912.3;3.35;19.22;0.12;0.42;2018-08-01;Pre-covid;Pre-covid
2018;08;Canarias;Aguacate;304.92;1352.53;4.44;24.05;0.14;0.62;2018-08-01;Pre-covid;Pre-covid
2018;08;Canarias;Piña;44.77;95.27;2.13;3.76;0.02;0.04;2018-08-01;Pre-covid;Pre-covid
2018;08;Canarias;Otras frutas frescas;1509.97;3420.19;2.27;58.87;0.69;1.56;2018-08-01;Pre-covid;Pre-covid
2018;08;Canarias;Pomelo;55.31;118.08;2.13;2.41;0.03;0.05;2018-08-01;Pre-covid;Pre-covid
2018;08;Canarias;Chirimoya;0.0;0.0;0.0;0.0;0.0;0.0;2018-08-01;Pre-covid;Pre-covid
2018;08;Canarias;Frutas iv gama;1159.9;1860.59;1.6;33.53;0.53;0.85;2018-08-01;Pre-covid;Pre-covid
2018;08;Cantabria;Frutas frescas;4655.32;6610.57;1.42;94.06;8.36;11.88;2018-08-01;Pre-covid;Pre-covid
2018;08;Cantabria;Naranjas;616.52;746.55;1.21;41.58;1.11;1.34;2018-08-01;Pre-covid;Pre-covid
2018;08;Cantabria;Mandarinas;11.35;29.05;2.56;6.72;0.02;0.05;2018-08-01;Pre-covid;Pre-covid
2018;08;Cantabria;Limones;54.5;128.67;2.36;30.21;0.1;0.23;2018-08-01;Pre-covid;Pre-covid
2018;08;Cantabria;Platanos;421.14;693.69;1.65;68.38;0.76;1.25;2018-08-01;Pre-covid;Pre-covid
2018;08;Cantabria;Manzanas;306.13;555.82;1.82;55.55;0.55;1.0;2018-08-01;Pre-covid;Pre-covid
2018;08;Cantabria;Peras;86.69;149.32;1.72;27.16;0.16;0.27;2018-08-01;Pre-covid;Pre-covid
2018;08;Cantabria;Melocotones;378.69;514.78;1.36;59.93;0.68;0.92;2018-08-01;Pre-covid;Pre-covid
2018;08;Cantabria;Nectarinas;494.47;631.53;1.28;52.19;0.89;1.13;2018-08-01;Pre-covid;Pre-covid
2018;08;Cantabria;Albaricoques;53.17;80.39;1.51;24.0;0.1;0.14;2018-08-01;Pre-covid;Pre-covid
2018;08;Cantabria;Fresas/freson;11.74;54.3;4.63;6.1;0.02;0.1;2018-08-01;Pre-covid;Pre-covid
2018;08;Cantabria;Melon;490.09;438.68;0.9;59.78;0.88;0.79;2018-08-01;Pre-covid;Pre-covid
2018;08;Cantabria;Sandia;738.24;464.65;0.63;55.2;1.33;0.83;2018-08-01;Pre-covid;Pre-covid
2018;08;Cantabria;Ciruelas;165.69;313.98;1.9;35.52;0.3;0.56;2018-08-01;Pre-covid;Pre-covid
2018;08;Cantabria;Cerezas;127.09;350.95;2.76;31.81;0.23;0.63;2018-08-01;Pre-covid;Pre-covid
2018;08;Cantabria;Uvas;79.65;207.89;2.61;23.25;0.14;0.37;2018-08-01;Pre-covid;Pre-covid
2018;08;Cantabria;Kiwi;133.69;453.24;3.39;19.25;0.24;0.81;2018-08-01;Pre-covid;Pre-covid
2018;08;Cantabria;Aguacate;84.3;204.18;2.42;27.73;0.15;0.37;2018-08-01;Pre-covid;Pre-covid
2018;08;Cantabria;Piña;21.05;31.74;1.51;6.36;0.04;0.06;2018-08-01;Pre-covid;Pre-covid
2018;08;Cantabria;Otras frutas frescas;381.1;561.15;1.47;44.47;0.68;1.01;2018-08-01;Pre-covid;Pre-covid
2018;08;Cantabria;Pomelo;13.68;20.18;1.48;3.48;0.02;0.04;2018-08-01;Pre-covid;Pre-covid
2018;08;Cantabria;Chirimoya;0.0;0.0;0.0;0.0;0.0;0.0;2018-08-01;Pre-covid;Pre-covid
2018;08;Cantabria;Frutas iv gama;244.64;341.31;1.4;25.74;0.44;0.61;2018-08-01;Pre-covid;Pre-covid
2018;08;Castilla la mancha;Frutas frescas;17806.08;21316.83;1.2;94.75;8.49;10.16;2018-08-01;Pre-covid;Pre-covid
2018;08;Castilla la mancha;Naranjas;925.61;1182.87;1.28;34.02;0.44;0.56;2018-08-01;Pre-covid;Pre-covid
2018;08;Castilla la mancha;Mandarinas;17.65;50.64;2.87;1.61;0.01;0.02;2018-08-01;Pre-covid;Pre-covid
2018;08;Castilla la mancha;Limones;375.27;792.67;2.11;43.77;0.18;0.38;2018-08-01;Pre-covid;Pre-covid
2018;08;Castilla la mancha;Platanos;1188.49;1841.34;1.55;61.52;0.57;0.88;2018-08-01;Pre-covid;Pre-covid
2018;08;Castilla la mancha;Manzanas;708.82;1245.91;1.76;48.53;0.34;0.59;2018-08-01;Pre-covid;Pre-covid
2018;08;Castilla la mancha;Peras;498.25;769.22;1.54;33.75;0.24;0.37;2018-08-01;Pre-covid;Pre-covid
2018;08;Castilla la mancha;Melocotones;1370.28;1981.32;1.45;60.36;0.65;0.94;2018-08-01;Pre-covid;Pre-covid
2018;08;Castilla la mancha;Nectarinas;710.15;905.62;1.28;31.84;0.34;0.43;2018-08-01;Pre-covid;Pre-covid
2018;08;Castilla la mancha;Albaricoques;49.23;93.81;1.91;7.55;0.02;0.04;2018-08-01;Pre-covid;Pre-covid
2018;08;Castilla la mancha;Fresas/freson;46.49;189.89;4.08;3.66;0.02;0.09;2018-08-01;Pre-covid;Pre-covid
2018;08;Castilla la mancha;Melon;3460.02;2975.55;0.86;71.16;1.65;1.42;2018-08-01;Pre-covid;Pre-covid
2018;08;Castilla la mancha;Sandia;6002.54;4226.74;0.7;60.03;2.86;2.01;2018-08-01;Pre-covid;Pre-covid
2018;08;Castilla la mancha;Ciruelas;593.61;998.57;1.68;40.01;0.28;0.48;2018-08-01;Pre-covid;Pre-covid
2018;08;Castilla la mancha;Cerezas;224.34;544.8;2.43;27.14;0.11;0.26;2018-08-01;Pre-covid;Pre-covid
2018;08;Castilla la mancha;Uvas;195.73;387.98;1.98;18.15;0.09;0.18;2018-08-01;Pre-covid;Pre-covid
2018;08;Castilla la mancha;Kiwi;434.94;1193.62;2.74;22.65;0.21;0.57;2018-08-01;Pre-covid;Pre-covid
2018;08;Castilla la mancha;Aguacate;106.4;427.3;4.02;22.22;0.05;0.2;2018-08-01;Pre-covid;Pre-covid
2018;08;Castilla la mancha;Piña;83.21;159.13;1.91;9.51;0.04;0.08;2018-08-01;Pre-covid;Pre-covid
2018;08;Castilla la mancha;Otras frutas frescas;815.05;1349.84;1.66;44.82;0.39;0.64;2018-08-01;Pre-covid;Pre-covid
2018;08;Castilla la mancha;Pomelo;36.8;68.12;1.85;1.93;0.02;0.03;2018-08-01;Pre-covid;Pre-covid
2018;08;Castilla la mancha;Chirimoya;0.0;0.0;0.0;0.0;0.0;0.0;2018-08-01;Pre-covid;Pre-covid
2018;08;Castilla la mancha;Frutas iv gama;715.67;899.37;1.26;25.66;0.34;0.43;2018-08-01;Pre-covid;Pre-covid
2018;08;Castilla leon;Frutas frescas;23189.25;31283.49;1.35;92.62;9.48;12.79;2018-08-01;Pre-covid;Pre-covid
2018;08;Castilla leon;Naranjas;2068.94;2413.96;1.17;36.77;0.85;0.99;2018-08-01;Pre-covid;Pre-covid
2018;08;Castilla leon;Mandarinas;55.07;102.88;1.87;3.88;0.02;0.04;2018-08-01;Pre-covid;Pre-covid
2018;08;Castilla leon;Limones;500.69;1097.18;2.19;40.26;0.2;0.45;2018-08-01;Pre-covid;Pre-covid
2018;08;Castilla leon;Platanos;1872.16;3049.4;1.63;64.52;0.77;1.25;2018-08-01;Pre-covid;Pre-covid
2018;08;Castilla leon;Manzanas;1014.03;1888.85;1.86;45.49;0.41;0.77;2018-08-01;Pre-covid;Pre-covid
2018;08;Castilla leon;Peras;982.28;1740.67;1.77;44.47;0.4;0.71;2018-08-01;Pre-covid;Pre-covid
2018;08;Castilla leon;Melocotones;1804.15;2791.36;1.55;54.71;0.74;1.14;2018-08-01;Pre-covid;Pre-covid
2018;08;Castilla leon;Nectarinas;1767.76;2367.06;1.34;50.39;0.72;0.97;2018-08-01;Pre-covid;Pre-covid
2018;08;Castilla leon;Albaricoques;206.24;425.41;2.06;20.61;0.08;0.17;2018-08-01;Pre-covid;Pre-covid
2018;08;Castilla leon;Fresas/freson;57.7;225.27;3.9;5.49;0.02;0.09;2018-08-01;Pre-covid;Pre-covid
2018;08;Castilla leon;Melon;4039.06;3549.41;0.88;66.56;1.65;1.45;2018-08-01;Pre-covid;Pre-covid
2018;08;Castilla leon;Sandia;4997.97;3084.8;0.62;54.35;2.04;1.26;2018-08-01;Pre-covid;Pre-covid
2018;08;Castilla leon;Ciruelas;1049.75;1876.9;1.79;30.6;0.43;0.77;2018-08-01;Pre-covid;Pre-covid
2018;08;Castilla leon;Cerezas;394.46;1117.93;2.83;25.4;0.16;0.46;2018-08-01;Pre-covid;Pre-covid
2018;08;Castilla leon;Uvas;232.32;471.2;2.03;19.98;0.09;0.19;2018-08-01;Pre-covid;Pre-covid
2018;08;Castilla leon;Kiwi;570.14;2001.0;3.51;30.54;0.23;0.82;2018-08-01;Pre-covid;Pre-covid
2018;08;Castilla leon;Aguacate;161.3;511.38;3.17;21.83;0.07;0.21;2018-08-01;Pre-covid;Pre-covid
2018;08;Castilla leon;Piña;260.01;403.76;1.55;13.76;0.11;0.17;2018-08-01;Pre-covid;Pre-covid
2018;08;Castilla leon;Otras frutas frescas;1155.22;2165.08;1.87;44.48;0.47;0.89;2018-08-01;Pre-covid;Pre-covid
2018;08;Castilla leon;Pomelo;80.26;144.03;1.79;4.93;0.03;0.06;2018-08-01;Pre-covid;Pre-covid
2018;08;Castilla leon;Chirimoya;0.0;0.0;0.0;0.0;0.0;0.0;2018-08-01;Pre-covid;Pre-covid
2018;08;Castilla leon;Frutas iv gama;846.68;1243.02;1.47;30.56;0.35;0.51;2018-08-01;Pre-covid;Pre-covid
2018;08;Cataluña;Frutas frescas;61603.64;88304.27;1.43;90.81;8.9;12.76;2018-08-01;Pre-covid;Pre-covid
2018;08;Cataluña;Naranjas;4511.28;5798.82;1.29;25.91;0.65;0.84;2018-08-01;Pre-covid;Pre-covid
2018;08;Cataluña;Mandarinas;101.93;198.16;1.94;2.59;0.01;0.03;2018-08-01;Pre-covid;Pre-covid
2018;08;Cataluña;Limones;1366.02;3054.13;2.24;36.65;0.2;0.44;2018-08-01;Pre-covid;Pre-covid
2018;08;Cataluña;Platanos;4307.66;7759.35;1.8;63.42;0.62;1.12;2018-08-01;Pre-covid;Pre-covid
2018;08;Cataluña;Manzanas;2720.02;5215.85;1.92;42.11;0.39;0.75;2018-08-01;Pre-covid;Pre-covid
2018;08;Cataluña;Peras;1885.88;3339.06;1.77;33.51;0.27;0.48;2018-08-01;Pre-covid;Pre-covid
2018;08;Cataluña;Melocotones;7352.26;11973.16;1.63;63.07;1.06;1.73;2018-08-01;Pre-covid;Pre-covid
2018;08;Cataluña;Nectarinas;2610.19;3880.75;1.49;39.42;0.38;0.56;2018-08-01;Pre-covid;Pre-covid
2018;08;Cataluña;Albaricoques;266.98;602.97;2.26;12.28;0.04;0.09;2018-08-01;Pre-covid;Pre-covid
2018;08;Cataluña;Fresas/freson;192.71;589.55;3.06;7.51;0.03;0.09;2018-08-01;Pre-covid;Pre-covid
2018;08;Cataluña;Melon;12311.78;12493.62;1.01;63.88;1.78;1.81;2018-08-01;Pre-covid;Pre-covid
2018;08;Cataluña;Sandia;14748.81;10484.22;0.71;61.21;2.13;1.52;2018-08-01;Pre-covid;Pre-covid
2018;08;Cataluña;Ciruelas;1834.67;3588.22;1.96;30.52;0.27;0.52;2018-08-01;Pre-covid;Pre-covid
2018;08;Cataluña;Cerezas;1077.74;3306.73;3.07;29.32;0.16;0.48;2018-08-01;Pre-covid;Pre-covid
2018;08;Cataluña;Uvas;1073.87;2665.7;2.48;22.5;0.16;0.39;2018-08-01;Pre-covid;Pre-covid
2018;08;Cataluña;Kiwi;1287.04;4167.59;3.24;29.28;0.19;0.6;2018-08-01;Pre-covid;Pre-covid
2018;08;Cataluña;Aguacate;599.43;1970.08;3.29;22.42;0.09;0.28;2018-08-01;Pre-covid;Pre-covid
2018;08;Cataluña;Piña;540.79;917.35;1.7;8.43;0.08;0.13;2018-08-01;Pre-covid;Pre-covid
2018;08;Cataluña;Otras frutas frescas;2814.6;6298.94;2.24;45.29;0.41;0.91;2018-08-01;Pre-covid;Pre-covid
2018;08;Cataluña;Pomelo;129.71;258.54;1.99;2.27;0.02;0.04;2018-08-01;Pre-covid;Pre-covid
2018;08;Cataluña;Chirimoya;0.0;0.0;0.0;0.0;0.0;0.0;2018-08-01;Pre-covid;Pre-covid
2018;08;Cataluña;Frutas iv gama;2586.76;3831.3;1.48;27.29;0.37;0.55;2018-08-01;Pre-covid;Pre-covid
2018;08;Extremadura;Frutas frescas;8508.77;11608.22;1.36;85.94;7.22;9.85;2018-08-01;Pre-covid;Pre-covid
2018;08;Extremadura;Naranjas;557.58;753.38;1.35;27.63;0.47;0.64;2018-08-01;Pre-covid;Pre-covid
2018;08;Extremadura;Mandarinas;4.63;9.85;2.13;1.22;0.0;0.01;2018-08-01;Pre-covid;Pre-covid
2018;08;Extremadura;Limones;182.66;266.81;1.46;17.76;0.15;0.23;2018-08-01;Pre-covid;Pre-covid
2018;08;Extremadura;Platanos;622.75;1017.36;1.63;67.01;0.53;0.86;2018-08-01;Pre-covid;Pre-covid
2018;08;Extremadura;Manzanas;489.62;828.75;1.69;37.43;0.42;0.7;2018-08-01;Pre-covid;Pre-covid
2018;08;Extremadura;Peras;803.1;1136.2;1.41;41.18;0.68;0.96;2018-08-01;Pre-covid;Pre-covid
2018;08;Extremadura;Melocotones;815.43;1134.85;1.39;53.87;0.69;0.96;2018-08-01;Pre-covid;Pre-covid
2018;08;Extremadura;Nectarinas;318.51;402.12;1.26;33.2;0.27;0.34;2018-08-01;Pre-covid;Pre-covid
2018;08;Extremadura;Albaricoques;67.8;170.36;2.51;10.69;0.06;0.14;2018-08-01;Pre-covid;Pre-covid
2018;08;Extremadura;Fresas/freson;33.42;135.79;4.06;6.01;0.03;0.12;2018-08-01;Pre-covid;Pre-covid
2018;08;Extremadura;Melon;1535.63;1293.08;0.84;61.48;1.3;1.1;2018-08-01;Pre-covid;Pre-covid
2018;08;Extremadura;Sandia;1675.64;971.34;0.58;50.48;1.42;0.82;2018-08-01;Pre-covid;Pre-covid
2018;08;Extremadura;Ciruelas;517.9;1031.64;1.99;22.54;0.44;0.87;2018-08-01;Pre-covid;Pre-covid
2018;08;Extremadura;Cerezas;206.13;785.53;3.81;21.19;0.17;0.67;2018-08-01;Pre-covid;Pre-covid
2018;08;Extremadura;Uvas;176.41;438.19;2.48;24.3;0.15;0.37;2018-08-01;Pre-covid;Pre-covid
2018;08;Extremadura;Kiwi;137.99;412.29;2.99;33.71;0.12;0.35;2018-08-01;Pre-covid;Pre-covid
2018;08;Extremadura;Aguacate;57.91;166.84;2.88;17.58;0.05;0.14;2018-08-01;Pre-covid;Pre-covid
2018;08;Extremadura;Piña;48.92;97.46;1.99;6.55;0.04;0.08;2018-08-01;Pre-covid;Pre-covid
2018;08;Extremadura;Otras frutas frescas;256.75;556.37;2.17;46.71;0.22;0.47;2018-08-01;Pre-covid;Pre-covid
2018;08;Extremadura;Pomelo;6.79;8.86;1.3;0.43;0.01;0.01;2018-08-01;Pre-covid;Pre-covid
2018;08;Extremadura;Chirimoya;0.0;0.0;0.0;0.0;0.0;0.0;2018-08-01;Pre-covid;Pre-covid
2018;08;Extremadura;Frutas iv gama;248.84;370.97;1.49;21.05;0.21;0.31;2018-08-01;Pre-covid;Pre-covid
2018;08;Galicia;Frutas frescas;29245.79;45035.8;1.54;96.0;10.56;16.26;2018-08-01;Pre-covid;Pre-covid
2018;08;Galicia;Naranjas;3221.2;3620.39;1.12;44.05;1.16;1.31;2018-08-01;Pre-covid;Pre-covid
2018;08;Galicia;Mandarinas;115.34;238.97;2.07;8.31;0.04;0.09;2018-08-01;Pre-covid;Pre-covid
2018;08;Galicia;Limones;558.66;1179.61;2.11;35.44;0.2;0.43;2018-08-01;Pre-covid;Pre-covid
2018;08;Galicia;Platanos;2655.06;5010.3;1.89;73.7;0.96;1.81;2018-08-01;Pre-covid;Pre-covid
2018;08;Galicia;Manzanas;1683.95;3190.88;1.89;55.6;0.61;1.15;2018-08-01;Pre-covid;Pre-covid
2018;08;Galicia;Peras;1308.45;2145.18;1.64;48.59;0.47;0.77;2018-08-01;Pre-covid;Pre-covid
2018;08;Galicia;Melocotones;2011.11;3079.58;1.53;57.86;0.73;1.11;2018-08-01;Pre-covid;Pre-covid
2018;08;Galicia;Nectarinas;2652.2;4114.8;1.55;63.89;0.96;1.49;2018-08-01;Pre-covid;Pre-covid
2018;08;Galicia;Albaricoques;224.67;483.27;2.15;17.01;0.08;0.17;2018-08-01;Pre-covid;Pre-covid
2018;08;Galicia;Fresas/freson;180.88;896.78;4.96;11.1;0.07;0.32;2018-08-01;Pre-covid;Pre-covid
2018;08;Galicia;Melon;3828.43;3726.62;0.97;62.63;1.38;1.35;2018-08-01;Pre-covid;Pre-covid
2018;08;Galicia;Sandia;4356.32;3202.66;0.74;51.95;1.57;1.16;2018-08-01;Pre-covid;Pre-covid
2018;08;Galicia;Ciruelas;1357.55;2568.24;1.89;44.61;0.49;0.93;2018-08-01;Pre-covid;Pre-covid
2018;08;Galicia;Cerezas;698.03;2249.02;3.22;36.02;0.25;0.81;2018-08-01;Pre-covid;Pre-covid
2018;08;Galicia;Uvas;673.89;1387.93;2.06;30.94;0.24;0.5;2018-08-01;Pre-covid;Pre-covid
2018;08;Galicia;Kiwi;778.42;2322.91;2.98;38.24;0.28;0.84;2018-08-01;Pre-covid;Pre-covid
2018;08;Galicia;Aguacate;292.24;984.93;3.37;23.24;0.11;0.36;2018-08-01;Pre-covid;Pre-covid
2018;08;Galicia;Piña;247.0;408.77;1.65;11.65;0.09;0.15;2018-08-01;Pre-covid;Pre-covid
2018;08;Galicia;Otras frutas frescas;2402.38;4224.95;1.76;60.25;0.87;1.53;2018-08-01;Pre-covid;Pre-covid
2018;08;Galicia;Pomelo;95.62;174.23;1.82;4.02;0.03;0.06;2018-08-01;Pre-covid;Pre-covid
2018;08;Galicia;Chirimoya;0.0;0.0;0.0;0.0;0.0;0.0;2018-08-01;Pre-covid;Pre-covid
2018;08;Galicia;Frutas iv gama;987.87;1660.66;1.68;25.07;0.36;0.6;2018-08-01;Pre-covid;Pre-covid
2018;08;La rioja;Frutas frescas;2038.06;3130.78;1.54;92.27;6.44;9.89;2018-08-01;Pre-covid;Pre-covid
2018;08;La rioja;Naranjas;103.13;119.44;1.16;17.63;0.33;0.38;2018-08-01;Pre-covid;Pre-covid
2018;08;La rioja;Mandarinas;23.76;19.98;0.84;10.8;0.08;0.06;2018-08-01;Pre-covid;Pre-covid
2018;08;La rioja;Limones;43.4;93.29;2.15;33.85;0.14;0.29;2018-08-01;Pre-covid;Pre-covid
2018;08;La rioja;Platanos;249.68;440.82;1.77;65.72;0.79;1.39;2018-08-01;Pre-covid;Pre-covid
2018;08;La rioja;Manzanas;99.77;214.37;2.15;41.24;0.32;0.68;2018-08-01;Pre-covid;Pre-covid
2018;08;La rioja;Peras;57.27;92.59;1.62;33.78;0.18;0.29;2018-08-01;Pre-covid;Pre-covid
2018;08;La rioja;Melocotones;205.65;306.52;1.49;63.26;0.65;0.97;2018-08-01;Pre-covid;Pre-covid
2018;08;La rioja;Nectarinas;142.01;204.78;1.44;41.94;0.45;0.65;2018-08-01;Pre-covid;Pre-covid
2018;08;La rioja;Albaricoques;19.17;37.87;1.98;23.19;0.06;0.12;2018-08-01;Pre-covid;Pre-covid
2018;08;La rioja;Fresas/freson;17.66;36.0;2.04;4.08;0.06;0.11;2018-08-01;Pre-covid;Pre-covid
2018;08;La rioja;Melon;316.91;267.5;0.84;45.26;1.0;0.85;2018-08-01;Pre-covid;Pre-covid
2018;08;La rioja;Sandia;395.11;246.21;0.62;50.99;1.25;0.78;2018-08-01;Pre-covid;Pre-covid
2018;08;La rioja;Ciruelas;48.35;124.12;2.57;29.95;0.15;0.39;2018-08-01;Pre-covid;Pre-covid
2018;08;La rioja;Cerezas;40.75;191.61;4.7;12.94;0.13;0.61;2018-08-01;Pre-covid;Pre-covid
2018;08;La rioja;Uvas;26.87;63.43;2.36;12.77;0.08;0.2;2018-08-01;Pre-covid;Pre-covid
2018;08;La rioja;Kiwi;60.99;238.13;3.9;29.19;0.19;0.75;2018-08-01;Pre-covid;Pre-covid
2018;08;La rioja;Aguacate;32.83;116.8;3.56;19.86;0.1;0.37;2018-08-01;Pre-covid;Pre-covid
2018;08;La rioja;Piña;78.76;141.07;1.79;16.47;0.25;0.45;2018-08-01;Pre-covid;Pre-covid
2018;08;La rioja;Otras frutas frescas;75.98;176.25;2.32;44.35;0.24;0.56;2018-08-01;Pre-covid;Pre-covid
2018;08;La rioja;Pomelo;0.0;0.0;0.0;0.0;0.0;0.0;2018-08-01;Pre-covid;Pre-covid
2018;08;La rioja;Chirimoya;0.0;0.0;0.0;0.0;0.0;0.0;2018-08-01;Pre-covid;Pre-covid
2018;08;La rioja;Frutas iv gama;45.05;63.56;1.41;15.19;0.14;0.2;2018-08-01;Pre-covid;Pre-covid
2018;08;Madrid;Frutas frescas;43263.72;60995.28;1.41;87.62;6.95;9.8;2018-08-01;Pre-covid;Pre-covid
2018;08;Madrid;Naranjas;3762.17;4387.44;1.17;31.13;0.6;0.7;2018-08-01;Pre-covid;Pre-covid
2018;08;Madrid;Mandarinas;53.56;135.21;2.52;2.45;0.01;0.02;2018-08-01;Pre-covid;Pre-covid
2018;08;Madrid;Limones;1124.79;2487.86;2.21;35.82;0.18;0.4;2018-08-01;Pre-covid;Pre-covid
2018;08;Madrid;Platanos;3281.65;5710.47;1.74;61.57;0.53;0.92;2018-08-01;Pre-covid;Pre-covid
2018;08;Madrid;Manzanas;2201.62;4191.31;1.9;40.16;0.35;0.67;2018-08-01;Pre-covid;Pre-covid
2018;08;Madrid;Peras;1384.97;2280.51;1.65;35.54;0.22;0.37;2018-08-01;Pre-covid;Pre-covid
2018;08;Madrid;Melocotones;4039.18;6445.97;1.6;56.68;0.65;1.04;2018-08-01;Pre-covid;Pre-covid
2018;08;Madrid;Nectarinas;1859.83;2545.51;1.37;37.57;0.3;0.41;2018-08-01;Pre-covid;Pre-covid
2018;08;Madrid;Albaricoques;356.93;726.43;2.04;12.32;0.06;0.12;2018-08-01;Pre-covid;Pre-covid
2018;08;Madrid;Fresas/freson;93.65;340.23;3.63;4.02;0.02;0.05;2018-08-01;Pre-covid;Pre-covid
2018;08;Madrid;Melon;8284.37;7924.07;0.96;60.3;1.33;1.27;2018-08-01;Pre-covid;Pre-covid
2018;08;Madrid;Sandia;9494.57;6239.5;0.66;46.42;1.53;1.0;2018-08-01;Pre-covid;Pre-covid
2018;08;Madrid;Ciruelas;1271.16;2277.34;1.79;28.59;0.2;0.37;2018-08-01;Pre-covid;Pre-covid
2018;08;Madrid;Cerezas;1141.78;3325.22;2.91;30.85;0.18;0.53;2018-08-01;Pre-covid;Pre-covid
2018;08;Madrid;Uvas;564.42;1178.44;2.09;20.11;0.09;0.19;2018-08-01;Pre-covid;Pre-covid
2018;08;Madrid;Kiwi;1098.91;3376.73;3.07;27.53;0.18;0.54;2018-08-01;Pre-covid;Pre-covid
2018;08;Madrid;Aguacate;534.43;1870.82;3.5;21.64;0.09;0.3;2018-08-01;Pre-covid;Pre-covid
2018;08;Madrid;Piña;396.6;669.27;1.69;13.09;0.06;0.11;2018-08-01;Pre-covid;Pre-covid
2018;08;Madrid;Otras frutas frescas;2319.15;4882.95;2.11;49.56;0.37;0.78;2018-08-01;Pre-covid;Pre-covid
2018;08;Madrid;Pomelo;75.35;140.99;1.87;1.75;0.01;0.02;2018-08-01;Pre-covid;Pre-covid
2018;08;Madrid;Chirimoya;0.0;0.0;0.0;0.0;0.0;0.0;2018-08-01;Pre-covid;Pre-covid
2018;08;Madrid;Frutas iv gama;1593.99;2325.91;1.46;22.73;0.26;0.37;2018-08-01;Pre-covid;Pre-covid
2018;08;Murcia;Frutas frescas;9467.59;13016.82;1.37;83.7;6.65;9.14;2018-08-01;Pre-covid;Pre-covid
2018;08;Murcia;Naranjas;517.66;555.81;1.07;16.4;0.36;0.39;2018-08-01;Pre-covid;Pre-covid
2018;08;Murcia;Mandarinas;0.0;0.0;0.0;0.0;0.0;0.0;2018-08-01;Pre-covid;Pre-covid
2018;08;Murcia;Limones;461.42;798.95;1.73;46.06;0.32;0.56;2018-08-01;Pre-covid;Pre-covid
2018;08;Murcia;Platanos;676.81;1110.46;1.64;64.88;0.48;0.78;2018-08-01;Pre-covid;Pre-covid
2018;08;Murcia;Manzanas;462.76;791.44;1.71;35.77;0.32;0.56;2018-08-01;Pre-covid;Pre-covid
2018;08;Murcia;Peras;320.91;517.54;1.61;28.94;0.23;0.36;2018-08-01;Pre-covid;Pre-covid
2018;08;Murcia;Melocotones;817.71;1252.7;1.53;49.57;0.57;0.88;2018-08-01;Pre-covid;Pre-covid
2018;08;Murcia;Nectarinas;280.63;367.34;1.31;30.31;0.2;0.26;2018-08-01;Pre-covid;Pre-covid
2018;08;Murcia;Albaricoques;48.45;99.71;2.06;7.16;0.03;0.07;2018-08-01;Pre-covid;Pre-covid
2018;08;Murcia;Fresas/freson;19.58;107.26;5.48;3.53;0.01;0.08;2018-08-01;Pre-covid;Pre-covid
2018;08;Murcia;Melon;2177.99;2323.73;1.07;57.47;1.53;1.63;2018-08-01;Pre-covid;Pre-covid
2018;08;Murcia;Sandia;2404.09;1689.44;0.7;45.09;1.69;1.19;2018-08-01;Pre-covid;Pre-covid
2018;08;Murcia;Ciruelas;234.91;439.46;1.87;21.07;0.16;0.31;2018-08-01;Pre-covid;Pre-covid
2018;08;Murcia;Cerezas;122.08;408.32;3.34;22.14;0.09;0.29;2018-08-01;Pre-covid;Pre-covid
2018;08;Murcia;Uvas;142.99;383.25;2.68;21.21;0.1;0.27;2018-08-01;Pre-covid;Pre-covid
2018;08;Murcia;Kiwi;175.7;585.69;3.33;28.66;0.12;0.41;2018-08-01;Pre-covid;Pre-covid
2018;08;Murcia;Aguacate;80.93;251.28;3.11;15.67;0.06;0.18;2018-08-01;Pre-covid;Pre-covid
2018;08;Murcia;Piña;69.87;141.22;2.02;11.05;0.05;0.1;2018-08-01;Pre-covid;Pre-covid
2018;08;Murcia;Otras frutas frescas;453.1;1193.22;2.63;31.12;0.32;0.84;2018-08-01;Pre-covid;Pre-covid
2018;08;Murcia;Pomelo;49.52;89.62;1.81;5.87;0.03;0.06;2018-08-01;Pre-covid;Pre-covid
2018;08;Murcia;Chirimoya;0.0;0.0;0.0;0.0;0.0;0.0;2018-08-01;Pre-covid;Pre-covid
2018;08;Murcia;Frutas iv gama;354.13;556.72;1.57;20.19;0.25;0.39;2018-08-01;Pre-covid;Pre-covid
2018;08;Navarra;Frutas frescas;6464.96;8653.24;1.34;94.37;10.91;14.61;2018-08-01;Pre-covid;Pre-covid
2018;08;Navarra;Naranjas;354.16;457.79;1.29;31.3;0.6;0.77;2018-08-01;Pre-covid;Pre-covid
2018;08;Navarra;Mandarinas;12.61;30.43;2.41;3.81;0.02;0.05;2018-08-01;Pre-covid;Pre-covid
2018;08;Navarra;Limones;105.59;252.6;2.39;38.8;0.18;0.43;2018-08-01;Pre-covid;Pre-covid
2018;08;Navarra;Platanos;425.48;742.36;1.74;74.8;0.72;1.25;2018-08-01;Pre-covid;Pre-covid
2018;08;Navarra;Manzanas;335.58;645.76;1.92;41.98;0.57;1.09;2018-08-01;Pre-covid;Pre-covid
2018;08;Navarra;Peras;311.91;423.57;1.36;36.9;0.53;0.72;2018-08-01;Pre-covid;Pre-covid
2018;08;Navarra;Melocotones;459.76;687.89;1.5;47.8;0.78;1.16;2018-08-01;Pre-covid;Pre-covid
2018;08;Navarra;Nectarinas;411.55;676.48;1.64;45.02;0.69;1.14;2018-08-01;Pre-covid;Pre-covid
2018;08;Navarra;Albaricoques;43.29;78.58;1.81;13.79;0.07;0.13;2018-08-01;Pre-covid;Pre-covid
2018;08;Navarra;Fresas/freson;12.34;88.44;7.17;3.77;0.02;0.15;2018-08-01;Pre-covid;Pre-covid
2018;08;Navarra;Melon;1271.91;1197.72;0.94;61.73;2.15;2.02;2018-08-01;Pre-covid;Pre-covid
2018;08;Navarra;Sandia;1670.95;1039.71;0.62;58.99;2.82;1.76;2018-08-01;Pre-covid;Pre-covid
2018;08;Navarra;Ciruelas;300.48;481.45;1.6;27.58;0.51;0.81;2018-08-01;Pre-covid;Pre-covid
2018;08;Navarra;Cerezas;79.93;282.6;3.54;18.31;0.13;0.48;2018-08-01;Pre-covid;Pre-covid
2018;08;Navarra;Uvas;91.39;192.82;2.11;27.41;0.15;0.33;2018-08-01;Pre-covid;Pre-covid
2018;08;Navarra;Kiwi;131.34;479.55;3.65;30.15;0.22;0.81;2018-08-01;Pre-covid;Pre-covid
2018;08;Navarra;Aguacate;72.97;188.31;2.58;32.74;0.12;0.32;2018-08-01;Pre-covid;Pre-covid
2018;08;Navarra;Piña;68.13;130.56;1.92;16.53;0.12;0.22;2018-08-01;Pre-covid;Pre-covid
2018;08;Navarra;Otras frutas frescas;305.59;576.61;1.89;37.46;0.52;0.97;2018-08-01;Pre-covid;Pre-covid
2018;08;Navarra;Pomelo;23.71;53.25;2.25;4.53;0.04;0.09;2018-08-01;Pre-covid;Pre-covid
2018;08;Navarra;Chirimoya;0.0;0.0;0.0;0.0;0.0;0.0;2018-08-01;Pre-covid;Pre-covid
2018;08;Navarra;Frutas iv gama;333.41;444.24;1.33;48.49;0.56;0.75;2018-08-01;Pre-covid;Pre-covid
2018;08;Pais vasco;Frutas frescas;19927.91;30968.89;1.55;92.27;9.63;14.96;2018-08-01;Pre-covid;Pre-covid
2018;08;Pais vasco;Naranjas;2285.64;3171.78;1.39;34.87;1.1;1.53;2018-08-01;Pre-covid;Pre-covid
2018;08;Pais vasco;Mandarinas;73.22;196.5;2.68;8.66;0.04;0.09;2018-08-01;Pre-covid;Pre-covid
2018;08;Pais vasco;Limones;436.1;1082.42;2.48;39.02;0.21;0.52;2018-08-01;Pre-covid;Pre-covid
2018;08;Pais vasco;Platanos;1582.05;3020.46;1.91;66.02;0.76;1.46;2018-08-01;Pre-covid;Pre-covid
2018;08;Pais vasco;Manzanas;1204.9;2532.94;2.1;52.25;0.58;1.22;2018-08-01;Pre-covid;Pre-covid
2018;08;Pais vasco;Peras;795.65;1247.4;1.57;42.45;0.38;0.6;2018-08-01;Pre-covid;Pre-covid
2018;08;Pais vasco;Melocotones;1669.05;2761.89;1.65;57.16;0.81;1.33;2018-08-01;Pre-covid;Pre-covid
2018;08;Pais vasco;Nectarinas;1758.72;2446.16;1.39;54.99;0.85;1.18;2018-08-01;Pre-covid;Pre-covid
2018;08;Pais vasco;Albaricoques;135.86;273.8;2.02;15.8;0.07;0.13;2018-08-01;Pre-covid;Pre-covid
2018;08;Pais vasco;Fresas/freson;38.05;139.58;3.67;4.57;0.02;0.07;2018-08-01;Pre-covid;Pre-covid
2018;08;Pais vasco;Melon;2869.92;2998.96;1.04;55.1;1.39;1.45;2018-08-01;Pre-covid;Pre-covid
2018;08;Pais vasco;Sandia;3543.19;2269.91;0.64;45.44;1.71;1.1;2018-08-01;Pre-covid;Pre-covid
2018;08;Pais vasco;Ciruelas;705.06;1414.85;2.01;40.04;0.34;0.68;2018-08-01;Pre-covid;Pre-covid
2018;08;Pais vasco;Cerezas;436.98;1208.42;2.77;44.48;0.21;0.58;2018-08-01;Pre-covid;Pre-covid
2018;08;Pais vasco;Uvas;323.0;761.0;2.36;25.12;0.16;0.37;2018-08-01;Pre-covid;Pre-covid
2018;08;Pais vasco;Kiwi;564.86;1911.93;3.38;27.84;0.27;0.92;2018-08-01;Pre-covid;Pre-covid
2018;08;Pais vasco;Aguacate;207.94;750.58;3.61;30.84;0.1;0.36;2018-08-01;Pre-covid;Pre-covid
2018;08;Pais vasco;Piña;217.99;384.34;1.76;16.86;0.11;0.19;2018-08-01;Pre-covid;Pre-covid
2018;08;Pais vasco;Otras frutas frescas;1079.71;2395.98;2.22;57.98;0.52;1.16;2018-08-01;Pre-covid;Pre-covid
2018;08;Pais vasco;Pomelo;102.51;244.63;2.39;8.24;0.05;0.12;2018-08-01;Pre-covid;Pre-covid
2018;08;Pais vasco;Chirimoya;0.0;0.0;0.0;0.0;0.0;0.0;2018-08-01;Pre-covid;Pre-covid
2018;08;Pais vasco;Frutas iv gama;1634.58;1984.31;1.21;27.15;0.79;0.96;2018-08-01;Pre-covid;Pre-covid
2018;08;Valencia;Frutas frescas;38487.18;47600.27;1.24;89.05;8.13;10.06;2018-08-01;Pre-covid;Pre-covid
2018;08;Valencia;Naranjas;1233.14;1460.18;1.18;15.54;0.26;0.31;2018-08-01;Pre-covid;Pre-covid
2018;08;Valencia;Mandarinas;71.64;143.81;2.01;2.55;0.02;0.03;2018-08-01;Pre-covid;Pre-covid
2018;08;Valencia;Limones;922.03;1921.95;2.08;36.25;0.19;0.41;2018-08-01;Pre-covid;Pre-covid
2018;08;Valencia;Platanos;2973.21;4787.07;1.61;64.45;0.63;1.01;2018-08-01;Pre-covid;Pre-covid
2018;08;Valencia;Manzanas;1359.89;2560.78;1.88;33.97;0.29;0.54;2018-08-01;Pre-covid;Pre-covid
2018;08;Valencia;Peras;1198.69;1959.96;1.64;36.45;0.25;0.41;2018-08-01;Pre-covid;Pre-covid
2018;08;Valencia;Melocotones;3559.76;5242.23;1.47;56.12;0.75;1.11;2018-08-01;Pre-covid;Pre-covid
2018;08;Valencia;Nectarinas;1360.27;1825.46;1.34;29.56;0.29;0.39;2018-08-01;Pre-covid;Pre-covid
2018;08;Valencia;Albaricoques;232.99;419.14;1.8;12.36;0.05;0.09;2018-08-01;Pre-covid;Pre-covid
2018;08;Valencia;Fresas/freson;93.97;425.92;4.53;4.1;0.02;0.09;2018-08-01;Pre-covid;Pre-covid
2018;08;Valencia;Melon;8656.19;7509.76;0.87;60.85;1.83;1.59;2018-08-01;Pre-covid;Pre-covid
2018;08;Valencia;Sandia;11279.6;6775.92;0.6;54.18;2.38;1.43;2018-08-01;Pre-covid;Pre-covid
2018;08;Valencia;Ciruelas;886.76;1602.63;1.81;26.78;0.19;0.34;2018-08-01;Pre-covid;Pre-covid
2018;08;Valencia;Cerezas;470.69;1326.2;2.82;24.37;0.1;0.28;2018-08-01;Pre-covid;Pre-covid
2018;08;Valencia;Uvas;822.57;1695.92;2.06;26.29;0.17;0.36;2018-08-01;Pre-covid;Pre-covid
2018;08;Valencia;Kiwi;710.97;2259.56;3.18;24.46;0.15;0.48;2018-08-01;Pre-covid;Pre-covid
2018;08;Valencia;Aguacate;429.16;1514.5;3.53;25.57;0.09;0.32;2018-08-01;Pre-covid;Pre-covid
2018;08;Valencia;Piña;434.12;589.17;1.36;12.29;0.09;0.12;2018-08-01;Pre-covid;Pre-covid
2018;08;Valencia;Otras frutas frescas;1791.52;3580.12;2.0;41.21;0.38;0.76;2018-08-01;Pre-covid;Pre-covid
2018;08;Valencia;Pomelo;129.82;231.56;1.78;3.37;0.03;0.05;2018-08-01;Pre-covid;Pre-covid
2018;08;Valencia;Chirimoya;0.0;0.0;0.0;0.0;0.0;0.0;2018-08-01;Pre-covid;Pre-covid
2018;08;Valencia;Frutas iv gama;2840.7;2972.98;1.05;23.84;0.6;0.63;2018-08-01;Pre-covid;Pre-covid
2018;09;Nacional;Patatas;107399.38;92536.28;0.86;77.93;2.35;2.03;2018-09-01;Pre-covid;Pre-covid
2018;09;Nacional;Patatas frescas;81335.02;63597.78;0.78;65.31;1.78;1.39;2018-09-01;Pre-covid;Pre-covid
2018;09;Nacional;Patatas congeladas;3202.79;3930.63;1.23;10.19;0.07;0.09;2018-09-01;Pre-covid;Pre-covid
2018;09;Nacional;Patatas procesadas;4572.31;25007.87;5.47;45.55;0.1;0.55;2018-09-01;Pre-covid;Pre-covid
2018;09;Nacional;Hortalizas frescas;242615.08;444709.08;1.83;95.1;5.32;9.75;2018-09-01;Pre-covid;Pre-covid
2018;09;Nacional;Omates;69556.45;114326.6;1.64;75.96;1.52;2.51;2018-09-01;Pre-covid;Pre-covid
2018;09;Nacional;Cebollas;30042.96;32882.0;1.09;64.99;0.66;0.72;2018-09-01;Pre-covid;Pre-covid
2018;09;Nacional;Ajos;4593.11;15782.97;3.44;29.26;0.1;0.35;2018-09-01;Pre-covid;Pre-covid
2018;09;Nacional;Coles;3627.39;4197.53;1.16;12.8;0.08;0.09;2018-09-01;Pre-covid;Pre-covid
2018;09;Nacional;Pepinos;10972.52;13688.53;1.25;38.1;0.24;0.3;2018-09-01;Pre-covid;Pre-covid
2018;09;Nacional;Judias verdes;9675.9;30738.44;3.18;31.13;0.21;0.67;2018-09-01;Pre-covid;Pre-covid
2018;09;Nacional;Pimientos;25495.0;45100.09;1.77;62.34;0.56;0.99;2018-09-01;Pre-covid;Pre-covid
2018;09;Nacional;Champiñoneso setas;5109.5;25503.08;4.99;34.98;0.11;0.56;2018-09-01;Pre-covid;Pre-covid
2018;09;Nacional;Lechuga/esc /endivia;13849.81;38716.22;2.8;60.08;0.3;0.85;2018-09-01;Pre-covid;Pre-covid
2018;09;Nacional;Esparragos;1513.65;3855.44;2.55;8.05;0.03;0.08;2018-09-01;Pre-covid;Pre-covid
2018;09;Nacional;Verduras de hoja;3831.34;9602.63;2.51;22.3;0.08;0.21;2018-09-01;Pre-covid;Pre-covid
2018;09;Nacional;Berenjenas;7660.55;11685.53;1.53;29.96;0.17;0.26;2018-09-01;Pre-covid;Pre-covid
2018;09;Nacional;Zanahorias;12505.98;11431.29;0.91;53.02;0.27;0.25;2018-09-01;Pre-covid;Pre-covid
2018;09;Nacional;Calabacines;17626.78;23512.91;1.33;47.55;0.39;0.52;2018-09-01;Pre-covid;Pre-covid
2018;09;Nacional;Otr hortalizas/verd ;26554.13;63685.82;2.4;69.77;0.58;1.4;2018-09-01;Pre-covid;Pre-covid
2018;09;Nacional;Brocoli;3246.24;5846.8;1.8;17.63;0.07;0.13;2018-09-01;Pre-covid;Pre-covid
2018;09;Nacional;Alcachofas;515.75;1212.51;2.35;3.57;0.01;0.03;2018-09-01;Pre-covid;Pre-covid
2018;09;Nacional;Verd /hort  iv gama;26825.19;65620.45;2.45;64.67;0.59;1.44;2018-09-01;Pre-covid;Pre-covid
2018;09;Andalucia;Patatas;19935.65;16566.73;0.83;78.81;2.29;1.91;2018-09-01;Pre-covid;Pre-covid
2018;09;Andalucia;Patatas frescas;14248.69;10440.84;0.73;63.53;1.64;1.2;2018-09-01;Pre-covid;Pre-covid
2018;09;Andalucia;Patatas congeladas;732.36;865.66;1.18;12.88;0.08;0.1;2018-09-01;Pre-covid;Pre-covid
2018;09;Andalucia;Patatas procesadas;990.92;5260.23;5.31;52.29;0.11;0.61;2018-09-01;Pre-covid;Pre-covid
2018;09;Andalucia;Hortalizas frescas;39342.25;67931.59;1.73;96.4;4.53;7.82;2018-09-01;Pre-covid;Pre-covid
2018;09;Andalucia;Omates;12067.35;18816.53;1.56;79.63;1.39;2.17;2018-09-01;Pre-covid;Pre-covid
2018;09;Andalucia;Cebollas;5022.38;5084.17;1.01;65.3;0.58;0.59;2018-09-01;Pre-covid;Pre-covid
2018;09;Andalucia;Ajos;432.21;1665.3;3.85;30.36;0.05;0.19;2018-09-01;Pre-covid;Pre-covid
2018;09;Andalucia;Coles;392.02;438.11;1.12;10.03;0.05;0.05;2018-09-01;Pre-covid;Pre-covid
2018;09;Andalucia;Pepinos;1823.11;2185.96;1.2;42.38;0.21;0.25;2018-09-01;Pre-covid;Pre-covid
2018;09;Andalucia;Judias verdes;1006.52;3036.44;3.02;26.9;0.12;0.35;2018-09-01;Pre-covid;Pre-covid
2018;09;Andalucia;Pimientos;3879.14;6532.58;1.68;66.97;0.45;0.75;2018-09-01;Pre-covid;Pre-covid
2018;09;Andalucia;Champiñoneso setas;736.13;3015.13;4.1;34.98;0.08;0.35;2018-09-01;Pre-covid;Pre-covid
2018;09;Andalucia;Lechuga/esc /endivia;2300.34;6613.09;2.87;61.29;0.26;0.76;2018-09-01;Pre-covid;Pre-covid
2018;09;Andalucia;Esparragos;151.38;483.69;3.2;5.86;0.02;0.06;2018-09-01;Pre-covid;Pre-covid
2018;09;Andalucia;Verduras de hoja;490.19;1301.73;2.66;19.62;0.06;0.15;2018-09-01;Pre-covid;Pre-covid
2018;09;Andalucia;Berenjenas;1574.35;2375.95;1.51;34.07;0.18;0.27;2018-09-01;Pre-covid;Pre-covid
2018;09;Andalucia;Zanahorias;2155.12;1817.87;0.84;52.17;0.25;0.21;2018-09-01;Pre-covid;Pre-covid
2018;09;Andalucia;Calabacines;2540.9;3212.47;1.26;50.75;0.29;0.37;2018-09-01;Pre-covid;Pre-covid
2018;09;Andalucia;Otr hortalizas/verd ;4771.12;11352.59;2.38;67.13;0.55;1.31;2018-09-01;Pre-covid;Pre-covid
2018;09;Andalucia;Brocoli;486.46;884.38;1.82;16.97;0.06;0.1;2018-09-01;Pre-covid;Pre-covid
2018;09;Andalucia;Alcachofas;65.41;153.26;2.34;4.18;0.01;0.02;2018-09-01;Pre-covid;Pre-covid
2018;09;Andalucia;Verd /hort  iv gama;4794.23;12044.31;2.51;66.2;0.55;1.39;2018-09-01;Pre-covid;Pre-covid
2018;09;Aragon;Patatas;2436.05;2085.49;0.86;74.18;1.86;1.59;2018-09-01;Pre-covid;Pre-covid
2018;09;Aragon;Patatas frescas;1971.25;1557.98;0.79;60.74;1.5;1.19;2018-09-01;Pre-covid;Pre-covid
2018;09;Aragon;Patatas congeladas;54.63;65.47;1.2;9.31;0.04;0.05;2018-09-01;Pre-covid;Pre-covid
2018;09;Aragon;Patatas procesadas;82.04;462.04;5.63;37.83;0.06;0.35;2018-09-01;Pre-covid;Pre-covid
2018;09;Aragon;Hortalizas frescas;12196.52;21788.14;1.79;96.16;9.29;16.6;2018-09-01;Pre-covid;Pre-covid
2018;09;Aragon;Omates;3768.11;6013.17;1.6;75.64;2.87;4.58;2018-09-01;Pre-covid;Pre-covid
2018;09;Aragon;Cebollas;1258.88;1269.25;1.01;58.6;0.96;0.97;2018-09-01;Pre-covid;Pre-covid
2018;09;Aragon;Ajos;605.61;1792.05;2.96;22.51;0.46;1.36;2018-09-01;Pre-covid;Pre-covid
2018;09;Aragon;Coles;98.95;111.05;1.12;10.85;0.08;0.08;2018-09-01;Pre-covid;Pre-covid
2018;09;Aragon;Pepinos;647.19;741.04;1.15;36.42;0.49;0.56;2018-09-01;Pre-covid;Pre-covid
2018;09;Aragon;Judias verdes;892.65;2799.04;3.14;41.42;0.68;2.13;2018-09-01;Pre-covid;Pre-covid
2018;09;Aragon;Pimientos;1214.48;2120.81;1.75;54.88;0.93;1.62;2018-09-01;Pre-covid;Pre-covid
2018;09;Aragon;Champiñoneso setas;141.19;526.31;3.73;40.98;0.11;0.4;2018-09-01;Pre-covid;Pre-covid
2018;09;Aragon;Lechuga/esc /endivia;650.73;1631.19;2.51;67.9;0.5;1.24;2018-09-01;Pre-covid;Pre-covid
2018;09;Aragon;Esparragos;43.02;160.52;3.73;11.38;0.03;0.12;2018-09-01;Pre-covid;Pre-covid
2018;09;Aragon;Verduras de hoja;218.59;403.32;1.85;19.92;0.17;0.31;2018-09-01;Pre-covid;Pre-covid
2018;09;Aragon;Berenjenas;403.21;601.7;1.49;25.84;0.31;0.46;2018-09-01;Pre-covid;Pre-covid
2018;09;Aragon;Zanahorias;330.32;302.76;0.92;50.25;0.25;0.23;2018-09-01;Pre-covid;Pre-covid
2018;09;Aragon;Calabacines;871.46;1180.8;1.35;48.32;0.66;0.9;2018-09-01;Pre-covid;Pre-covid
2018;09;Aragon;Otr hortalizas/verd ;1052.13;2135.15;2.03;65.5;0.8;1.63;2018-09-01;Pre-covid;Pre-covid
2018;09;Aragon;Brocoli;140.95;262.02;1.86;21.11;0.11;0.2;2018-09-01;Pre-covid;Pre-covid
2018;09;Aragon;Alcachofas;19.0;35.46;1.87;4.55;0.01;0.03;2018-09-01;Pre-covid;Pre-covid
2018;09;Aragon;Verd /hort  iv gama;562.76;1481.9;2.63;54.04;0.43;1.13;2018-09-01;Pre-covid;Pre-covid
2018;09;Asturias;Patatas;2865.41;2373.27;0.83;67.2;2.64;2.19;2018-09-01;Pre-covid;Pre-covid
2018;09;Asturias;Patatas frescas;2371.31;1888.11;0.8;61.48;2.19;1.74;2018-09-01;Pre-covid;Pre-covid
2018;09;Asturias;Patatas congeladas;62.72;68.98;1.1;9.73;0.06;0.06;2018-09-01;Pre-covid;Pre-covid
2018;09;Asturias;Patatas procesadas;86.28;416.19;4.82;32.23;0.08;0.38;2018-09-01;Pre-covid;Pre-covid
2018;09;Asturias;Hortalizas frescas;5083.35;9271.1;1.82;92.96;4.69;8.55;2018-09-01;Pre-covid;Pre-covid
2018;09;Asturias;Omates;1536.19;2313.92;1.51;63.41;1.42;2.13;2018-09-01;Pre-covid;Pre-covid
2018;09;Asturias;Cebollas;797.14;882.54;1.11;71.17;0.74;0.81;2018-09-01;Pre-covid;Pre-covid
2018;09;Asturias;Ajos;64.85;302.66;4.67;36.54;0.06;0.28;2018-09-01;Pre-covid;Pre-covid
2018;09;Asturias;Coles;52.98;56.88;1.07;12.4;0.05;0.05;2018-09-01;Pre-covid;Pre-covid
2018;09;Asturias;Pepinos;166.22;214.06;1.29;25.22;0.15;0.2;2018-09-01;Pre-covid;Pre-covid
2018;09;Asturias;Judias verdes;164.54;619.2;3.76;19.03;0.15;0.57;2018-09-01;Pre-covid;Pre-covid
2018;09;Asturias;Pimientos;510.23;1149.58;2.25;50.33;0.47;1.06;2018-09-01;Pre-covid;Pre-covid
2018;09;Asturias;Champiñoneso setas;51.15;276.21;5.4;28.44;0.05;0.25;2018-09-01;Pre-covid;Pre-covid
2018;09;Asturias;Lechuga/esc /endivia;648.69;1273.58;1.96;55.71;0.6;1.17;2018-09-01;Pre-covid;Pre-covid
2018;09;Asturias;Esparragos;18.43;61.97;3.36;7.18;0.02;0.06;2018-09-01;Pre-covid;Pre-covid
2018;09;Asturias;Verduras de hoja;24.32;72.86;3.0;8.32;0.02;0.07;2018-09-01;Pre-covid;Pre-covid
2018;09;Asturias;Berenjenas;115.37;200.43;1.74;19.08;0.11;0.18;2018-09-01;Pre-covid;Pre-covid
2018;09;Asturias;Zanahorias;233.12;191.91;0.82;39.65;0.22;0.18;2018-09-01;Pre-covid;Pre-covid
2018;09;Asturias;Calabacines;251.59;385.92;1.53;34.62;0.23;0.36;2018-09-01;Pre-covid;Pre-covid
2018;09;Asturias;Otr hortalizas/verd ;448.54;1269.37;2.83;59.75;0.41;1.17;2018-09-01;Pre-covid;Pre-covid
2018;09;Asturias;Brocoli;62.92;141.74;2.25;16.57;0.06;0.13;2018-09-01;Pre-covid;Pre-covid
2018;09;Asturias;Alcachofas;0.92;1.41;1.53;0.39;0.0;0.0;2018-09-01;Pre-covid;Pre-covid
2018;09;Asturias;Verd /hort  iv gama;537.97;1285.4;2.39;56.34;0.5;1.19;2018-09-01;Pre-covid;Pre-covid
2018;09;Baleares;Patatas;2337.27;2050.37;0.88;74.06;2.27;1.99;2018-09-01;Pre-covid;Pre-covid
2018;09;Baleares;Patatas frescas;1591.96;1205.82;0.76;66.92;1.55;1.17;2018-09-01;Pre-covid;Pre-covid
2018;09;Baleares;Patatas congeladas;98.31;124.08;1.26;9.45;0.1;0.12;2018-09-01;Pre-covid;Pre-covid
2018;09;Baleares;Patatas procesadas;129.4;720.48;5.57;43.7;0.13;0.7;2018-09-01;Pre-covid;Pre-covid
2018;09;Baleares;Hortalizas frescas;4490.1;9034.72;2.01;96.31;4.36;8.77;2018-09-01;Pre-covid;Pre-covid
2018;09;Baleares;Omates;1192.06;1945.93;1.63;88.22;1.16;1.89;2018-09-01;Pre-covid;Pre-covid
2018;09;Baleares;Cebollas;489.39;610.79;1.25;64.29;0.48;0.59;2018-09-01;Pre-covid;Pre-covid
2018;09;Baleares;Ajos;34.65;131.01;3.78;24.32;0.03;0.13;2018-09-01;Pre-covid;Pre-covid
2018;09;Baleares;Coles;100.39;122.95;1.22;19.09;0.1;0.12;2018-09-01;Pre-covid;Pre-covid
2018;09;Baleares;Pepinos;144.81;200.42;1.38;38.88;0.14;0.19;2018-09-01;Pre-covid;Pre-covid
2018;09;Baleares;Judias verdes;131.14;462.56;3.53;34.0;0.13;0.45;2018-09-01;Pre-covid;Pre-covid
2018;09;Baleares;Pimientos;468.1;927.11;1.98;56.31;0.45;0.9;2018-09-01;Pre-covid;Pre-covid
2018;09;Baleares;Champiñoneso setas;156.92;812.82;5.18;52.29;0.15;0.79;2018-09-01;Pre-covid;Pre-covid
2018;09;Baleares;Lechuga/esc /endivia;262.68;914.55;3.48;71.45;0.26;0.89;2018-09-01;Pre-covid;Pre-covid
2018;09;Baleares;Esparragos;39.41;53.94;1.37;5.03;0.04;0.05;2018-09-01;Pre-covid;Pre-covid
2018;09;Baleares;Verduras de hoja;93.29;266.28;2.85;20.63;0.09;0.26;2018-09-01;Pre-covid;Pre-covid
2018;09;Baleares;Berenjenas;195.97;299.31;1.53;37.25;0.19;0.29;2018-09-01;Pre-covid;Pre-covid
2018;09;Baleares;Zanahorias;306.38;257.37;0.84;57.53;0.3;0.25;2018-09-01;Pre-covid;Pre-covid
2018;09;Baleares;Calabacines;210.78;237.66;1.13;41.65;0.2;0.23;2018-09-01;Pre-covid;Pre-covid
2018;09;Baleares;Otr hortalizas/verd ;664.12;1792.01;2.7;74.59;0.64;1.74;2018-09-01;Pre-covid;Pre-covid
2018;09;Baleares;Brocoli;72.63;161.6;2.22;21.9;0.07;0.16;2018-09-01;Pre-covid;Pre-covid
2018;09;Baleares;Alcachofas;18.5;37.2;2.01;4.11;0.02;0.04;2018-09-01;Pre-covid;Pre-covid
2018;09;Baleares;Verd /hort  iv gama;517.68;1582.74;3.06;65.55;0.5;1.54;2018-09-01;Pre-covid;Pre-covid
2018;09;Canarias;Patatas;3906.04;4219.17;1.08;76.99;1.79;1.93;2018-09-01;Pre-covid;Pre-covid
2018;09;Canarias;Patatas frescas;2997.16;3224.39;1.08;65.66;1.37;1.47;2018-09-01;Pre-covid;Pre-covid
2018;09;Canarias;Patatas congeladas;250.11;246.46;0.99;9.65;0.11;0.11;2018-09-01;Pre-covid;Pre-covid
2018;09;Canarias;Patatas procesadas;131.75;748.31;5.68;35.24;0.06;0.34;2018-09-01;Pre-covid;Pre-covid
2018;09;Canarias;Hortalizas frescas;9559.45;16704.13;1.75;96.26;4.37;7.64;2018-09-01;Pre-covid;Pre-covid
2018;09;Canarias;Omates;2252.19;3212.26;1.43;79.16;1.03;1.47;2018-09-01;Pre-covid;Pre-covid
2018;09;Canarias;Cebollas;1231.78;1240.1;1.01;71.26;0.56;0.57;2018-09-01;Pre-covid;Pre-covid
2018;09;Canarias;Ajos;84.74;340.89;4.02;31.13;0.04;0.16;2018-09-01;Pre-covid;Pre-covid
2018;09;Canarias;Coles;198.18;247.7;1.25;22.71;0.09;0.11;2018-09-01;Pre-covid;Pre-covid
2018;09;Canarias;Pepinos;366.97;598.65;1.63;37.03;0.17;0.27;2018-09-01;Pre-covid;Pre-covid
2018;09;Canarias;Judias verdes;282.37;610.12;2.16;26.17;0.13;0.28;2018-09-01;Pre-covid;Pre-covid
2018;09;Canarias;Pimientos;1027.08;1771.67;1.72;68.82;0.47;0.81;2018-09-01;Pre-covid;Pre-covid
2018;09;Canarias;Champiñoneso setas;127.51;533.06;4.18;26.72;0.06;0.24;2018-09-01;Pre-covid;Pre-covid
2018;09;Canarias;Lechuga/esc /endivia;339.92;1132.52;3.33;51.91;0.16;0.52;2018-09-01;Pre-covid;Pre-covid
2018;09;Canarias;Esparragos;31.19;53.57;1.72;2.88;0.01;0.02;2018-09-01;Pre-covid;Pre-covid
2018;09;Canarias;Verduras de hoja;101.21;279.86;2.77;22.18;0.05;0.13;2018-09-01;Pre-covid;Pre-covid
2018;09;Canarias;Berenjenas;174.76;242.34;1.39;23.93;0.08;0.11;2018-09-01;Pre-covid;Pre-covid
2018;09;Canarias;Zanahorias;674.48;740.91;1.1;61.33;0.31;0.34;2018-09-01;Pre-covid;Pre-covid
2018;09;Canarias;Calabacines;872.68;1384.08;1.59;54.59;0.4;0.63;2018-09-01;Pre-covid;Pre-covid
2018;09;Canarias;Otr hortalizas/verd ;1794.39;4316.4;2.41;78.4;0.82;1.97;2018-09-01;Pre-covid;Pre-covid
2018;09;Canarias;Brocoli;32.25;79.9;2.48;4.77;0.01;0.04;2018-09-01;Pre-covid;Pre-covid
2018;09;Canarias;Alcachofas;0.31;1.96;6.41;0.22;0.0;0.0;2018-09-01;Pre-covid;Pre-covid
2018;09;Canarias;Verd /hort  iv gama;1592.3;3485.03;2.19;63.47;0.73;1.59;2018-09-01;Pre-covid;Pre-covid
2018;09;Cantabria;Patatas;1098.12;887.51;0.81;81.04;1.97;1.59;2018-09-01;Pre-covid;Pre-covid
2018;09;Cantabria;Patatas frescas;843.61;619.2;0.73;64.04;1.52;1.11;2018-09-01;Pre-covid;Pre-covid
2018;09;Cantabria;Patatas congeladas;24.16;25.09;1.04;8.06;0.04;0.05;2018-09-01;Pre-covid;Pre-covid
2018;09;Cantabria;Patatas procesadas;46.07;243.22;5.28;43.89;0.08;0.44;2018-09-01;Pre-covid;Pre-covid
2018;09;Cantabria;Hortalizas frescas;2117.73;3959.31;1.87;95.27;3.8;7.11;2018-09-01;Pre-covid;Pre-covid
2018;09;Cantabria;Omates;328.78;635.71;1.93;68.6;0.59;1.14;2018-09-01;Pre-covid;Pre-covid
2018;09;Cantabria;Cebollas;296.86;284.97;0.96;70.77;0.53;0.51;2018-09-01;Pre-covid;Pre-covid
2018;09;Cantabria;Ajos;17.08;84.03;4.92;23.4;0.03;0.15;2018-09-01;Pre-covid;Pre-covid
2018;09;Cantabria;Coles;55.88;53.73;0.96;23.46;0.1;0.1;2018-09-01;Pre-covid;Pre-covid
2018;09;Cantabria;Pepinos;64.45;86.53;1.34;30.13;0.12;0.16;2018-09-01;Pre-covid;Pre-covid
2018;09;Cantabria;Judias verdes;127.38;388.72;3.05;22.98;0.23;0.7;2018-09-01;Pre-covid;Pre-covid
2018;09;Cantabria;Pimientos;210.21;382.9;1.82;67.01;0.38;0.69;2018-09-01;Pre-covid;Pre-covid
2018;09;Cantabria;Champiñoneso setas;38.65;183.48;4.75;31.44;0.07;0.33;2018-09-01;Pre-covid;Pre-covid
2018;09;Cantabria;Lechuga/esc /endivia;385.13;796.03;2.07;58.73;0.69;1.43;2018-09-01;Pre-covid;Pre-covid
2018;09;Cantabria;Esparragos;3.54;18.89;5.33;2.6;0.01;0.03;2018-09-01;Pre-covid;Pre-covid
2018;09;Cantabria;Verduras de hoja;45.57;77.98;1.71;3.77;0.08;0.14;2018-09-01;Pre-covid;Pre-covid
2018;09;Cantabria;Berenjenas;96.79;161.87;1.67;27.5;0.17;0.29;2018-09-01;Pre-covid;Pre-covid
2018;09;Cantabria;Zanahorias;134.81;115.98;0.86;66.45;0.24;0.21;2018-09-01;Pre-covid;Pre-covid
2018;09;Cantabria;Calabacines;105.38;166.55;1.58;35.84;0.19;0.3;2018-09-01;Pre-covid;Pre-covid
2018;09;Cantabria;Otr hortalizas/verd ;207.23;521.95;2.52;55.22;0.37;0.94;2018-09-01;Pre-covid;Pre-covid
2018;09;Cantabria;Brocoli;13.33;33.38;2.5;8.41;0.02;0.06;2018-09-01;Pre-covid;Pre-covid
2018;09;Cantabria;Alcachofas;2.37;4.39;1.86;2.2;0.0;0.01;2018-09-01;Pre-covid;Pre-covid
2018;09;Cantabria;Verd /hort  iv gama;283.33;746.36;2.63;55.03;0.51;1.34;2018-09-01;Pre-covid;Pre-covid
2018;09;Castilla la mancha;Patatas;5115.56;4475.3;0.87;73.79;2.44;2.13;2018-09-01;Pre-covid;Pre-covid
2018;09;Castilla la mancha;Patatas frescas;3985.16;3211.82;0.81;55.05;1.9;1.53;2018-09-01;Pre-covid;Pre-covid
2018;09;Castilla la mancha;Patatas congeladas;243.57;261.31;1.07;17.39;0.12;0.12;2018-09-01;Pre-covid;Pre-covid
2018;09;Castilla la mancha;Patatas procesadas;177.37;1002.17;5.65;47.76;0.08;0.48;2018-09-01;Pre-covid;Pre-covid
2018;09;Castilla la mancha;Hortalizas frescas;9916.13;17476.84;1.76;92.31;4.73;8.33;2018-09-01;Pre-covid;Pre-covid
2018;09;Castilla la mancha;Omates;3055.95;5207.12;1.7;62.51;1.46;2.48;2018-09-01;Pre-covid;Pre-covid
2018;09;Castilla la mancha;Cebollas;1617.99;2297.93;1.42;55.23;0.77;1.1;2018-09-01;Pre-covid;Pre-covid
2018;09;Castilla la mancha;Ajos;67.55;286.99;4.25;24.68;0.03;0.14;2018-09-01;Pre-covid;Pre-covid
2018;09;Castilla la mancha;Coles;71.65;76.91;1.07;7.36;0.03;0.04;2018-09-01;Pre-covid;Pre-covid
2018;09;Castilla la mancha;Pepinos;566.03;712.34;1.26;39.98;0.27;0.34;2018-09-01;Pre-covid;Pre-covid
2018;09;Castilla la mancha;Judias verdes;265.55;862.11;3.25;23.96;0.13;0.41;2018-09-01;Pre-covid;Pre-covid
2018;09;Castilla la mancha;Pimientos;1338.39;2189.73;1.64;59.71;0.64;1.04;2018-09-01;Pre-covid;Pre-covid
2018;09;Castilla la mancha;Champiñoneso setas;210.96;757.55;3.59;33.22;0.1;0.36;2018-09-01;Pre-covid;Pre-covid
2018;09;Castilla la mancha;Lechuga/esc /endivia;326.4;997.12;3.05;50.16;0.16;0.48;2018-09-01;Pre-covid;Pre-covid
2018;09;Castilla la mancha;Esparragos;67.24;204.25;3.04;10.52;0.03;0.1;2018-09-01;Pre-covid;Pre-covid
2018;09;Castilla la mancha;Verduras de hoja;207.6;429.29;2.07;20.51;0.1;0.2;2018-09-01;Pre-covid;Pre-covid
2018;09;Castilla la mancha;Berenjenas;143.62;230.53;1.61;26.01;0.07;0.11;2018-09-01;Pre-covid;Pre-covid
2018;09;Castilla la mancha;Zanahorias;429.45;365.26;0.85;52.02;0.2;0.17;2018-09-01;Pre-covid;Pre-covid
2018;09;Castilla la mancha;Calabacines;868.14;1196.36;1.38;40.55;0.41;0.57;2018-09-01;Pre-covid;Pre-covid
2018;09;Castilla la mancha;Otr hortalizas/verd ;679.62;1663.35;2.45;59.66;0.32;0.79;2018-09-01;Pre-covid;Pre-covid
2018;09;Castilla la mancha;Brocoli;132.03;216.72;1.64;19.65;0.06;0.1;2018-09-01;Pre-covid;Pre-covid
2018;09;Castilla la mancha;Alcachofas;7.51;25.3;3.37;2.04;0.0;0.01;2018-09-01;Pre-covid;Pre-covid
2018;09;Castilla la mancha;Verd /hort  iv gama;867.1;2110.62;2.43;52.02;0.41;1.01;2018-09-01;Pre-covid;Pre-covid
2018;09;Castilla leon;Patatas;6358.05;4988.8;0.78;69.29;2.6;2.04;2018-09-01;Pre-covid;Pre-covid
2018;09;Castilla leon;Patatas frescas;5360.41;3864.49;0.72;55.62;2.19;1.58;2018-09-01;Pre-covid;Pre-covid
2018;09;Castilla leon;Patatas congeladas;87.65;119.43;1.36;5.82;0.04;0.05;2018-09-01;Pre-covid;Pre-covid
2018;09;Castilla leon;Patatas procesadas;182.0;1004.88;5.52;40.21;0.07;0.41;2018-09-01;Pre-covid;Pre-covid
2018;09;Castilla leon;Hortalizas frescas;21366.25;38754.66;1.81;91.14;8.73;15.84;2018-09-01;Pre-covid;Pre-covid
2018;09;Castilla leon;Omates;5591.76;9682.35;1.73;62.85;2.29;3.96;2018-09-01;Pre-covid;Pre-covid
2018;09;Castilla leon;Cebollas;3148.91;3368.92;1.07;61.5;1.29;1.38;2018-09-01;Pre-covid;Pre-covid
2018;09;Castilla leon;Ajos;2089.59;6125.63;2.93;34.35;0.85;2.5;2018-09-01;Pre-covid;Pre-covid
2018;09;Castilla leon;Coles;143.07;161.95;1.13;10.98;0.06;0.07;2018-09-01;Pre-covid;Pre-covid
2018;09;Castilla leon;Pepinos;1058.59;1223.66;1.16;30.19;0.43;0.5;2018-09-01;Pre-covid;Pre-covid
2018;09;Castilla leon;Judias verdes;1435.65;4683.99;3.26;25.71;0.59;1.91;2018-09-01;Pre-covid;Pre-covid
2018;09;Castilla leon;Pimientos;2766.62;4546.52;1.64;57.55;1.13;1.86;2018-09-01;Pre-covid;Pre-covid
2018;09;Castilla leon;Champiñoneso setas;142.03;536.63;3.78;22.93;0.06;0.22;2018-09-01;Pre-covid;Pre-covid
2018;09;Castilla leon;Lechuga/esc /endivia;727.02;1806.04;2.48;49.83;0.3;0.74;2018-09-01;Pre-covid;Pre-covid
2018;09;Castilla leon;Esparragos;40.75;109.91;2.7;3.93;0.02;0.04;2018-09-01;Pre-covid;Pre-covid
2018;09;Castilla leon;Verduras de hoja;173.54;410.36;2.36;17.78;0.07;0.17;2018-09-01;Pre-covid;Pre-covid
2018;09;Castilla leon;Berenjenas;299.87;466.53;1.56;20.81;0.12;0.19;2018-09-01;Pre-covid;Pre-covid
2018;09;Castilla leon;Zanahorias;721.93;596.62;0.83;49.55;0.3;0.24;2018-09-01;Pre-covid;Pre-covid
2018;09;Castilla leon;Calabacines;2064.89;2766.88;1.34;37.44;0.84;1.13;2018-09-01;Pre-covid;Pre-covid
2018;09;Castilla leon;Otr hortalizas/verd ;962.06;2268.66;2.36;59.3;0.39;0.93;2018-09-01;Pre-covid;Pre-covid
2018;09;Castilla leon;Brocoli;173.97;312.66;1.8;15.26;0.07;0.13;2018-09-01;Pre-covid;Pre-covid
2018;09;Castilla leon;Alcachofas;21.45;48.09;2.24;2.22;0.01;0.02;2018-09-01;Pre-covid;Pre-covid
2018;09;Castilla leon;Verd /hort  iv gama;1343.08;2838.22;2.11;54.58;0.55;1.16;2018-09-01;Pre-covid;Pre-covid
2018;09;Cataluña;Patatas;16299.93;14897.42;0.91;84.09;2.36;2.15;2018-09-01;Pre-covid;Pre-covid
2018;09;Cataluña;Patatas frescas;11289.58;9225.32;0.82;73.5;1.63;1.33;2018-09-01;Pre-covid;Pre-covid
2018;09;Cataluña;Patatas congeladas;375.94;516.69;1.37;9.7;0.05;0.07;2018-09-01;Pre-covid;Pre-covid
2018;09;Cataluña;Patatas procesadas;926.88;5155.41;5.56;53.06;0.13;0.75;2018-09-01;Pre-covid;Pre-covid
2018;09;Cataluña;Hortalizas frescas;38809.32;75174.48;1.94;95.98;5.61;10.86;2018-09-01;Pre-covid;Pre-covid
2018;09;Cataluña;Omates;11194.56;19596.77;1.75;82.27;1.62;2.83;2018-09-01;Pre-covid;Pre-covid
2018;09;Cataluña;Cebollas;4523.91;5114.18;1.13;68.97;0.65;0.74;2018-09-01;Pre-covid;Pre-covid
2018;09;Cataluña;Ajos;271.95;1311.59;4.82;29.49;0.04;0.19;2018-09-01;Pre-covid;Pre-covid
2018;09;Cataluña;Coles;719.31;796.54;1.11;16.33;0.1;0.12;2018-09-01;Pre-covid;Pre-covid
2018;09;Cataluña;Pepinos;1472.44;1985.95;1.35;39.0;0.21;0.29;2018-09-01;Pre-covid;Pre-covid
2018;09;Cataluña;Judias verdes;1689.77;5703.57;3.38;43.95;0.24;0.82;2018-09-01;Pre-covid;Pre-covid
2018;09;Cataluña;Pimientos;2832.37;5202.4;1.84;64.03;0.41;0.75;2018-09-01;Pre-covid;Pre-covid
2018;09;Cataluña;Champiñoneso setas;1162.86;5864.98;5.04;37.76;0.17;0.85;2018-09-01;Pre-covid;Pre-covid
2018;09;Cataluña;Lechuga/esc /endivia;2551.23;7491.92;2.94;66.67;0.37;1.08;2018-09-01;Pre-covid;Pre-covid
2018;09;Cataluña;Esparragos;385.07;791.64;2.06;9.32;0.06;0.11;2018-09-01;Pre-covid;Pre-covid
2018;09;Cataluña;Verduras de hoja;678.08;1813.92;2.68;24.24;0.1;0.26;2018-09-01;Pre-covid;Pre-covid
2018;09;Cataluña;Berenjenas;1584.92;2526.84;1.59;38.9;0.23;0.37;2018-09-01;Pre-covid;Pre-covid
2018;09;Cataluña;Zanahorias;2131.31;2125.06;1.0;52.02;0.31;0.31;2018-09-01;Pre-covid;Pre-covid
2018;09;Cataluña;Calabacines;2776.34;3685.83;1.33;48.41;0.4;0.53;2018-09-01;Pre-covid;Pre-covid
2018;09;Cataluña;Otr hortalizas/verd ;4835.21;11163.28;2.31;75.61;0.7;1.61;2018-09-01;Pre-covid;Pre-covid
2018;09;Cataluña;Brocoli;652.81;1092.86;1.67;19.09;0.09;0.16;2018-09-01;Pre-covid;Pre-covid
2018;09;Cataluña;Alcachofas;127.25;301.2;2.37;3.89;0.02;0.04;2018-09-01;Pre-covid;Pre-covid
2018;09;Cataluña;Verd /hort  iv gama;4091.82;11059.73;2.7;67.33;0.59;1.6;2018-09-01;Pre-covid;Pre-covid
2018;09;Extremadura;Patatas;2481.79;1956.04;0.79;73.14;2.1;1.66;2018-09-01;Pre-covid;Pre-covid
2018;09;Extremadura;Patatas frescas;1894.3;1349.88;0.71;56.48;1.61;1.14;2018-09-01;Pre-covid;Pre-covid
2018;09;Extremadura;Patatas congeladas;142.12;170.99;1.2;14.73;0.12;0.15;2018-09-01;Pre-covid;Pre-covid
2018;09;Extremadura;Patatas procesadas;89.07;435.17;4.89;42.2;0.08;0.37;2018-09-01;Pre-covid;Pre-covid
2018;09;Extremadura;Hortalizas frescas;7766.75;15096.06;1.94;96.66;6.59;12.8;2018-09-01;Pre-covid;Pre-covid
2018;09;Extremadura;Omates;2497.52;4543.03;1.82;68.87;2.12;3.85;2018-09-01;Pre-covid;Pre-covid
2018;09;Extremadura;Cebollas;918.9;870.71;0.95;66.55;0.78;0.74;2018-09-01;Pre-covid;Pre-covid
2018;09;Extremadura;Ajos;58.29;221.22;3.79;25.38;0.05;0.19;2018-09-01;Pre-covid;Pre-covid
2018;09;Extremadura;Coles;157.28;165.41;1.05;17.47;0.13;0.14;2018-09-01;Pre-covid;Pre-covid
2018;09;Extremadura;Pepinos;276.82;302.37;1.09;48.44;0.23;0.26;2018-09-01;Pre-covid;Pre-covid
2018;09;Extremadura;Judias verdes;229.95;709.29;3.08;20.65;0.2;0.6;2018-09-01;Pre-covid;Pre-covid
2018;09;Extremadura;Pimientos;1270.68;2264.61;1.78;64.42;1.08;1.92;2018-09-01;Pre-covid;Pre-covid
2018;09;Extremadura;Champiñoneso setas;238.43;2204.27;9.24;34.06;0.2;1.87;2018-09-01;Pre-covid;Pre-covid
2018;09;Extremadura;Lechuga/esc /endivia;271.01;813.74;3.0;52.84;0.23;0.69;2018-09-01;Pre-covid;Pre-covid
2018;09;Extremadura;Esparragos;36.78;66.14;1.8;6.22;0.03;0.06;2018-09-01;Pre-covid;Pre-covid
2018;09;Extremadura;Verduras de hoja;118.55;226.07;1.91;27.3;0.1;0.19;2018-09-01;Pre-covid;Pre-covid
2018;09;Extremadura;Berenjenas;336.25;470.29;1.4;29.97;0.29;0.4;2018-09-01;Pre-covid;Pre-covid
2018;09;Extremadura;Zanahorias;356.06;322.68;0.91;57.15;0.3;0.27;2018-09-01;Pre-covid;Pre-covid
2018;09;Extremadura;Calabacines;536.53;753.74;1.4;46.36;0.46;0.64;2018-09-01;Pre-covid;Pre-covid
2018;09;Extremadura;Otr hortalizas/verd ;463.7;1162.47;2.51;68.22;0.39;0.99;2018-09-01;Pre-covid;Pre-covid
2018;09;Extremadura;Brocoli;87.12;133.43;1.53;20.35;0.07;0.11;2018-09-01;Pre-covid;Pre-covid
2018;09;Extremadura;Alcachofas;1.37;2.53;1.85;0.81;0.0;0.0;2018-09-01;Pre-covid;Pre-covid
2018;09;Extremadura;Verd /hort  iv gama;762.01;1399.82;1.84;67.68;0.65;1.19;2018-09-01;Pre-covid;Pre-covid
2018;09;Galicia;Patatas;9214.62;7273.16;0.79;70.06;3.33;2.63;2018-09-01;Pre-covid;Pre-covid
2018;09;Galicia;Patatas frescas;7979.07;5878.28;0.74;47.39;2.88;2.12;2018-09-01;Pre-covid;Pre-covid
2018;09;Galicia;Patatas congeladas;153.52;172.25;1.12;6.13;0.06;0.06;2018-09-01;Pre-covid;Pre-covid
2018;09;Galicia;Patatas procesadas;216.41;1222.62;5.65;36.91;0.08;0.44;2018-09-01;Pre-covid;Pre-covid
2018;09;Galicia;Hortalizas frescas;17649.47;35100.65;1.99;93.18;6.37;12.67;2018-09-01;Pre-covid;Pre-covid
2018;09;Galicia;Omates;5529.3;9549.06;1.73;62.3;2.0;3.45;2018-09-01;Pre-covid;Pre-covid
2018;09;Galicia;Cebollas;1982.73;2318.17;1.17;47.68;0.72;0.84;2018-09-01;Pre-covid;Pre-covid
2018;09;Galicia;Ajos;173.15;677.33;3.91;28.01;0.06;0.24;2018-09-01;Pre-covid;Pre-covid
2018;09;Galicia;Coles;693.87;816.67;1.18;12.94;0.25;0.29;2018-09-01;Pre-covid;Pre-covid
2018;09;Galicia;Pepinos;430.36;515.04;1.2;16.07;0.16;0.19;2018-09-01;Pre-covid;Pre-covid
2018;09;Galicia;Judias verdes;771.9;2458.06;3.18;26.51;0.28;0.89;2018-09-01;Pre-covid;Pre-covid
2018;09;Galicia;Pimientos;2918.37;5318.0;1.82;58.62;1.05;1.92;2018-09-01;Pre-covid;Pre-covid
2018;09;Galicia;Champiñoneso setas;456.26;4408.0;9.66;24.12;0.16;1.59;2018-09-01;Pre-covid;Pre-covid
2018;09;Galicia;Lechuga/esc /endivia;988.38;2330.92;2.36;47.37;0.36;0.84;2018-09-01;Pre-covid;Pre-covid
2018;09;Galicia;Esparragos;19.69;98.34;5.0;3.54;0.01;0.04;2018-09-01;Pre-covid;Pre-covid
2018;09;Galicia;Verduras de hoja;185.34;424.63;2.29;14.84;0.07;0.15;2018-09-01;Pre-covid;Pre-covid
2018;09;Galicia;Berenjenas;472.74;714.9;1.51;14.83;0.17;0.26;2018-09-01;Pre-covid;Pre-covid
2018;09;Galicia;Zanahorias;899.88;914.93;1.02;47.94;0.32;0.33;2018-09-01;Pre-covid;Pre-covid
2018;09;Galicia;Calabacines;717.26;1165.21;1.62;26.11;0.26;0.42;2018-09-01;Pre-covid;Pre-covid
2018;09;Galicia;Otr hortalizas/verd ;1410.26;3391.38;2.4;56.57;0.51;1.22;2018-09-01;Pre-covid;Pre-covid
2018;09;Galicia;Brocoli;226.47;378.43;1.67;15.99;0.08;0.14;2018-09-01;Pre-covid;Pre-covid
2018;09;Galicia;Alcachofas;32.36;82.66;2.55;3.35;0.01;0.03;2018-09-01;Pre-covid;Pre-covid
2018;09;Galicia;Verd /hort  iv gama;2023.23;3528.87;1.74;52.07;0.73;1.27;2018-09-01;Pre-covid;Pre-covid
2018;09;La rioja;Patatas;514.31;468.03;0.91;64.42;1.63;1.48;2018-09-01;Pre-covid;Pre-covid
2018;09;La rioja;Patatas frescas;437.71;377.44;0.86;53.99;1.38;1.19;2018-09-01;Pre-covid;Pre-covid
2018;09;La rioja;Patatas congeladas;13.11;16.82;1.28;5.7;0.04;0.05;2018-09-01;Pre-covid;Pre-covid
2018;09;La rioja;Patatas procesadas;12.7;73.76;5.81;26.47;0.04;0.23;2018-09-01;Pre-covid;Pre-covid
2018;09;La rioja;Hortalizas frescas;1162.95;2257.54;1.94;92.13;3.67;7.13;2018-09-01;Pre-covid;Pre-covid
2018;09;La rioja;Omates;231.02;358.83;1.55;47.38;0.73;1.13;2018-09-01;Pre-covid;Pre-covid
2018;09;La rioja;Cebollas;132.87;210.59;1.58;59.91;0.42;0.67;2018-09-01;Pre-covid;Pre-covid
2018;09;La rioja;Ajos;8.06;36.69;4.55;18.26;0.03;0.12;2018-09-01;Pre-covid;Pre-covid
2018;09;La rioja;Coles;7.46;10.53;1.41;6.75;0.02;0.03;2018-09-01;Pre-covid;Pre-covid
2018;09;La rioja;Pepinos;73.72;97.09;1.32;32.83;0.23;0.31;2018-09-01;Pre-covid;Pre-covid
2018;09;La rioja;Judias verdes;50.01;161.83;3.24;31.98;0.16;0.51;2018-09-01;Pre-covid;Pre-covid
2018;09;La rioja;Pimientos;174.65;291.81;1.67;52.86;0.55;0.92;2018-09-01;Pre-covid;Pre-covid
2018;09;La rioja;Champiñoneso setas;17.65;99.18;5.62;31.33;0.06;0.31;2018-09-01;Pre-covid;Pre-covid
2018;09;La rioja;Lechuga/esc /endivia;101.25;275.13;2.72;57.08;0.32;0.87;2018-09-01;Pre-covid;Pre-covid
2018;09;La rioja;Esparragos;1.3;8.65;6.63;3.74;0.0;0.03;2018-09-01;Pre-covid;Pre-covid
2018;09;La rioja;Verduras de hoja;50.04;95.73;1.91;13.4;0.16;0.3;2018-09-01;Pre-covid;Pre-covid
2018;09;La rioja;Berenjenas;25.99;37.98;1.46;12.79;0.08;0.12;2018-09-01;Pre-covid;Pre-covid
2018;09;La rioja;Zanahorias;49.35;38.25;0.77;47.21;0.16;0.12;2018-09-01;Pre-covid;Pre-covid
2018;09;La rioja;Calabacines;81.74;141.4;1.73;42.83;0.26;0.45;2018-09-01;Pre-covid;Pre-covid
2018;09;La rioja;Otr hortalizas/verd ;157.83;393.85;2.5;61.33;0.5;1.24;2018-09-01;Pre-covid;Pre-covid
2018;09;La rioja;Brocoli;11.74;19.68;1.68;8.32;0.04;0.06;2018-09-01;Pre-covid;Pre-covid
2018;09;La rioja;Alcachofas;0.87;2.02;2.33;2.68;0.0;0.01;2018-09-01;Pre-covid;Pre-covid
2018;09;La rioja;Verd /hort  iv gama;85.74;277.39;3.24;41.71;0.27;0.88;2018-09-01;Pre-covid;Pre-covid
2018;09;Madrid;Patatas;13307.02;11253.36;0.85;77.28;2.14;1.81;2018-09-01;Pre-covid;Pre-covid
2018;09;Madrid;Patatas frescas;10063.98;7644.37;0.76;65.74;1.62;1.23;2018-09-01;Pre-covid;Pre-covid
2018;09;Madrid;Patatas congeladas;419.92;530.33;1.26;9.81;0.07;0.09;2018-09-01;Pre-covid;Pre-covid
2018;09;Madrid;Patatas procesadas;564.62;3078.66;5.45;43.21;0.09;0.49;2018-09-01;Pre-covid;Pre-covid
2018;09;Madrid;Hortalizas frescas;27674.86;50661.96;1.83;94.93;4.45;8.14;2018-09-01;Pre-covid;Pre-covid
2018;09;Madrid;Omates;7843.77;12769.78;1.63;80.69;1.26;2.05;2018-09-01;Pre-covid;Pre-covid
2018;09;Madrid;Cebollas;3131.16;3247.66;1.04;68.89;0.5;0.52;2018-09-01;Pre-covid;Pre-covid
2018;09;Madrid;Ajos;257.89;1113.71;4.32;32.91;0.04;0.18;2018-09-01;Pre-covid;Pre-covid
2018;09;Madrid;Coles;490.58;599.89;1.22;16.32;0.08;0.1;2018-09-01;Pre-covid;Pre-covid
2018;09;Madrid;Pepinos;1398.48;1658.34;1.19;43.4;0.22;0.27;2018-09-01;Pre-covid;Pre-covid
2018;09;Madrid;Judias verdes;934.95;2774.82;2.97;29.28;0.15;0.45;2018-09-01;Pre-covid;Pre-covid
2018;09;Madrid;Pimientos;2463.45;4671.19;1.9;65.82;0.4;0.75;2018-09-01;Pre-covid;Pre-covid
2018;09;Madrid;Champiñoneso setas;516.73;2190.94;4.24;36.02;0.08;0.35;2018-09-01;Pre-covid;Pre-covid
2018;09;Madrid;Lechuga/esc /endivia;1423.71;4647.24;3.26;60.06;0.23;0.75;2018-09-01;Pre-covid;Pre-covid
2018;09;Madrid;Esparragos;242.64;739.13;3.05;9.56;0.04;0.12;2018-09-01;Pre-covid;Pre-covid
2018;09;Madrid;Verduras de hoja;554.68;1643.63;2.96;29.4;0.09;0.26;2018-09-01;Pre-covid;Pre-covid
2018;09;Madrid;Berenjenas;679.12;1121.67;1.65;30.17;0.11;0.18;2018-09-01;Pre-covid;Pre-covid
2018;09;Madrid;Zanahorias;1683.93;1570.78;0.93;58.19;0.27;0.25;2018-09-01;Pre-covid;Pre-covid
2018;09;Madrid;Calabacines;2574.65;3086.81;1.2;57.86;0.41;0.5;2018-09-01;Pre-covid;Pre-covid
2018;09;Madrid;Otr hortalizas/verd ;3479.11;8826.36;2.54;75.16;0.56;1.42;2018-09-01;Pre-covid;Pre-covid
2018;09;Madrid;Brocoli;476.79;956.77;2.01;21.0;0.08;0.15;2018-09-01;Pre-covid;Pre-covid
2018;09;Madrid;Alcachofas;33.61;85.65;2.55;1.98;0.01;0.01;2018-09-01;Pre-covid;Pre-covid
2018;09;Madrid;Verd /hort  iv gama;3911.17;10850.66;2.77;71.01;0.63;1.74;2018-09-01;Pre-covid;Pre-covid
2018;09;Murcia;Patatas;2802.27;2352.15;0.84;82.52;1.97;1.65;2018-09-01;Pre-covid;Pre-covid
2018;09;Murcia;Patatas frescas;2010.44;1462.89;0.73;69.58;1.41;1.03;2018-09-01;Pre-covid;Pre-covid
2018;09;Murcia;Patatas congeladas;95.09;120.12;1.26;10.37;0.07;0.08;2018-09-01;Pre-covid;Pre-covid
2018;09;Murcia;Patatas procesadas;139.35;769.13;5.52;42.82;0.1;0.54;2018-09-01;Pre-covid;Pre-covid
2018;09;Murcia;Hortalizas frescas;6434.48;11125.51;1.73;95.2;4.52;7.81;2018-09-01;Pre-covid;Pre-covid
2018;09;Murcia;Omates;1606.05;2420.1;1.51;89.6;1.13;1.7;2018-09-01;Pre-covid;Pre-covid
2018;09;Murcia;Cebollas;690.42;724.42;1.05;65.95;0.48;0.51;2018-09-01;Pre-covid;Pre-covid
2018;09;Murcia;Ajos;72.47;233.19;3.22;23.37;0.05;0.16;2018-09-01;Pre-covid;Pre-covid
2018;09;Murcia;Coles;58.77;69.16;1.18;6.69;0.04;0.05;2018-09-01;Pre-covid;Pre-covid
2018;09;Murcia;Pepinos;559.75;731.62;1.31;49.86;0.39;0.51;2018-09-01;Pre-covid;Pre-covid
2018;09;Murcia;Judias verdes;143.96;524.75;3.65;32.58;0.1;0.37;2018-09-01;Pre-covid;Pre-covid
2018;09;Murcia;Pimientos;550.54;957.08;1.74;67.78;0.39;0.67;2018-09-01;Pre-covid;Pre-covid
2018;09;Murcia;Champiñoneso setas;130.55;494.97;3.79;33.87;0.09;0.35;2018-09-01;Pre-covid;Pre-covid
2018;09;Murcia;Lechuga/esc /endivia;412.53;1261.54;3.06;70.68;0.29;0.89;2018-09-01;Pre-covid;Pre-covid
2018;09;Murcia;Esparragos;69.02;147.07;2.13;12.86;0.05;0.1;2018-09-01;Pre-covid;Pre-covid
2018;09;Murcia;Verduras de hoja;61.74;136.78;2.22;19.7;0.04;0.1;2018-09-01;Pre-covid;Pre-covid
2018;09;Murcia;Berenjenas;439.59;567.01;1.29;32.62;0.31;0.4;2018-09-01;Pre-covid;Pre-covid
2018;09;Murcia;Zanahorias;357.48;305.09;0.85;55.06;0.25;0.21;2018-09-01;Pre-covid;Pre-covid
2018;09;Murcia;Calabacines;369.67;456.88;1.24;61.77;0.26;0.32;2018-09-01;Pre-covid;Pre-covid
2018;09;Murcia;Otr hortalizas/verd ;911.94;2095.86;2.3;75.32;0.64;1.47;2018-09-01;Pre-covid;Pre-covid
2018;09;Murcia;Brocoli;52.92;119.49;2.26;10.55;0.04;0.08;2018-09-01;Pre-covid;Pre-covid
2018;09;Murcia;Alcachofas;14.02;37.37;2.67;6.77;0.01;0.03;2018-09-01;Pre-covid;Pre-covid
2018;09;Murcia;Verd /hort  iv gama;669.01;1746.55;2.61;65.04;0.47;1.23;2018-09-01;Pre-covid;Pre-covid
2018;09;Navarra;Patatas;2250.46;2266.69;1.01;73.07;3.8;3.83;2018-09-01;Pre-covid;Pre-covid
2018;09;Navarra;Patatas frescas;2036.37;1948.8;0.96;66.47;3.44;3.29;2018-09-01;Pre-covid;Pre-covid
2018;09;Navarra;Patatas congeladas;40.28;73.03;1.81;11.59;0.07;0.12;2018-09-01;Pre-covid;Pre-covid
2018;09;Navarra;Patatas procesadas;34.76;244.85;7.04;30.22;0.06;0.41;2018-09-01;Pre-covid;Pre-covid
2018;09;Navarra;Hortalizas frescas;3414.39;5364.55;1.57;96.03;5.76;9.06;2018-09-01;Pre-covid;Pre-covid
2018;09;Navarra;Omates;1371.28;1238.88;0.9;50.17;2.32;2.09;2018-09-01;Pre-covid;Pre-covid
2018;09;Navarra;Cebollas;358.91;554.44;1.54;56.84;0.61;0.94;2018-09-01;Pre-covid;Pre-covid
2018;09;Navarra;Ajos;40.8;143.08;3.51;24.11;0.07;0.24;2018-09-01;Pre-covid;Pre-covid
2018;09;Navarra;Coles;14.03;23.39;1.67;5.18;0.02;0.04;2018-09-01;Pre-covid;Pre-covid
2018;09;Navarra;Pepinos;90.12;101.22;1.12;26.07;0.15;0.17;2018-09-01;Pre-covid;Pre-covid
2018;09;Navarra;Judias verdes;198.86;628.19;3.16;36.36;0.34;1.06;2018-09-01;Pre-covid;Pre-covid
2018;09;Navarra;Pimientos;388.75;670.33;1.72;43.34;0.66;1.13;2018-09-01;Pre-covid;Pre-covid
2018;09;Navarra;Champiñoneso setas;57.2;262.63;4.59;37.05;0.1;0.44;2018-09-01;Pre-covid;Pre-covid
2018;09;Navarra;Lechuga/esc /endivia;165.09;400.13;2.42;48.92;0.28;0.68;2018-09-01;Pre-covid;Pre-covid
2018;09;Navarra;Esparragos;3.09;8.46;2.74;3.07;0.01;0.01;2018-09-01;Pre-covid;Pre-covid
2018;09;Navarra;Verduras de hoja;62.81;137.24;2.18;28.41;0.11;0.23;2018-09-01;Pre-covid;Pre-covid
2018;09;Navarra;Berenjenas;61.06;98.24;1.61;21.92;0.1;0.17;2018-09-01;Pre-covid;Pre-covid
2018;09;Navarra;Zanahorias;95.34;71.18;0.75;38.81;0.16;0.12;2018-09-01;Pre-covid;Pre-covid
2018;09;Navarra;Calabacines;239.85;305.44;1.27;44.21;0.4;0.52;2018-09-01;Pre-covid;Pre-covid
2018;09;Navarra;Otr hortalizas/verd ;267.2;721.71;2.7;64.51;0.45;1.22;2018-09-01;Pre-covid;Pre-covid
2018;09;Navarra;Brocoli;49.78;72.86;1.46;15.45;0.08;0.12;2018-09-01;Pre-covid;Pre-covid
2018;09;Navarra;Alcachofas;5.9;13.76;2.33;8.55;0.01;0.02;2018-09-01;Pre-covid;Pre-covid
2018;09;Navarra;Verd /hort  iv gama;801.25;856.83;1.07;78.76;1.35;1.45;2018-09-01;Pre-covid;Pre-covid
2018;09;Pais vasco;Patatas;5072.74;4348.84;0.86;79.92;2.45;2.1;2018-09-01;Pre-covid;Pre-covid
2018;09;Pais vasco;Patatas frescas;4139.65;3193.49;0.77;69.09;2.0;1.54;2018-09-01;Pre-covid;Pre-covid
2018;09;Pais vasco;Patatas congeladas;116.5;134.7;1.16;8.91;0.06;0.07;2018-09-01;Pre-covid;Pre-covid
2018;09;Pais vasco;Patatas procesadas;163.32;1020.65;6.25;35.22;0.08;0.49;2018-09-01;Pre-covid;Pre-covid
2018;09;Pais vasco;Hortalizas frescas;11366.76;21934.14;1.93;94.8;5.49;10.6;2018-09-01;Pre-covid;Pre-covid
2018;09;Pais vasco;Omates;2897.33;5532.24;1.91;72.43;1.4;2.67;2018-09-01;Pre-covid;Pre-covid
2018;09;Pais vasco;Cebollas;1476.08;1906.42;1.29;69.53;0.71;0.92;2018-09-01;Pre-covid;Pre-covid
2018;09;Pais vasco;Ajos;131.06;548.48;4.18;36.43;0.06;0.26;2018-09-01;Pre-covid;Pre-covid
2018;09;Pais vasco;Coles;147.73;174.6;1.18;10.26;0.07;0.08;2018-09-01;Pre-covid;Pre-covid
2018;09;Pais vasco;Pepinos;367.53;473.04;1.29;33.18;0.18;0.23;2018-09-01;Pre-covid;Pre-covid
2018;09;Pais vasco;Judias verdes;468.12;1448.33;3.09;39.67;0.23;0.7;2018-09-01;Pre-covid;Pre-covid
2018;09;Pais vasco;Pimientos;1404.06;2614.81;1.86;62.78;0.68;1.26;2018-09-01;Pre-covid;Pre-covid
2018;09;Pais vasco;Champiñoneso setas;277.95;1050.15;3.78;39.3;0.13;0.51;2018-09-01;Pre-covid;Pre-covid
2018;09;Pais vasco;Lechuga/esc /endivia;897.66;2139.83;2.38;65.68;0.43;1.03;2018-09-01;Pre-covid;Pre-covid
2018;09;Pais vasco;Esparragos;66.0;127.89;1.94;6.84;0.03;0.06;2018-09-01;Pre-covid;Pre-covid
2018;09;Pais vasco;Verduras de hoja;262.6;636.01;2.42;28.78;0.13;0.31;2018-09-01;Pre-covid;Pre-covid
2018;09;Pais vasco;Berenjenas;144.19;234.61;1.63;21.33;0.07;0.11;2018-09-01;Pre-covid;Pre-covid
2018;09;Pais vasco;Zanahorias;638.45;552.59;0.87;58.89;0.31;0.27;2018-09-01;Pre-covid;Pre-covid
2018;09;Pais vasco;Calabacines;815.89;1116.28;1.37;42.59;0.39;0.54;2018-09-01;Pre-covid;Pre-covid
2018;09;Pais vasco;Otr hortalizas/verd ;1372.1;3378.86;2.46;69.0;0.66;1.63;2018-09-01;Pre-covid;Pre-covid
2018;09;Pais vasco;Brocoli;170.59;286.54;1.68;20.12;0.08;0.14;2018-09-01;Pre-covid;Pre-covid
2018;09;Pais vasco;Alcachofas;5.54;13.69;2.47;0.92;0.0;0.01;2018-09-01;Pre-covid;Pre-covid
2018;09;Pais vasco;Verd /hort  iv gama;1089.73;2808.27;2.58;67.35;0.53;1.36;2018-09-01;Pre-covid;Pre-covid
2018;09;Valencia;Patatas;11404.09;10073.95;0.88;84.13;2.41;2.13;2018-09-01;Pre-covid;Pre-covid
2018;09;Valencia;Patatas frescas;8114.38;6504.67;0.8;75.09;1.71;1.37;2018-09-01;Pre-covid;Pre-covid
2018;09;Valencia;Patatas congeladas;292.81;419.2;1.43;9.89;0.06;0.09;2018-09-01;Pre-covid;Pre-covid
2018;09;Valencia;Patatas procesadas;599.38;3150.09;5.26;53.02;0.13;0.67;2018-09-01;Pre-covid;Pre-covid
2018;09;Valencia;Hortalizas frescas;24264.28;43073.75;1.78;95.48;5.13;9.1;2018-09-01;Pre-covid;Pre-covid
2018;09;Valencia;Omates;6593.21;10490.95;1.59;77.3;1.39;2.22;2018-09-01;Pre-covid;Pre-covid
2018;09;Valencia;Cebollas;2964.64;2896.72;0.98;65.27;0.63;0.61;2018-09-01;Pre-covid;Pre-covid
2018;09;Valencia;Ajos;183.16;769.13;4.2;25.31;0.04;0.16;2018-09-01;Pre-covid;Pre-covid
2018;09;Valencia;Coles;225.27;272.07;1.21;10.64;0.05;0.06;2018-09-01;Pre-covid;Pre-covid
2018;09;Valencia;Pepinos;1465.94;1861.19;1.27;45.0;0.31;0.39;2018-09-01;Pre-covid;Pre-covid
2018;09;Valencia;Judias verdes;882.6;2867.42;3.25;31.0;0.19;0.61;2018-09-01;Pre-covid;Pre-covid
2018;09;Valencia;Pimientos;2077.87;3488.95;1.68;59.49;0.44;0.74;2018-09-01;Pre-covid;Pre-covid
2018;09;Valencia;Champiñoneso setas;647.31;2286.78;3.53;42.76;0.14;0.48;2018-09-01;Pre-covid;Pre-covid
2018;09;Valencia;Lechuga/esc /endivia;1398.05;4191.65;3.0;62.48;0.3;0.89;2018-09-01;Pre-covid;Pre-covid
2018;09;Valencia;Esparragos;295.1;721.37;2.44;15.03;0.06;0.15;2018-09-01;Pre-covid;Pre-covid
2018;09;Valencia;Verduras de hoja;503.2;1246.95;2.48;27.22;0.11;0.26;2018-09-01;Pre-covid;Pre-covid
2018;09;Valencia;Berenjenas;912.74;1335.35;1.46;37.27;0.19;0.28;2018-09-01;Pre-covid;Pre-covid
2018;09;Valencia;Zanahorias;1308.58;1142.05;0.87;50.57;0.28;0.24;2018-09-01;Pre-covid;Pre-covid
2018;09;Valencia;Calabacines;1729.02;2270.59;1.31;52.64;0.37;0.48;2018-09-01;Pre-covid;Pre-covid
2018;09;Valencia;Otr hortalizas/verd ;3077.57;7232.56;2.35;75.2;0.65;1.53;2018-09-01;Pre-covid;Pre-covid
2018;09;Valencia;Brocoli;403.48;694.34;1.72;20.29;0.09;0.15;2018-09-01;Pre-covid;Pre-covid
2018;09;Valencia;Alcachofas;159.36;366.54;2.3;8.2;0.03;0.08;2018-09-01;Pre-covid;Pre-covid
2018;09;Valencia;Verd /hort  iv gama;2892.76;7517.75;2.6;71.33;0.61;1.59;2018-09-01;Pre-covid;Pre-covid
2018;09;Nacional;Frutas frescas;382391.45;551663.52;1.44;93.98;8.38;12.09;2018-09-01;Pre-covid;Pre-covid
2018;09;Nacional;Naranjas;28861.28;40287.32;1.4;29.89;0.63;0.88;2018-09-01;Pre-covid;Pre-covid
2018;09;Nacional;Mandarinas;3738.57;7080.61;1.89;15.86;0.08;0.16;2018-09-01;Pre-covid;Pre-covid
2018;09;Nacional;Limones;8956.7;19498.07;2.18;38.7;0.2;0.43;2018-09-01;Pre-covid;Pre-covid
2018;09;Nacional;Platanos;38153.29;63572.1;1.67;71.72;0.84;1.39;2018-09-01;Pre-covid;Pre-covid
2018;09;Nacional;Manzanas;32713.98;54384.53;1.66;56.71;0.72;1.19;2018-09-01;Pre-covid;Pre-covid
2018;09;Nacional;Peras;21445.93;32432.12;1.51;45.94;0.47;0.71;2018-09-01;Pre-covid;Pre-covid
2018;09;Nacional;Melocotones;30561.74;49033.85;1.6;51.78;0.67;1.07;2018-09-01;Pre-covid;Pre-covid
2018;09;Nacional;Nectarinas;15797.58;23971.75;1.52;35.49;0.35;0.53;2018-09-01;Pre-covid;Pre-covid
2018;09;Nacional;Albaricoques;728.89;1654.27;2.27;3.49;0.02;0.04;2018-09-01;Pre-covid;Pre-covid
2018;09;Nacional;Fresas/freson;786.66;3120.87;3.97;5.0;0.02;0.07;2018-09-01;Pre-covid;Pre-covid
2018;09;Nacional;Melon;72052.01;55848.01;0.78;56.87;1.58;1.22;2018-09-01;Pre-covid;Pre-covid
2018;09;Nacional;Sandia;58114.64;36383.18;0.63;42.81;1.27;0.8;2018-09-01;Pre-covid;Pre-covid
2018;09;Nacional;Ciruelas;13318.25;24433.55;1.83;35.82;0.29;0.54;2018-09-01;Pre-covid;Pre-covid
2018;09;Nacional;Cerezas;852.11;2329.98;2.73;3.1;0.02;0.05;2018-09-01;Pre-covid;Pre-covid
2018;09;Nacional;Uvas;19200.42;38824.39;2.02;41.99;0.42;0.85;2018-09-01;Pre-covid;Pre-covid
2018;09;Nacional;Kiwi;8710.31;28964.36;3.33;30.31;0.19;0.63;2018-09-01;Pre-covid;Pre-covid
2018;09;Nacional;Aguacate;3844.01;14597.92;3.8;22.98;0.08;0.32;2018-09-01;Pre-covid;Pre-covid
2018;09;Nacional;Piña;3998.31;7042.92;1.76;12.6;0.09;0.15;2018-09-01;Pre-covid;Pre-covid
2018;09;Nacional;Otras frutas frescas;20556.77;48203.72;2.34;47.08;0.45;1.06;2018-09-01;Pre-covid;Pre-covid
2018;09;Nacional;Pomelo;1031.22;1936.46;1.88;3.06;0.02;0.04;2018-09-01;Pre-covid;Pre-covid
2018;09;Nacional;Chirimoya;0.0;0.0;0.0;0.0;0.0;0.0;2018-09-01;Pre-covid;Pre-covid
2018;09;Nacional;Frutas iv gama;16362.12;22518.6;1.38;26.72;0.36;0.49;2018-09-01;Pre-covid;Pre-covid
2018;09;Andalucia;Frutas frescas;63020.2;84293.51;1.34;94.66;7.25;9.7;2018-09-01;Pre-covid;Pre-covid
2018;09;Andalucia;Naranjas;3390.35;4777.12;1.41;27.02;0.39;0.55;2018-09-01;Pre-covid;Pre-covid
2018;09;Andalucia;Mandarinas;498.18;1033.08;2.07;13.81;0.06;0.12;2018-09-01;Pre-covid;Pre-covid
2018;09;Andalucia;Limones;1413.79;3000.28;2.12;33.35;0.16;0.35;2018-09-01;Pre-covid;Pre-covid
2018;09;Andalucia;Platanos;6826.49;10113.86;1.48;71.12;0.79;1.16;2018-09-01;Pre-covid;Pre-covid
2018;09;Andalucia;Manzanas;5335.27;8423.32;1.58;60.34;0.61;0.97;2018-09-01;Pre-covid;Pre-covid
2018;09;Andalucia;Peras;2996.25;4358.21;1.45;44.45;0.34;0.5;2018-09-01;Pre-covid;Pre-covid
2018;09;Andalucia;Melocotones;4048.98;6373.89;1.57;49.61;0.47;0.73;2018-09-01;Pre-covid;Pre-covid
2018;09;Andalucia;Nectarinas;1804.35;2639.2;1.46;30.43;0.21;0.3;2018-09-01;Pre-covid;Pre-covid
2018;09;Andalucia;Albaricoques;82.99;153.14;1.85;2.4;0.01;0.02;2018-09-01;Pre-covid;Pre-covid
2018;09;Andalucia;Fresas/freson;81.3;307.38;3.78;3.91;0.01;0.04;2018-09-01;Pre-covid;Pre-covid
2018;09;Andalucia;Melon;13440.92;10019.16;0.75;56.63;1.55;1.15;2018-09-01;Pre-covid;Pre-covid
2018;09;Andalucia;Sandia;11348.29;6859.18;0.6;46.03;1.31;0.79;2018-09-01;Pre-covid;Pre-covid
2018;09;Andalucia;Ciruelas;1785.14;3085.36;1.73;35.72;0.21;0.36;2018-09-01;Pre-covid;Pre-covid
2018;09;Andalucia;Cerezas;223.19;657.42;2.95;3.1;0.03;0.08;2018-09-01;Pre-covid;Pre-covid
2018;09;Andalucia;Uvas;3868.87;7888.73;2.04;45.39;0.45;0.91;2018-09-01;Pre-covid;Pre-covid
2018;09;Andalucia;Kiwi;1270.71;4135.48;3.25;29.16;0.15;0.48;2018-09-01;Pre-covid;Pre-covid
2018;09;Andalucia;Aguacate;629.93;2358.91;3.74;25.37;0.07;0.27;2018-09-01;Pre-covid;Pre-covid
2018;09;Andalucia;Piña;697.24;1077.76;1.55;12.39;0.08;0.12;2018-09-01;Pre-covid;Pre-covid
2018;09;Andalucia;Otras frutas frescas;3277.97;7032.03;2.15;51.72;0.38;0.81;2018-09-01;Pre-covid;Pre-covid
2018;09;Andalucia;Pomelo;186.24;269.2;1.45;4.69;0.02;0.03;2018-09-01;Pre-covid;Pre-covid
2018;09;Andalucia;Chirimoya;0.0;0.0;0.0;0.0;0.0;0.0;2018-09-01;Pre-covid;Pre-covid
2018;09;Andalucia;Frutas iv gama;3076.11;4268.73;1.39;31.29;0.35;0.49;2018-09-01;Pre-covid;Pre-covid
2018;09;Aragon;Frutas frescas;13665.63;20056.32;1.47;92.98;10.41;15.28;2018-09-01;Pre-covid;Pre-covid
2018;09;Aragon;Naranjas;591.93;811.83;1.37;32.39;0.45;0.62;2018-09-01;Pre-covid;Pre-covid
2018;09;Aragon;Mandarinas;100.63;245.7;2.44;21.29;0.08;0.19;2018-09-01;Pre-covid;Pre-covid
2018;09;Aragon;Limones;313.36;644.25;2.06;45.6;0.24;0.49;2018-09-01;Pre-covid;Pre-covid
2018;09;Aragon;Platanos;845.05;1439.02;1.7;58.49;0.64;1.1;2018-09-01;Pre-covid;Pre-covid
2018;09;Aragon;Manzanas;1566.41;2808.97;1.79;50.65;1.19;2.14;2018-09-01;Pre-covid;Pre-covid
2018;09;Aragon;Peras;1077.18;1651.92;1.53;38.22;0.82;1.26;2018-09-01;Pre-covid;Pre-covid
2018;09;Aragon;Melocotones;1145.29;1728.38;1.51;48.94;0.87;1.32;2018-09-01;Pre-covid;Pre-covid
2018;09;Aragon;Nectarinas;535.51;896.69;1.67;42.72;0.41;0.68;2018-09-01;Pre-covid;Pre-covid
2018;09;Aragon;Albaricoques;6.15;13.33;2.17;2.52;0.0;0.01;2018-09-01;Pre-covid;Pre-covid
2018;09;Aragon;Fresas/freson;47.22;174.76;3.7;8.45;0.04;0.13;2018-09-01;Pre-covid;Pre-covid
2018;09;Aragon;Melon;2280.99;1849.21;0.81;66.43;1.74;1.41;2018-09-01;Pre-covid;Pre-covid
2018;09;Aragon;Sandia;1838.5;1174.92;0.64;42.46;1.4;0.89;2018-09-01;Pre-covid;Pre-covid
2018;09;Aragon;Ciruelas;728.25;1323.91;1.82;33.93;0.55;1.01;2018-09-01;Pre-covid;Pre-covid
2018;09;Aragon;Cerezas;10.93;26.58;2.43;3.65;0.01;0.02;2018-09-01;Pre-covid;Pre-covid
2018;09;Aragon;Uvas;1732.67;2936.95;1.7;42.79;1.32;2.24;2018-09-01;Pre-covid;Pre-covid
2018;09;Aragon;Kiwi;203.41;741.92;3.65;28.2;0.15;0.57;2018-09-01;Pre-covid;Pre-covid
2018;09;Aragon;Aguacate;125.79;523.18;4.16;27.07;0.1;0.4;2018-09-01;Pre-covid;Pre-covid
2018;09;Aragon;Piña;95.77;161.88;1.69;15.19;0.07;0.12;2018-09-01;Pre-covid;Pre-covid
2018;09;Aragon;Otras frutas frescas;420.58;902.93;2.15;44.27;0.32;0.69;2018-09-01;Pre-covid;Pre-covid
2018;09;Aragon;Pomelo;13.46;26.14;1.94;3.04;0.01;0.02;2018-09-01;Pre-covid;Pre-covid
2018;09;Aragon;Chirimoya;0.0;0.0;0.0;0.0;0.0;0.0;2018-09-01;Pre-covid;Pre-covid
2018;09;Aragon;Frutas iv gama;259.42;368.39;1.42;20.6;0.2;0.28;2018-09-01;Pre-covid;Pre-covid
2018;09;Asturias;Frutas frescas;9214.62;14043.84;1.52;90.33;8.5;12.95;2018-09-01;Pre-covid;Pre-covid
2018;09;Asturias;Naranjas;743.44;1050.59;1.41;33.04;0.69;0.97;2018-09-01;Pre-covid;Pre-covid
2018;09;Asturias;Mandarinas;104.11;163.49;1.57;13.4;0.1;0.15;2018-09-01;Pre-covid;Pre-covid
2018;09;Asturias;Limones;153.33;346.07;2.26;30.25;0.14;0.32;2018-09-01;Pre-covid;Pre-covid
2018;09;Asturias;Platanos;1151.45;2031.15;1.76;74.08;1.06;1.87;2018-09-01;Pre-covid;Pre-covid
2018;09;Asturias;Manzanas;992.11;1748.8;1.76;50.06;0.92;1.61;2018-09-01;Pre-covid;Pre-covid
2018;09;Asturias;Peras;423.2;613.34;1.45;37.07;0.39;0.57;2018-09-01;Pre-covid;Pre-covid
2018;09;Asturias;Melocotones;723.93;1093.13;1.51;52.17;0.67;1.01;2018-09-01;Pre-covid;Pre-covid
2018;09;Asturias;Nectarinas;737.43;1189.65;1.61;50.93;0.68;1.1;2018-09-01;Pre-covid;Pre-covid
2018;09;Asturias;Albaricoques;8.9;12.72;1.43;1.11;0.01;0.01;2018-09-01;Pre-covid;Pre-covid
2018;09;Asturias;Fresas/freson;14.92;74.6;5.0;4.21;0.01;0.07;2018-09-01;Pre-covid;Pre-covid
2018;09;Asturias;Melon;1449.43;1192.86;0.82;48.38;1.34;1.1;2018-09-01;Pre-covid;Pre-covid
2018;09;Asturias;Sandia;1022.83;698.95;0.68;38.63;0.94;0.64;2018-09-01;Pre-covid;Pre-covid
2018;09;Asturias;Ciruelas;347.87;768.39;2.21;35.68;0.32;0.71;2018-09-01;Pre-covid;Pre-covid
2018;09;Asturias;Cerezas;16.4;37.84;2.31;6.98;0.02;0.03;2018-09-01;Pre-covid;Pre-covid
2018;09;Asturias;Uvas;459.53;788.92;1.72;36.44;0.42;0.73;2018-09-01;Pre-covid;Pre-covid
2018;09;Asturias;Kiwi;234.11;760.73;3.25;27.46;0.22;0.7;2018-09-01;Pre-covid;Pre-covid
2018;09;Asturias;Aguacate;86.3;355.19;4.12;22.96;0.08;0.33;2018-09-01;Pre-covid;Pre-covid
2018;09;Asturias;Piña;66.81;84.84;1.27;11.02;0.06;0.08;2018-09-01;Pre-covid;Pre-covid
2018;09;Asturias;Otras frutas frescas;478.52;1032.58;2.16;49.3;0.44;0.95;2018-09-01;Pre-covid;Pre-covid
2018;09;Asturias;Pomelo;85.14;127.26;1.49;6.79;0.08;0.12;2018-09-01;Pre-covid;Pre-covid
2018;09;Asturias;Chirimoya;0.0;0.0;0.0;0.0;0.0;0.0;2018-09-01;Pre-covid;Pre-covid
2018;09;Asturias;Frutas iv gama;226.04;370.06;1.64;23.85;0.21;0.34;2018-09-01;Pre-covid;Pre-covid
2018;09;Baleares;Frutas frescas;8361.47;12398.12;1.48;94.97;8.12;12.04;2018-09-01;Pre-covid;Pre-covid
2018;09;Baleares;Naranjas;732.37;990.23;1.35;21.92;0.71;0.96;2018-09-01;Pre-covid;Pre-covid
2018;09;Baleares;Mandarinas;29.97;68.96;2.3;9.39;0.03;0.07;2018-09-01;Pre-covid;Pre-covid
2018;09;Baleares;Limones;134.5;328.09;2.44;29.61;0.13;0.32;2018-09-01;Pre-covid;Pre-covid
2018;09;Baleares;Platanos;943.01;1645.05;1.74;74.71;0.92;1.6;2018-09-01;Pre-covid;Pre-covid
2018;09;Baleares;Manzanas;646.91;1065.24;1.65;64.97;0.63;1.03;2018-09-01;Pre-covid;Pre-covid
2018;09;Baleares;Peras;290.82;474.08;1.63;38.02;0.28;0.46;2018-09-01;Pre-covid;Pre-covid
2018;09;Baleares;Melocotones;399.7;678.83;1.7;36.69;0.39;0.66;2018-09-01;Pre-covid;Pre-covid
2018;09;Baleares;Nectarinas;288.1;440.98;1.53;29.97;0.28;0.43;2018-09-01;Pre-covid;Pre-covid
2018;09;Baleares;Albaricoques;11.84;26.54;2.24;7.28;0.01;0.03;2018-09-01;Pre-covid;Pre-covid
2018;09;Baleares;Fresas/freson;23.69;120.85;5.1;5.27;0.02;0.12;2018-09-01;Pre-covid;Pre-covid
2018;09;Baleares;Melon;1898.95;1507.77;0.79;47.46;1.84;1.46;2018-09-01;Pre-covid;Pre-covid
2018;09;Baleares;Sandia;1250.16;734.46;0.59;38.57;1.21;0.71;2018-09-01;Pre-covid;Pre-covid
2018;09;Baleares;Ciruelas;418.64;832.77;1.99;33.65;0.41;0.81;2018-09-01;Pre-covid;Pre-covid
2018;09;Baleares;Cerezas;6.39;28.96;4.53;2.77;0.01;0.03;2018-09-01;Pre-covid;Pre-covid
2018;09;Baleares;Uvas;447.35;1106.86;2.47;47.23;0.43;1.07;2018-09-01;Pre-covid;Pre-covid
2018;09;Baleares;Kiwi;194.12;635.98;3.28;27.33;0.19;0.62;2018-09-01;Pre-covid;Pre-covid
2018;09;Baleares;Aguacate;178.85;747.39;4.18;38.16;0.17;0.73;2018-09-01;Pre-covid;Pre-covid
2018;09;Baleares;Piña;112.1;135.73;1.21;13.43;0.11;0.13;2018-09-01;Pre-covid;Pre-covid
2018;09;Baleares;Otras frutas frescas;354.01;829.34;2.34;49.3;0.34;0.81;2018-09-01;Pre-covid;Pre-covid
2018;09;Baleares;Pomelo;22.95;52.65;2.29;4.24;0.02;0.05;2018-09-01;Pre-covid;Pre-covid
2018;09;Baleares;Chirimoya;0.0;0.0;0.0;0.0;0.0;0.0;2018-09-01;Pre-covid;Pre-covid
2018;09;Baleares;Frutas iv gama;297.54;543.12;1.83;21.57;0.29;0.53;2018-09-01;Pre-covid;Pre-covid
2018;09;Canarias;Frutas frescas;15760.66;24988.08;1.59;93.92;7.21;11.43;2018-09-01;Pre-covid;Pre-covid
2018;09;Canarias;Naranjas;1442.13;2298.62;1.59;27.81;0.66;1.05;2018-09-01;Pre-covid;Pre-covid
2018;09;Canarias;Mandarinas;59.86;126.06;2.11;7.56;0.03;0.06;2018-09-01;Pre-covid;Pre-covid
2018;09;Canarias;Limones;582.43;1128.82;1.94;42.99;0.27;0.52;2018-09-01;Pre-covid;Pre-covid
2018;09;Canarias;Platanos;2200.17;3234.33;1.47;67.73;1.01;1.48;2018-09-01;Pre-covid;Pre-covid
2018;09;Canarias;Manzanas;1720.23;3002.43;1.75;58.7;0.79;1.37;2018-09-01;Pre-covid;Pre-covid
2018;09;Canarias;Peras;861.38;1499.5;1.74;51.8;0.39;0.69;2018-09-01;Pre-covid;Pre-covid
2018;09;Canarias;Melocotones;593.28;863.65;1.46;28.73;0.27;0.39;2018-09-01;Pre-covid;Pre-covid
2018;09;Canarias;Nectarinas;690.1;1141.7;1.65;35.17;0.32;0.52;2018-09-01;Pre-covid;Pre-covid
2018;09;Canarias;Albaricoques;1.45;1.63;1.12;0.16;0.0;0.0;2018-09-01;Pre-covid;Pre-covid
2018;09;Canarias;Fresas/freson;15.93;80.04;5.02;4.56;0.01;0.04;2018-09-01;Pre-covid;Pre-covid
2018;09;Canarias;Melon;2692.11;2464.07;0.92;55.64;1.23;1.13;2018-09-01;Pre-covid;Pre-covid
2018;09;Canarias;Sandia;2231.76;1813.54;0.81;49.26;1.02;0.83;2018-09-01;Pre-covid;Pre-covid
2018;09;Canarias;Ciruelas;454.01;792.87;1.75;43.22;0.21;0.36;2018-09-01;Pre-covid;Pre-covid
2018;09;Canarias;Cerezas;22.44;61.18;2.73;3.23;0.01;0.03;2018-09-01;Pre-covid;Pre-covid
2018;09;Canarias;Uvas;458.29;937.41;2.05;34.35;0.21;0.43;2018-09-01;Pre-covid;Pre-covid
2018;09;Canarias;Kiwi;409.94;1378.25;3.36;29.19;0.19;0.63;2018-09-01;Pre-covid;Pre-covid
2018;09;Canarias;Aguacate;235.25;1116.88;4.75;19.96;0.11;0.51;2018-09-01;Pre-covid;Pre-covid
2018;09;Canarias;Piña;76.88;176.55;2.3;6.83;0.04;0.08;2018-09-01;Pre-covid;Pre-covid
2018;09;Canarias;Otras frutas frescas;1013.02;2870.54;2.83;41.4;0.46;1.31;2018-09-01;Pre-covid;Pre-covid
2018;09;Canarias;Pomelo;25.6;59.96;2.34;0.34;0.01;0.03;2018-09-01;Pre-covid;Pre-covid
2018;09;Canarias;Chirimoya;0.0;0.0;0.0;0.0;0.0;0.0;2018-09-01;Pre-covid;Pre-covid
2018;09;Canarias;Frutas iv gama;1156.22;1501.48;1.3;26.72;0.53;0.69;2018-09-01;Pre-covid;Pre-covid
2018;09;Cantabria;Frutas frescas;4240.67;6694.34;1.58;91.71;7.62;12.03;2018-09-01;Pre-covid;Pre-covid
2018;09;Cantabria;Naranjas;672.77;912.52;1.36;46.44;1.21;1.64;2018-09-01;Pre-covid;Pre-covid
2018;09;Cantabria;Mandarinas;76.57;147.02;1.92;22.47;0.14;0.26;2018-09-01;Pre-covid;Pre-covid
2018;09;Cantabria;Limones;152.05;214.65;1.41;48.64;0.27;0.39;2018-09-01;Pre-covid;Pre-covid
2018;09;Cantabria;Platanos;505.87;823.32;1.63;70.64;0.91;1.48;2018-09-01;Pre-covid;Pre-covid
2018;09;Cantabria;Manzanas;345.03;523.13;1.52;54.51;0.62;0.94;2018-09-01;Pre-covid;Pre-covid
2018;09;Cantabria;Peras;204.01;330.97;1.62;57.57;0.37;0.59;2018-09-01;Pre-covid;Pre-covid
2018;09;Cantabria;Melocotones;431.9;690.1;1.6;64.75;0.78;1.24;2018-09-01;Pre-covid;Pre-covid
2018;09;Cantabria;Nectarinas;378.03;531.09;1.4;46.64;0.68;0.95;2018-09-01;Pre-covid;Pre-covid
2018;09;Cantabria;Albaricoques;2.9;4.11;1.42;2.83;0.01;0.01;2018-09-01;Pre-covid;Pre-covid
2018;09;Cantabria;Fresas/freson;5.01;20.86;4.16;2.96;0.01;0.04;2018-09-01;Pre-covid;Pre-covid
2018;09;Cantabria;Melon;406.15;392.96;0.97;37.04;0.73;0.71;2018-09-01;Pre-covid;Pre-covid
2018;09;Cantabria;Sandia;271.66;181.26;0.67;24.44;0.49;0.33;2018-09-01;Pre-covid;Pre-covid
2018;09;Cantabria;Ciruelas;203.54;378.21;1.86;37.91;0.37;0.68;2018-09-01;Pre-covid;Pre-covid
2018;09;Cantabria;Cerezas;31.07;92.96;2.99;9.45;0.06;0.17;2018-09-01;Pre-covid;Pre-covid
2018;09;Cantabria;Uvas;125.18;268.16;2.14;27.26;0.22;0.48;2018-09-01;Pre-covid;Pre-covid
2018;09;Cantabria;Kiwi;140.7;537.24;3.82;29.37;0.25;0.97;2018-09-01;Pre-covid;Pre-covid
2018;09;Cantabria;Aguacate;58.32;251.73;4.32;38.51;0.1;0.45;2018-09-01;Pre-covid;Pre-covid
2018;09;Cantabria;Piña;7.12;9.71;1.36;2.98;0.01;0.02;2018-09-01;Pre-covid;Pre-covid
2018;09;Cantabria;Otras frutas frescas;222.78;384.35;1.73;45.47;0.4;0.69;2018-09-01;Pre-covid;Pre-covid
2018;09;Cantabria;Pomelo;2.28;3.99;1.75;0.81;0.0;0.01;2018-09-01;Pre-covid;Pre-covid
2018;09;Cantabria;Chirimoya;0.0;0.0;0.0;0.0;0.0;0.0;2018-09-01;Pre-covid;Pre-covid
2018;09;Cantabria;Frutas iv gama;239.76;328.47;1.37;24.12;0.43;0.59;2018-09-01;Pre-covid;Pre-covid
2018;09;Castilla la mancha;Frutas frescas;14432.59;18143.7;1.26;93.37;6.88;8.65;2018-09-01;Pre-covid;Pre-covid
2018;09;Castilla la mancha;Naranjas;815.89;1091.7;1.34;27.7;0.39;0.52;2018-09-01;Pre-covid;Pre-covid
2018;09;Castilla la mancha;Mandarinas;65.79;169.26;2.57;11.42;0.03;0.08;2018-09-01;Pre-covid;Pre-covid
2018;09;Castilla la mancha;Limones;364.84;776.06;2.13;40.72;0.17;0.37;2018-09-01;Pre-covid;Pre-covid
2018;09;Castilla la mancha;Platanos;1723.79;2796.88;1.62;72.66;0.82;1.33;2018-09-01;Pre-covid;Pre-covid
2018;09;Castilla la mancha;Manzanas;853.15;1316.2;1.54;47.58;0.41;0.63;2018-09-01;Pre-covid;Pre-covid
2018;09;Castilla la mancha;Peras;616.81;932.21;1.51;43.46;0.29;0.44;2018-09-01;Pre-covid;Pre-covid
2018;09;Castilla la mancha;Melocotones;1168.16;1867.69;1.6;55.46;0.56;0.89;2018-09-01;Pre-covid;Pre-covid
2018;09;Castilla la mancha;Nectarinas;542.49;749.65;1.38;34.37;0.26;0.36;2018-09-01;Pre-covid;Pre-covid
2018;09;Castilla la mancha;Albaricoques;86.47;224.81;2.6;1.29;0.04;0.11;2018-09-01;Pre-covid;Pre-covid
2018;09;Castilla la mancha;Fresas/freson;32.14;140.46;4.37;5.11;0.02;0.07;2018-09-01;Pre-covid;Pre-covid
2018;09;Castilla la mancha;Melon;3144.11;2074.3;0.66;60.17;1.5;0.99;2018-09-01;Pre-covid;Pre-covid
2018;09;Castilla la mancha;Sandia;3203.38;1869.06;0.58;41.12;1.53;0.89;2018-09-01;Pre-covid;Pre-covid
2018;09;Castilla la mancha;Ciruelas;404.32;699.85;1.73;33.58;0.19;0.33;2018-09-01;Pre-covid;Pre-covid
2018;09;Castilla la mancha;Cerezas;6.27;8.45;1.35;1.09;0.0;0.0;2018-09-01;Pre-covid;Pre-covid
2018;09;Castilla la mancha;Uvas;293.83;652.56;2.22;26.1;0.14;0.31;2018-09-01;Pre-covid;Pre-covid
2018;09;Castilla la mancha;Kiwi;397.86;1102.45;2.77;29.42;0.19;0.53;2018-09-01;Pre-covid;Pre-covid
2018;09;Castilla la mancha;Aguacate;85.93;353.12;4.11;17.89;0.04;0.17;2018-09-01;Pre-covid;Pre-covid
2018;09;Castilla la mancha;Piña;97.88;143.28;1.46;8.07;0.05;0.07;2018-09-01;Pre-covid;Pre-covid
2018;09;Castilla la mancha;Otras frutas frescas;529.49;1175.72;2.22;40.35;0.25;0.56;2018-09-01;Pre-covid;Pre-covid
2018;09;Castilla la mancha;Pomelo;24.57;58.5;2.38;2.58;0.01;0.03;2018-09-01;Pre-covid;Pre-covid
2018;09;Castilla la mancha;Chirimoya;0.0;0.0;0.0;0.0;0.0;0.0;2018-09-01;Pre-covid;Pre-covid
2018;09;Castilla la mancha;Frutas iv gama;597.74;839.08;1.4;26.49;0.28;0.4;2018-09-01;Pre-covid;Pre-covid
2018;09;Castilla leon;Frutas frescas;24835.14;36863.43;1.48;93.18;10.15;15.07;2018-09-01;Pre-covid;Pre-covid
2018;09;Castilla leon;Naranjas;2166.02;2941.79;1.36;34.86;0.89;1.2;2018-09-01;Pre-covid;Pre-covid
2018;09;Castilla leon;Mandarinas;251.28;443.69;1.77;17.71;0.1;0.18;2018-09-01;Pre-covid;Pre-covid
2018;09;Castilla leon;Limones;567.94;1301.0;2.29;43.04;0.23;0.53;2018-09-01;Pre-covid;Pre-covid
2018;09;Castilla leon;Platanos;2000.63;3388.91;1.69;69.59;0.82;1.39;2018-09-01;Pre-covid;Pre-covid
2018;09;Castilla leon;Manzanas;3079.0;6424.35;2.09;56.36;1.26;2.63;2018-09-01;Pre-covid;Pre-covid
2018;09;Castilla leon;Peras;2717.45;3312.95;1.22;50.85;1.11;1.35;2018-09-01;Pre-covid;Pre-covid
2018;09;Castilla leon;Melocotones;1697.79;2658.78;1.57;51.32;0.69;1.09;2018-09-01;Pre-covid;Pre-covid
2018;09;Castilla leon;Nectarinas;1076.37;1602.13;1.49;43.41;0.44;0.65;2018-09-01;Pre-covid;Pre-covid
2018;09;Castilla leon;Albaricoques;52.82;116.99;2.22;2.35;0.02;0.05;2018-09-01;Pre-covid;Pre-covid
2018;09;Castilla leon;Fresas/freson;56.18;172.48;3.07;5.6;0.02;0.07;2018-09-01;Pre-covid;Pre-covid
2018;09;Castilla leon;Melon;3738.05;2624.99;0.7;52.09;1.53;1.07;2018-09-01;Pre-covid;Pre-covid
2018;09;Castilla leon;Sandia;2739.52;1638.24;0.6;37.47;1.12;0.67;2018-09-01;Pre-covid;Pre-covid
2018;09;Castilla leon;Ciruelas;1853.5;3038.76;1.64;34.16;0.76;1.24;2018-09-01;Pre-covid;Pre-covid
2018;09;Castilla leon;Cerezas;117.55;271.43;2.31;3.32;0.05;0.11;2018-09-01;Pre-covid;Pre-covid
2018;09;Castilla leon;Uvas;852.33;1655.47;1.94;38.55;0.35;0.68;2018-09-01;Pre-covid;Pre-covid
2018;09;Castilla leon;Kiwi;598.89;2076.75;3.47;30.03;0.24;0.85;2018-09-01;Pre-covid;Pre-covid
2018;09;Castilla leon;Aguacate;190.09;674.59;3.55;19.47;0.08;0.28;2018-09-01;Pre-covid;Pre-covid
2018;09;Castilla leon;Piña;157.45;244.8;1.55;7.93;0.06;0.1;2018-09-01;Pre-covid;Pre-covid
2018;09;Castilla leon;Otras frutas frescas;922.27;2275.33;2.47;48.81;0.38;0.93;2018-09-01;Pre-covid;Pre-covid
2018;09;Castilla leon;Pomelo;40.51;70.11;1.73;1.81;0.02;0.03;2018-09-01;Pre-covid;Pre-covid
2018;09;Castilla leon;Chirimoya;0.0;0.0;0.0;0.0;0.0;0.0;2018-09-01;Pre-covid;Pre-covid
2018;09;Castilla leon;Frutas iv gama;690.28;1138.96;1.65;21.72;0.28;0.47;2018-09-01;Pre-covid;Pre-covid
2018;09;Cataluña;Frutas frescas;61636.15;91017.7;1.48;94.47;8.91;13.15;2018-09-01;Pre-covid;Pre-covid
2018;09;Cataluña;Naranjas;4928.16;6997.68;1.42;31.46;0.71;1.01;2018-09-01;Pre-covid;Pre-covid
2018;09;Cataluña;Mandarinas;558.15;1080.53;1.94;14.6;0.08;0.16;2018-09-01;Pre-covid;Pre-covid
2018;09;Cataluña;Limones;1252.0;3082.13;2.46;38.53;0.18;0.45;2018-09-01;Pre-covid;Pre-covid
2018;09;Cataluña;Platanos;5570.58;10135.13;1.82;70.95;0.81;1.46;2018-09-01;Pre-covid;Pre-covid
2018;09;Cataluña;Manzanas;4639.53;7313.38;1.58;58.39;0.67;1.06;2018-09-01;Pre-covid;Pre-covid
2018;09;Cataluña;Peras;2883.84;4810.23;1.67;46.86;0.42;0.7;2018-09-01;Pre-covid;Pre-covid
2018;09;Cataluña;Melocotones;6512.32;11208.9;1.72;59.69;0.94;1.62;2018-09-01;Pre-covid;Pre-covid
2018;09;Cataluña;Nectarinas;2285.8;3511.96;1.54;34.14;0.33;0.51;2018-09-01;Pre-covid;Pre-covid
2018;09;Cataluña;Albaricoques;113.54;281.42;2.48;3.68;0.02;0.04;2018-09-01;Pre-covid;Pre-covid
2018;09;Cataluña;Fresas/freson;117.13;485.35;4.14;5.56;0.02;0.07;2018-09-01;Pre-covid;Pre-covid
2018;09;Cataluña;Melon;12961.65;10780.89;0.83;60.7;1.87;1.56;2018-09-01;Pre-covid;Pre-covid
2018;09;Cataluña;Sandia;9869.46;6419.16;0.65;46.48;1.43;0.93;2018-09-01;Pre-covid;Pre-covid
2018;09;Cataluña;Ciruelas;1657.6;3218.12;1.94;34.34;0.24;0.47;2018-09-01;Pre-covid;Pre-covid
2018;09;Cataluña;Cerezas;139.74;308.97;2.21;2.23;0.02;0.04;2018-09-01;Pre-covid;Pre-covid
2018;09;Cataluña;Uvas;3088.81;6872.38;2.22;44.9;0.45;0.99;2018-09-01;Pre-covid;Pre-covid
2018;09;Cataluña;Kiwi;1284.55;4499.28;3.5;30.77;0.19;0.65;2018-09-01;Pre-covid;Pre-covid
2018;09;Cataluña;Aguacate;700.9;2450.98;3.5;23.55;0.1;0.35;2018-09-01;Pre-covid;Pre-covid
2018;09;Cataluña;Piña;648.8;1244.74;1.92;13.19;0.09;0.18;2018-09-01;Pre-covid;Pre-covid
2018;09;Cataluña;Otras frutas frescas;2423.57;6316.48;2.61;47.73;0.35;0.91;2018-09-01;Pre-covid;Pre-covid
2018;09;Cataluña;Pomelo;175.97;401.84;2.28;3.53;0.03;0.06;2018-09-01;Pre-covid;Pre-covid
2018;09;Cataluña;Chirimoya;0.0;0.0;0.0;0.0;0.0;0.0;2018-09-01;Pre-covid;Pre-covid
2018;09;Cataluña;Frutas iv gama;2549.88;3772.65;1.48;28.72;0.37;0.55;2018-09-01;Pre-covid;Pre-covid
2018;09;Extremadura;Frutas frescas;9235.99;13078.06;1.42;84.97;7.83;11.09;2018-09-01;Pre-covid;Pre-covid
2018;09;Extremadura;Naranjas;571.98;749.84;1.31;35.48;0.49;0.64;2018-09-01;Pre-covid;Pre-covid
2018;09;Extremadura;Mandarinas;224.66;418.35;1.86;8.93;0.19;0.35;2018-09-01;Pre-covid;Pre-covid
2018;09;Extremadura;Limones;136.48;293.37;2.15;29.35;0.12;0.25;2018-09-01;Pre-covid;Pre-covid
2018;09;Extremadura;Platanos;542.0;823.59;1.52;61.79;0.46;0.7;2018-09-01;Pre-covid;Pre-covid
2018;09;Extremadura;Manzanas;1022.69;1531.58;1.5;55.04;0.87;1.3;2018-09-01;Pre-covid;Pre-covid
2018;09;Extremadura;Peras;869.52;1485.32;1.71;42.81;0.74;1.26;2018-09-01;Pre-covid;Pre-covid
2018;09;Extremadura;Melocotones;733.81;1088.81;1.48;49.21;0.62;0.92;2018-09-01;Pre-covid;Pre-covid
2018;09;Extremadura;Nectarinas;218.38;283.18;1.3;37.39;0.19;0.24;2018-09-01;Pre-covid;Pre-covid
2018;09;Extremadura;Albaricoques;4.44;9.23;2.08;1.32;0.0;0.01;2018-09-01;Pre-covid;Pre-covid
2018;09;Extremadura;Fresas/freson;35.15;138.33;3.94;5.45;0.03;0.12;2018-09-01;Pre-covid;Pre-covid
2018;09;Extremadura;Melon;1434.18;1154.3;0.8;66.21;1.22;0.98;2018-09-01;Pre-covid;Pre-covid
2018;09;Extremadura;Sandia;1570.13;837.73;0.53;36.59;1.33;0.71;2018-09-01;Pre-covid;Pre-covid
2018;09;Extremadura;Ciruelas;498.2;798.47;1.6;39.55;0.42;0.68;2018-09-01;Pre-covid;Pre-covid
2018;09;Extremadura;Cerezas;90.98;257.55;2.83;5.96;0.08;0.22;2018-09-01;Pre-covid;Pre-covid
2018;09;Extremadura;Uvas;298.06;630.64;2.12;34.54;0.25;0.53;2018-09-01;Pre-covid;Pre-covid
2018;09;Extremadura;Kiwi;187.47;620.14;3.31;36.76;0.16;0.53;2018-09-01;Pre-covid;Pre-covid
2018;09;Extremadura;Aguacate;49.89;211.76;4.25;16.54;0.04;0.18;2018-09-01;Pre-covid;Pre-covid
2018;09;Extremadura;Piña;73.98;140.64;1.9;9.66;0.06;0.12;2018-09-01;Pre-covid;Pre-covid
2018;09;Extremadura;Otras frutas frescas;673.97;1605.23;2.38;40.13;0.57;1.36;2018-09-01;Pre-covid;Pre-covid
2018;09;Extremadura;Pomelo;4.69;3.05;0.65;0.6;0.0;0.0;2018-09-01;Pre-covid;Pre-covid
2018;09;Extremadura;Chirimoya;0.0;0.0;0.0;0.0;0.0;0.0;2018-09-01;Pre-covid;Pre-covid
2018;09;Extremadura;Frutas iv gama;287.62;412.37;1.43;16.81;0.24;0.35;2018-09-01;Pre-covid;Pre-covid
2018;09;Galicia;Frutas frescas;27384.97;43439.03;1.59;96.8;9.89;15.68;2018-09-01;Pre-covid;Pre-covid
2018;09;Galicia;Naranjas;3270.27;4476.36;1.37;41.92;1.18;1.62;2018-09-01;Pre-covid;Pre-covid
2018;09;Galicia;Mandarinas;504.47;789.12;1.56;34.43;0.18;0.28;2018-09-01;Pre-covid;Pre-covid
2018;09;Galicia;Limones;565.88;1195.52;2.11;39.87;0.2;0.43;2018-09-01;Pre-covid;Pre-covid
2018;09;Galicia;Platanos;2933.31;5230.22;1.78;78.34;1.06;1.89;2018-09-01;Pre-covid;Pre-covid
2018;09;Galicia;Manzanas;2773.23;4453.48;1.61;58.29;1.0;1.61;2018-09-01;Pre-covid;Pre-covid
2018;09;Galicia;Peras;1762.85;2759.39;1.57;51.46;0.64;1.0;2018-09-01;Pre-covid;Pre-covid
2018;09;Galicia;Melocotones;1759.12;2699.04;1.53;46.42;0.64;0.97;2018-09-01;Pre-covid;Pre-covid
2018;09;Galicia;Nectarinas;2146.59;3398.2;1.58;54.14;0.77;1.23;2018-09-01;Pre-covid;Pre-covid
2018;09;Galicia;Albaricoques;70.66;135.02;1.91;4.53;0.03;0.05;2018-09-01;Pre-covid;Pre-covid
2018;09;Galicia;Fresas/freson;164.16;634.71;3.87;10.58;0.06;0.23;2018-09-01;Pre-covid;Pre-covid
2018;09;Galicia;Melon;3748.36;3206.12;0.86;53.36;1.35;1.16;2018-09-01;Pre-covid;Pre-covid
2018;09;Galicia;Sandia;2022.84;1419.61;0.7;28.1;0.73;0.51;2018-09-01;Pre-covid;Pre-covid
2018;09;Galicia;Ciruelas;985.43;2060.25;2.09;47.74;0.36;0.74;2018-09-01;Pre-covid;Pre-covid
2018;09;Galicia;Cerezas;68.96;238.73;3.46;4.56;0.02;0.09;2018-09-01;Pre-covid;Pre-covid
2018;09;Galicia;Uvas;1587.63;3205.49;2.02;46.43;0.57;1.16;2018-09-01;Pre-covid;Pre-covid
2018;09;Galicia;Kiwi;747.74;2244.92;3.0;34.38;0.27;0.81;2018-09-01;Pre-covid;Pre-covid
2018;09;Galicia;Aguacate;223.18;816.28;3.66;16.77;0.08;0.29;2018-09-01;Pre-covid;Pre-covid
2018;09;Galicia;Piña;319.88;536.65;1.68;14.87;0.12;0.19;2018-09-01;Pre-covid;Pre-covid
2018;09;Galicia;Otras frutas frescas;1730.41;3939.92;2.28;46.54;0.62;1.42;2018-09-01;Pre-covid;Pre-covid
2018;09;Galicia;Pomelo;100.06;189.1;1.89;3.31;0.04;0.07;2018-09-01;Pre-covid;Pre-covid
2018;09;Galicia;Chirimoya;0.0;0.0;0.0;0.0;0.0;0.0;2018-09-01;Pre-covid;Pre-covid
2018;09;Galicia;Frutas iv gama;534.35;772.47;1.45;17.1;0.19;0.28;2018-09-01;Pre-covid;Pre-covid
2018;09;La rioja;Frutas frescas;2372.06;3535.63;1.49;92.46;7.5;11.17;2018-09-01;Pre-covid;Pre-covid
2018;09;La rioja;Naranjas;91.41;110.49;1.21;17.96;0.29;0.35;2018-09-01;Pre-covid;Pre-covid
2018;09;La rioja;Mandarinas;17.43;31.22;1.79;12.0;0.06;0.1;2018-09-01;Pre-covid;Pre-covid
2018;09;La rioja;Limones;45.27;99.16;2.19;34.05;0.14;0.31;2018-09-01;Pre-covid;Pre-covid
2018;09;La rioja;Platanos;258.03;497.42;1.93;69.66;0.82;1.57;2018-09-01;Pre-covid;Pre-covid
2018;09;La rioja;Manzanas;231.71;394.4;1.7;59.93;0.73;1.25;2018-09-01;Pre-covid;Pre-covid
2018;09;La rioja;Peras;102.97;147.95;1.44;35.31;0.33;0.47;2018-09-01;Pre-covid;Pre-covid
2018;09;La rioja;Melocotones;122.26;201.06;1.64;37.18;0.39;0.64;2018-09-01;Pre-covid;Pre-covid
2018;09;La rioja;Nectarinas;134.78;200.8;1.49;35.03;0.43;0.63;2018-09-01;Pre-covid;Pre-covid
2018;09;La rioja;Albaricoques;11.78;56.69;4.81;6.31;0.04;0.18;2018-09-01;Pre-covid;Pre-covid
2018;09;La rioja;Fresas/freson;0.0;0.0;0.0;0.0;0.0;0.0;2018-09-01;Pre-covid;Pre-covid
2018;09;La rioja;Melon;368.02;320.2;0.87;28.38;1.16;1.01;2018-09-01;Pre-covid;Pre-covid
2018;09;La rioja;Sandia;360.66;235.95;0.65;30.13;1.14;0.75;2018-09-01;Pre-covid;Pre-covid
2018;09;La rioja;Ciruelas;41.6;85.65;2.06;24.77;0.13;0.27;2018-09-01;Pre-covid;Pre-covid
2018;09;La rioja;Cerezas;0.0;0.0;0.0;0.0;0.0;0.0;2018-09-01;Pre-covid;Pre-covid
2018;09;La rioja;Uvas;429.36;681.24;1.59;35.42;1.36;2.15;2018-09-01;Pre-covid;Pre-covid
2018;09;La rioja;Kiwi;48.16;208.03;4.32;37.94;0.15;0.66;2018-09-01;Pre-covid;Pre-covid
2018;09;La rioja;Aguacate;11.04;44.61;4.04;11.55;0.03;0.14;2018-09-01;Pre-covid;Pre-covid
2018;09;La rioja;Piña;23.96;57.64;2.41;6.79;0.08;0.18;2018-09-01;Pre-covid;Pre-covid
2018;09;La rioja;Otras frutas frescas;73.63;163.1;2.22;48.44;0.23;0.52;2018-09-01;Pre-covid;Pre-covid
2018;09;La rioja;Pomelo;6.46;12.83;1.99;7.5;0.02;0.04;2018-09-01;Pre-covid;Pre-covid
2018;09;La rioja;Chirimoya;0.0;0.0;0.0;0.0;0.0;0.0;2018-09-01;Pre-covid;Pre-covid
2018;09;La rioja;Frutas iv gama;38.78;60.71;1.57;22.17;0.12;0.19;2018-09-01;Pre-covid;Pre-covid
2018;09;Madrid;Frutas frescas;51599.01;74801.09;1.45;93.81;8.29;12.02;2018-09-01;Pre-covid;Pre-covid
2018;09;Madrid;Naranjas;4269.31;5858.87;1.37;32.45;0.69;0.94;2018-09-01;Pre-covid;Pre-covid
2018;09;Madrid;Mandarinas;437.9;1019.03;2.33;13.68;0.07;0.16;2018-09-01;Pre-covid;Pre-covid
2018;09;Madrid;Limones;1263.28;2826.98;2.24;46.57;0.2;0.45;2018-09-01;Pre-covid;Pre-covid
2018;09;Madrid;Platanos;4793.54;8468.72;1.77;73.17;0.77;1.36;2018-09-01;Pre-covid;Pre-covid
2018;09;Madrid;Manzanas;3584.77;6035.27;1.68;54.91;0.58;0.97;2018-09-01;Pre-covid;Pre-covid
2018;09;Madrid;Peras;2958.31;4586.0;1.55;43.7;0.48;0.74;2018-09-01;Pre-covid;Pre-covid
2018;09;Madrid;Melocotones;4712.19;7682.83;1.63;56.41;0.76;1.23;2018-09-01;Pre-covid;Pre-covid
2018;09;Madrid;Nectarinas;1968.26;2939.35;1.49;37.23;0.32;0.47;2018-09-01;Pre-covid;Pre-covid
2018;09;Madrid;Albaricoques;76.82;162.43;2.11;4.63;0.01;0.03;2018-09-01;Pre-covid;Pre-covid
2018;09;Madrid;Fresas/freson;80.01;332.35;4.15;3.6;0.01;0.05;2018-09-01;Pre-covid;Pre-covid
2018;09;Madrid;Melon;9851.59;7754.57;0.79;60.57;1.58;1.25;2018-09-01;Pre-covid;Pre-covid
2018;09;Madrid;Sandia;8434.57;5406.37;0.64;46.24;1.36;0.87;2018-09-01;Pre-covid;Pre-covid
2018;09;Madrid;Ciruelas;1614.87;3048.32;1.89;35.83;0.26;0.49;2018-09-01;Pre-covid;Pre-covid
2018;09;Madrid;Cerezas;37.42;120.2;3.21;2.6;0.01;0.02;2018-09-01;Pre-covid;Pre-covid
2018;09;Madrid;Uvas;2096.9;4129.05;1.97;39.78;0.34;0.66;2018-09-01;Pre-covid;Pre-covid
2018;09;Madrid;Kiwi;1252.4;4226.69;3.37;30.46;0.2;0.68;2018-09-01;Pre-covid;Pre-covid
2018;09;Madrid;Aguacate;543.68;2106.43;3.87;22.52;0.09;0.34;2018-09-01;Pre-covid;Pre-covid
2018;09;Madrid;Piña;661.91;1376.48;2.08;14.79;0.11;0.22;2018-09-01;Pre-covid;Pre-covid
2018;09;Madrid;Otras frutas frescas;2961.3;6721.14;2.27;47.85;0.48;1.08;2018-09-01;Pre-covid;Pre-covid
2018;09;Madrid;Pomelo;115.17;262.66;2.28;2.82;0.02;0.04;2018-09-01;Pre-covid;Pre-covid
2018;09;Madrid;Chirimoya;0.0;0.0;0.0;0.0;0.0;0.0;2018-09-01;Pre-covid;Pre-covid
2018;09;Madrid;Frutas iv gama;1713.66;2433.54;1.42;29.47;0.28;0.39;2018-09-01;Pre-covid;Pre-covid
2018;09;Murcia;Frutas frescas;11426.31;18388.25;1.61;93.9;8.02;12.91;2018-09-01;Pre-covid;Pre-covid
2018;09;Murcia;Naranjas;560.27;808.49;1.44;26.4;0.39;0.57;2018-09-01;Pre-covid;Pre-covid
2018;09;Murcia;Mandarinas;45.69;108.52;2.38;12.14;0.03;0.08;2018-09-01;Pre-covid;Pre-covid
2018;09;Murcia;Limones;458.27;1068.51;2.33;41.37;0.32;0.75;2018-09-01;Pre-covid;Pre-covid
2018;09;Murcia;Platanos;1159.03;1724.3;1.49;74.07;0.81;1.21;2018-09-01;Pre-covid;Pre-covid
2018;09;Murcia;Manzanas;751.1;1212.96;1.61;58.23;0.53;0.85;2018-09-01;Pre-covid;Pre-covid
2018;09;Murcia;Peras;498.34;795.54;1.6;56.35;0.35;0.56;2018-09-01;Pre-covid;Pre-covid
2018;09;Murcia;Melocotones;796.14;1312.98;1.65;51.3;0.56;0.92;2018-09-01;Pre-covid;Pre-covid
2018;09;Murcia;Nectarinas;196.91;287.82;1.46;18.6;0.14;0.2;2018-09-01;Pre-covid;Pre-covid
2018;09;Murcia;Albaricoques;9.04;31.22;3.45;2.08;0.01;0.02;2018-09-01;Pre-covid;Pre-covid
2018;09;Murcia;Fresas/freson;16.99;84.08;4.95;6.36;0.01;0.06;2018-09-01;Pre-covid;Pre-covid
2018;09;Murcia;Melon;1727.3;1374.66;0.8;54.75;1.21;0.97;2018-09-01;Pre-covid;Pre-covid
2018;09;Murcia;Sandia;1669.39;1006.67;0.6;47.71;1.17;0.71;2018-09-01;Pre-covid;Pre-covid
2018;09;Murcia;Ciruelas;272.72;459.73;1.69;30.92;0.19;0.32;2018-09-01;Pre-covid;Pre-covid
2018;09;Murcia;Cerezas;13.78;55.57;4.03;2.43;0.01;0.04;2018-09-01;Pre-covid;Pre-covid
2018;09;Murcia;Uvas;524.59;1020.39;1.95;44.92;0.37;0.72;2018-09-01;Pre-covid;Pre-covid
2018;09;Murcia;Kiwi;171.2;565.07;3.3;32.26;0.12;0.4;2018-09-01;Pre-covid;Pre-covid
2018;09;Murcia;Aguacate;69.26;295.03;4.26;24.85;0.05;0.21;2018-09-01;Pre-covid;Pre-covid
2018;09;Murcia;Piña;138.26;264.21;1.91;13.35;0.1;0.19;2018-09-01;Pre-covid;Pre-covid
2018;09;Murcia;Otras frutas frescas;2348.03;5912.5;2.52;40.82;1.65;4.15;2018-09-01;Pre-covid;Pre-covid
2018;09;Murcia;Pomelo;1.29;3.24;2.51;0.72;0.0;0.0;2018-09-01;Pre-covid;Pre-covid
2018;09;Murcia;Chirimoya;0.0;0.0;0.0;0.0;0.0;0.0;2018-09-01;Pre-covid;Pre-covid
2018;09;Murcia;Frutas iv gama;493.57;807.44;1.64;37.61;0.35;0.57;2018-09-01;Pre-covid;Pre-covid
2018;09;Navarra;Frutas frescas;4614.22;6528.7;1.41;90.15;7.79;11.02;2018-09-01;Pre-covid;Pre-covid
2018;09;Navarra;Naranjas;240.64;323.82;1.35;19.47;0.41;0.55;2018-09-01;Pre-covid;Pre-covid
2018;09;Navarra;Mandarinas;44.86;65.09;1.45;13.43;0.08;0.11;2018-09-01;Pre-covid;Pre-covid
2018;09;Navarra;Limones;78.38;166.25;2.12;31.13;0.13;0.28;2018-09-01;Pre-covid;Pre-covid
2018;09;Navarra;Platanos;578.58;935.42;1.62;65.7;0.98;1.58;2018-09-01;Pre-covid;Pre-covid
2018;09;Navarra;Manzanas;279.42;407.27;1.46;56.28;0.47;0.69;2018-09-01;Pre-covid;Pre-covid
2018;09;Navarra;Peras;205.24;329.59;1.61;44.75;0.35;0.56;2018-09-01;Pre-covid;Pre-covid
2018;09;Navarra;Melocotones;438.62;693.3;1.58;51.89;0.74;1.17;2018-09-01;Pre-covid;Pre-covid
2018;09;Navarra;Nectarinas;213.99;366.27;1.71;32.4;0.36;0.62;2018-09-01;Pre-covid;Pre-covid
2018;09;Navarra;Albaricoques;30.49;55.22;1.81;11.22;0.05;0.09;2018-09-01;Pre-covid;Pre-covid
2018;09;Navarra;Fresas/freson;12.18;38.92;3.2;4.33;0.02;0.07;2018-09-01;Pre-covid;Pre-covid
2018;09;Navarra;Melon;957.34;644.36;0.67;44.57;1.62;1.09;2018-09-01;Pre-covid;Pre-covid
2018;09;Navarra;Sandia;653.93;387.06;0.59;25.36;1.1;0.65;2018-09-01;Pre-covid;Pre-covid
2018;09;Navarra;Ciruelas;146.17;297.04;2.03;26.98;0.25;0.5;2018-09-01;Pre-covid;Pre-covid
2018;09;Navarra;Cerezas;0.0;0.0;0.0;0.0;0.0;0.0;2018-09-01;Pre-covid;Pre-covid
2018;09;Navarra;Uvas;150.52;334.55;2.22;28.09;0.25;0.56;2018-09-01;Pre-covid;Pre-covid
2018;09;Navarra;Kiwi;128.18;440.51;3.44;24.54;0.22;0.74;2018-09-01;Pre-covid;Pre-covid
2018;09;Navarra;Aguacate;96.76;308.19;3.19;33.28;0.16;0.52;2018-09-01;Pre-covid;Pre-covid
2018;09;Navarra;Piña;111.94;197.88;1.77;15.06;0.19;0.33;2018-09-01;Pre-covid;Pre-covid
2018;09;Navarra;Otras frutas frescas;246.98;537.98;2.18;33.65;0.42;0.91;2018-09-01;Pre-covid;Pre-covid
2018;09;Navarra;Pomelo;4.31;8.58;1.99;0.98;0.01;0.01;2018-09-01;Pre-covid;Pre-covid
2018;09;Navarra;Chirimoya;0.0;0.0;0.0;0.0;0.0;0.0;2018-09-01;Pre-covid;Pre-covid
2018;09;Navarra;Frutas iv gama;320.42;419.94;1.31;15.75;0.54;0.71;2018-09-01;Pre-covid;Pre-covid
2018;09;Pais vasco;Frutas frescas;19901.6;31049.76;1.56;95.19;9.61;15.0;2018-09-01;Pre-covid;Pre-covid
2018;09;Pais vasco;Naranjas;2671.86;3878.24;1.45;42.26;1.29;1.87;2018-09-01;Pre-covid;Pre-covid
2018;09;Pais vasco;Mandarinas;404.57;692.91;1.71;33.91;0.2;0.33;2018-09-01;Pre-covid;Pre-covid
2018;09;Pais vasco;Limones;489.14;1096.01;2.24;35.16;0.24;0.53;2018-09-01;Pre-covid;Pre-covid
2018;09;Pais vasco;Platanos;1858.12;3473.13;1.87;73.68;0.9;1.68;2018-09-01;Pre-covid;Pre-covid
2018;09;Pais vasco;Manzanas;1855.15;2984.63;1.61;59.29;0.9;1.44;2018-09-01;Pre-covid;Pre-covid
2018;09;Pais vasco;Peras;1131.32;1593.74;1.41;47.24;0.55;0.77;2018-09-01;Pre-covid;Pre-covid
2018;09;Pais vasco;Melocotones;1663.61;2783.96;1.67;52.3;0.8;1.34;2018-09-01;Pre-covid;Pre-covid
2018;09;Pais vasco;Nectarinas;1434.25;2123.5;1.48;50.64;0.69;1.03;2018-09-01;Pre-covid;Pre-covid
2018;09;Pais vasco;Albaricoques;86.71;195.92;2.26;8.94;0.04;0.09;2018-09-01;Pre-covid;Pre-covid
2018;09;Pais vasco;Fresas/freson;41.43;125.62;3.03;5.31;0.02;0.06;2018-09-01;Pre-covid;Pre-covid
2018;09;Pais vasco;Melon;2584.12;2189.17;0.85;57.53;1.25;1.06;2018-09-01;Pre-covid;Pre-covid
2018;09;Pais vasco;Sandia;2093.66;1287.88;0.62;33.58;1.01;0.62;2018-09-01;Pre-covid;Pre-covid
2018;09;Pais vasco;Ciruelas;781.68;1551.15;1.98;42.16;0.38;0.75;2018-09-01;Pre-covid;Pre-covid
2018;09;Pais vasco;Cerezas;40.9;73.93;1.81;4.48;0.02;0.04;2018-09-01;Pre-covid;Pre-covid
2018;09;Pais vasco;Uvas;726.37;1591.09;2.19;47.31;0.35;0.77;2018-09-01;Pre-covid;Pre-covid
2018;09;Pais vasco;Kiwi;566.97;2076.89;3.66;33.69;0.27;1.0;2018-09-01;Pre-covid;Pre-covid
2018;09;Pais vasco;Aguacate;166.41;529.33;3.18;23.3;0.08;0.26;2018-09-01;Pre-covid;Pre-covid
2018;09;Pais vasco;Piña;191.39;411.64;2.15;14.22;0.09;0.2;2018-09-01;Pre-covid;Pre-covid
2018;09;Pais vasco;Otras frutas frescas;1113.96;2391.03;2.15;52.88;0.54;1.16;2018-09-01;Pre-covid;Pre-covid
2018;09;Pais vasco;Pomelo;67.94;127.99;1.88;4.29;0.03;0.06;2018-09-01;Pre-covid;Pre-covid
2018;09;Pais vasco;Chirimoya;0.0;0.0;0.0;0.0;0.0;0.0;2018-09-01;Pre-covid;Pre-covid
2018;09;Pais vasco;Frutas iv gama;1111.75;1313.93;1.18;25.75;0.54;0.63;2018-09-01;Pre-covid;Pre-covid
2018;09;Valencia;Frutas frescas;40690.19;52343.99;1.29;94.74;8.6;11.06;2018-09-01;Pre-covid;Pre-covid
2018;09;Valencia;Naranjas;1702.48;2209.13;1.3;19.9;0.36;0.47;2018-09-01;Pre-covid;Pre-covid
2018;09;Valencia;Mandarinas;314.45;478.59;1.52;13.78;0.07;0.1;2018-09-01;Pre-covid;Pre-covid
2018;09;Valencia;Limones;985.75;1930.92;1.96;39.49;0.21;0.41;2018-09-01;Pre-covid;Pre-covid
2018;09;Valencia;Platanos;4263.62;6811.65;1.6;75.6;0.9;1.44;2018-09-01;Pre-covid;Pre-covid
2018;09;Valencia;Manzanas;3038.28;4739.13;1.56;54.83;0.64;1.0;2018-09-01;Pre-covid;Pre-covid
2018;09;Valencia;Peras;1846.45;2751.19;1.49;46.91;0.39;0.58;2018-09-01;Pre-covid;Pre-covid
2018;09;Valencia;Melocotones;3614.64;5408.52;1.5;55.73;0.76;1.14;2018-09-01;Pre-covid;Pre-covid
2018;09;Valencia;Nectarinas;1146.25;1669.58;1.46;26.46;0.24;0.35;2018-09-01;Pre-covid;Pre-covid
2018;09;Valencia;Albaricoques;71.91;173.86;2.42;3.29;0.02;0.04;2018-09-01;Pre-covid;Pre-covid
2018;09;Valencia;Fresas/freson;43.21;190.07;4.4;4.15;0.01;0.04;2018-09-01;Pre-covid;Pre-covid
2018;09;Valencia;Melon;9368.74;6298.43;0.67;58.93;1.98;1.33;2018-09-01;Pre-covid;Pre-covid
2018;09;Valencia;Sandia;7533.9;4413.14;0.59;49.13;1.59;0.93;2018-09-01;Pre-covid;Pre-covid
2018;09;Valencia;Ciruelas;1124.7;1994.71;1.77;33.99;0.24;0.42;2018-09-01;Pre-covid;Pre-covid
2018;09;Valencia;Cerezas;26.12;90.24;3.45;2.25;0.01;0.02;2018-09-01;Pre-covid;Pre-covid
2018;09;Valencia;Uvas;2060.13;4124.51;2.0;48.75;0.44;0.87;2018-09-01;Pre-covid;Pre-covid
2018;09;Valencia;Kiwi;873.9;2714.02;3.11;31.67;0.18;0.57;2018-09-01;Pre-covid;Pre-covid
2018;09;Valencia;Aguacate;392.42;1454.31;3.71;23.4;0.08;0.31;2018-09-01;Pre-covid;Pre-covid
2018;09;Valencia;Piña;516.92;778.49;1.51;15.96;0.11;0.16;2018-09-01;Pre-covid;Pre-covid
2018;09;Valencia;Otras frutas frescas;1766.32;4113.49;2.33;48.24;0.37;0.87;2018-09-01;Pre-covid;Pre-covid
2018;09;Valencia;Pomelo;154.56;259.33;1.68;3.13;0.03;0.05;2018-09-01;Pre-covid;Pre-covid
2018;09;Valencia;Chirimoya;0.0;0.0;0.0;0.0;0.0;0.0;2018-09-01;Pre-covid;Pre-covid
2018;09;Valencia;Frutas iv gama;2768.97;3167.26;1.14;29.82;0.59;0.67;2018-09-01;Pre-covid;Pre-covid
2018;10;Nacional;Patatas;118828.76;103351.07;0.87;79.13;2.6;2.26;2018-10-01;Pre-covid;Pre-covid
2018;10;Nacional;Patatas frescas;88636.39;71723.62;0.81;67.03;1.94;1.57;2018-10-01;Pre-covid;Pre-covid
2018;10;Nacional;Patatas congeladas;3968.79;5023.53;1.27;11.63;0.09;0.11;2018-10-01;Pre-covid;Pre-covid
2018;10;Nacional;Patatas procesadas;5244.72;26603.92;5.07;46.16;0.11;0.58;2018-10-01;Pre-covid;Pre-covid
2018;10;Nacional;Patatas fritas;4182.2;25035.96;5.99;44.11;0.09;0.55;2018-10-01;Pre-covid;Pre-covid
2018;10;Nacional;Hortalizas frescas;227552.96;425496.43;1.87;96.4;4.99;9.32;2018-10-01;Pre-covid;Pre-covid
2018;10;Nacional;Omates;50166.84;87140.08;1.74;76.72;1.1;1.91;2018-10-01;Pre-covid;Pre-covid
2018;10;Nacional;Cebollas;28108.03;30845.61;1.1;64.58;0.62;0.68;2018-10-01;Pre-covid;Pre-covid
2018;10;Nacional;Ajos;2557.29;10238.14;4.0;32.13;0.06;0.22;2018-10-01;Pre-covid;Pre-covid
2018;10;Nacional;Coles;5197.61;6056.31;1.17;17.49;0.11;0.13;2018-10-01;Pre-covid;Pre-covid
2018;10;Nacional;Pepinos;7537.08;10732.55;1.42;31.38;0.17;0.24;2018-10-01;Pre-covid;Pre-covid
2018;10;Nacional;Judias verdes;6617.29;20576.87;3.11;29.62;0.15;0.45;2018-10-01;Pre-covid;Pre-covid
2018;10;Nacional;Pimientos;25912.39;46881.2;1.81;63.13;0.57;1.03;2018-10-01;Pre-covid;Pre-covid
2018;10;Nacional;Champiñoneso setas;5895.66;27009.22;4.58;41.07;0.13;0.59;2018-10-01;Pre-covid;Pre-covid
2018;10;Nacional;Lechuga/esc /endivia;13260.72;37820.73;2.85;59.17;0.29;0.83;2018-10-01;Pre-covid;Pre-covid
2018;10;Nacional;Esparragos;1620.56;4387.07;2.71;8.11;0.04;0.1;2018-10-01;Pre-covid;Pre-covid
2018;10;Nacional;Verduras de hoja;4955.05;11605.62;2.34;25.35;0.11;0.25;2018-10-01;Pre-covid;Pre-covid
2018;10;Nacional;Berenjenas;7146.65;11159.32;1.56;30.37;0.16;0.24;2018-10-01;Pre-covid;Pre-covid
2018;10;Nacional;Zanahorias;13860.46;12885.69;0.93;57.26;0.3;0.28;2018-10-01;Pre-covid;Pre-covid
2018;10;Nacional;Calabacines;15878.8;22678.13;1.43;51.49;0.35;0.5;2018-10-01;Pre-covid;Pre-covid
2018;10;Nacional;Otr hortalizas/verd ;38838.52;85479.89;2.2;78.11;0.85;1.87;2018-10-01;Pre-covid;Pre-covid
2018;10;Nacional;Brocoli;4633.11;7784.53;1.68;21.52;0.1;0.17;2018-10-01;Pre-covid;Pre-covid
2018;10;Nacional;Alcachofas;844.7;2286.03;2.71;4.93;0.02;0.05;2018-10-01;Pre-covid;Pre-covid
2018;10;Nacional;Verd /hort  iv gama;28995.0;70714.64;2.44;66.81;0.64;1.55;2018-10-01;Pre-covid;Pre-covid
2018;10;Andalucia;Patatas;22882.9;18759.77;0.82;82.41;2.63;2.16;2018-10-01;Pre-covid;Pre-covid
2018;10;Andalucia;Patatas frescas;16321.4;11992.94;0.73;69.56;1.88;1.38;2018-10-01;Pre-covid;Pre-covid
2018;10;Andalucia;Patatas congeladas;1085.32;1290.04;1.19;16.54;0.12;0.15;2018-10-01;Pre-covid;Pre-covid
2018;10;Andalucia;Patatas procesadas;1095.24;5476.79;5.0;50.93;0.13;0.63;2018-10-01;Pre-covid;Pre-covid
2018;10;Andalucia;Patatas fritas;901.26;5200.44;5.77;48.4;0.1;0.6;2018-10-01;Pre-covid;Pre-covid
2018;10;Andalucia;Hortalizas frescas;36655.39;64421.18;1.76;96.58;4.22;7.41;2018-10-01;Pre-covid;Pre-covid
2018;10;Andalucia;Omates;8862.99;14256.03;1.61;76.91;1.02;1.64;2018-10-01;Pre-covid;Pre-covid
2018;10;Andalucia;Cebollas;4669.46;4753.45;1.02;66.9;0.54;0.55;2018-10-01;Pre-covid;Pre-covid
2018;10;Andalucia;Ajos;443.67;1820.22;4.1;34.84;0.05;0.21;2018-10-01;Pre-covid;Pre-covid
2018;10;Andalucia;Coles;617.69;688.28;1.11;14.42;0.07;0.08;2018-10-01;Pre-covid;Pre-covid
2018;10;Andalucia;Pepinos;1305.1;1800.19;1.38;34.67;0.15;0.21;2018-10-01;Pre-covid;Pre-covid
2018;10;Andalucia;Judias verdes;893.18;2385.93;2.67;25.59;0.1;0.27;2018-10-01;Pre-covid;Pre-covid
2018;10;Andalucia;Pimientos;3610.17;6067.81;1.68;62.61;0.42;0.7;2018-10-01;Pre-covid;Pre-covid
2018;10;Andalucia;Champiñoneso setas;810.47;3579.07;4.42;38.11;0.09;0.41;2018-10-01;Pre-covid;Pre-covid
2018;10;Andalucia;Lechuga/esc /endivia;2126.11;6336.47;2.98;61.73;0.24;0.73;2018-10-01;Pre-covid;Pre-covid
2018;10;Andalucia;Esparragos;132.08;462.79;3.5;6.16;0.02;0.05;2018-10-01;Pre-covid;Pre-covid
2018;10;Andalucia;Verduras de hoja;598.45;1442.25;2.41;21.93;0.07;0.17;2018-10-01;Pre-covid;Pre-covid
2018;10;Andalucia;Berenjenas;1335.14;2102.05;1.57;30.34;0.15;0.24;2018-10-01;Pre-covid;Pre-covid
2018;10;Andalucia;Zanahorias;2331.12;1936.12;0.83;56.99;0.27;0.22;2018-10-01;Pre-covid;Pre-covid
2018;10;Andalucia;Calabacines;2589.82;3464.26;1.34;52.65;0.3;0.4;2018-10-01;Pre-covid;Pre-covid
2018;10;Andalucia;Otr hortalizas/verd ;6329.92;13326.26;2.11;77.15;0.73;1.53;2018-10-01;Pre-covid;Pre-covid
2018;10;Andalucia;Brocoli;844.31;1336.45;1.58;22.29;0.1;0.15;2018-10-01;Pre-covid;Pre-covid
2018;10;Andalucia;Alcachofas;108.52;266.07;2.45;3.91;0.01;0.03;2018-10-01;Pre-covid;Pre-covid
2018;10;Andalucia;Verd /hort  iv gama;5076.48;12212.03;2.41;68.0;0.58;1.41;2018-10-01;Pre-covid;Pre-covid
2018;10;Aragon;Patatas;3228.19;2651.52;0.82;76.73;2.46;2.02;2018-10-01;Pre-covid;Pre-covid
2018;10;Aragon;Patatas frescas;2626.45;1946.4;0.74;65.3;2.0;1.48;2018-10-01;Pre-covid;Pre-covid
2018;10;Aragon;Patatas congeladas;38.15;49.26;1.29;6.1;0.03;0.04;2018-10-01;Pre-covid;Pre-covid
2018;10;Aragon;Patatas procesadas;112.72;655.86;5.82;43.58;0.09;0.5;2018-10-01;Pre-covid;Pre-covid
2018;10;Aragon;Patatas fritas;95.18;635.31;6.67;42.13;0.07;0.48;2018-10-01;Pre-covid;Pre-covid
2018;10;Aragon;Hortalizas frescas;7604.53;14701.59;1.93;95.07;5.79;11.2;2018-10-01;Pre-covid;Pre-covid
2018;10;Aragon;Omates;1536.73;2688.53;1.75;72.15;1.17;2.05;2018-10-01;Pre-covid;Pre-covid
2018;10;Aragon;Cebollas;587.38;703.56;1.2;52.74;0.45;0.54;2018-10-01;Pre-covid;Pre-covid
2018;10;Aragon;Ajos;53.15;222.28;4.18;29.29;0.04;0.17;2018-10-01;Pre-covid;Pre-covid
2018;10;Aragon;Coles;102.04;148.76;1.46;12.27;0.08;0.11;2018-10-01;Pre-covid;Pre-covid
2018;10;Aragon;Pepinos;297.0;407.94;1.37;33.47;0.23;0.31;2018-10-01;Pre-covid;Pre-covid
2018;10;Aragon;Judias verdes;404.17;1159.08;2.87;34.57;0.31;0.88;2018-10-01;Pre-covid;Pre-covid
2018;10;Aragon;Pimientos;847.17;1377.09;1.63;58.83;0.65;1.05;2018-10-01;Pre-covid;Pre-covid
2018;10;Aragon;Champiñoneso setas;242.65;1182.36;4.87;55.22;0.18;0.9;2018-10-01;Pre-covid;Pre-covid
2018;10;Aragon;Lechuga/esc /endivia;580.12;1577.44;2.72;65.72;0.44;1.2;2018-10-01;Pre-covid;Pre-covid
2018;10;Aragon;Esparragos;101.75;201.14;1.98;12.49;0.08;0.15;2018-10-01;Pre-covid;Pre-covid
2018;10;Aragon;Verduras de hoja;334.91;591.95;1.77;28.82;0.26;0.45;2018-10-01;Pre-covid;Pre-covid
2018;10;Aragon;Berenjenas;334.91;517.68;1.55;29.7;0.26;0.39;2018-10-01;Pre-covid;Pre-covid
2018;10;Aragon;Zanahorias;307.18;251.17;0.82;49.97;0.23;0.19;2018-10-01;Pre-covid;Pre-covid
2018;10;Aragon;Calabacines;494.38;738.82;1.49;44.23;0.38;0.56;2018-10-01;Pre-covid;Pre-covid
2018;10;Aragon;Otr hortalizas/verd ;1380.99;2933.78;2.12;79.52;1.05;2.23;2018-10-01;Pre-covid;Pre-covid
2018;10;Aragon;Brocoli;143.96;254.84;1.77;24.79;0.11;0.19;2018-10-01;Pre-covid;Pre-covid
2018;10;Aragon;Alcachofas;7.29;12.35;1.69;1.86;0.01;0.01;2018-10-01;Pre-covid;Pre-covid
2018;10;Aragon;Verd /hort  iv gama;708.98;1879.19;2.65;64.54;0.54;1.43;2018-10-01;Pre-covid;Pre-covid
2018;10;Asturias;Patatas;2541.21;2134.62;0.84;64.96;2.34;1.97;2018-10-01;Pre-covid;Pre-covid
2018;10;Asturias;Patatas frescas;2064.14;1627.11;0.79;58.38;1.9;1.5;2018-10-01;Pre-covid;Pre-covid
2018;10;Asturias;Patatas congeladas;54.26;59.41;1.09;7.01;0.05;0.05;2018-10-01;Pre-covid;Pre-covid
2018;10;Asturias;Patatas procesadas;84.56;448.1;5.3;30.15;0.08;0.41;2018-10-01;Pre-covid;Pre-covid
2018;10;Asturias;Patatas fritas;66.4;411.92;6.2;28.12;0.06;0.38;2018-10-01;Pre-covid;Pre-covid
2018;10;Asturias;Hortalizas frescas;3836.47;7378.84;1.92;96.15;3.54;6.81;2018-10-01;Pre-covid;Pre-covid
2018;10;Asturias;Omates;765.22;1422.47;1.86;68.18;0.71;1.31;2018-10-01;Pre-covid;Pre-covid
2018;10;Asturias;Cebollas;656.07;709.99;1.08;69.82;0.61;0.65;2018-10-01;Pre-covid;Pre-covid
2018;10;Asturias;Ajos;86.63;382.63;4.42;54.02;0.08;0.35;2018-10-01;Pre-covid;Pre-covid
2018;10;Asturias;Coles;88.53;112.34;1.27;15.05;0.08;0.1;2018-10-01;Pre-covid;Pre-covid
2018;10;Asturias;Pepinos;128.98;179.22;1.39;22.12;0.12;0.17;2018-10-01;Pre-covid;Pre-covid
2018;10;Asturias;Judias verdes;111.99;352.93;3.15;26.28;0.1;0.33;2018-10-01;Pre-covid;Pre-covid
2018;10;Asturias;Pimientos;423.12;795.2;1.88;58.5;0.39;0.73;2018-10-01;Pre-covid;Pre-covid
2018;10;Asturias;Champiñoneso setas;72.61;397.7;5.48;28.29;0.07;0.37;2018-10-01;Pre-covid;Pre-covid
2018;10;Asturias;Lechuga/esc /endivia;188.42;536.52;2.85;46.07;0.17;0.49;2018-10-01;Pre-covid;Pre-covid
2018;10;Asturias;Esparragos;28.69;69.15;2.41;4.47;0.03;0.06;2018-10-01;Pre-covid;Pre-covid
2018;10;Asturias;Verduras de hoja;28.15;88.39;3.14;15.89;0.03;0.08;2018-10-01;Pre-covid;Pre-covid
2018;10;Asturias;Berenjenas;67.21;120.8;1.8;19.41;0.06;0.11;2018-10-01;Pre-covid;Pre-covid
2018;10;Asturias;Zanahorias;280.73;279.94;1.0;56.29;0.26;0.26;2018-10-01;Pre-covid;Pre-covid
2018;10;Asturias;Calabacines;300.24;393.14;1.31;39.4;0.28;0.36;2018-10-01;Pre-covid;Pre-covid
2018;10;Asturias;Otr hortalizas/verd ;609.87;1538.41;2.52;71.49;0.56;1.42;2018-10-01;Pre-covid;Pre-covid
2018;10;Asturias;Brocoli;94.53;182.48;1.93;22.44;0.09;0.17;2018-10-01;Pre-covid;Pre-covid
2018;10;Asturias;Alcachofas;7.9;26.45;3.35;2.98;0.01;0.02;2018-10-01;Pre-covid;Pre-covid
2018;10;Asturias;Verd /hort  iv gama;487.91;1236.03;2.53;56.27;0.45;1.14;2018-10-01;Pre-covid;Pre-covid
2018;10;Baleares;Patatas;3442.92;2995.76;0.87;83.89;3.34;2.91;2018-10-01;Pre-covid;Pre-covid
2018;10;Baleares;Patatas frescas;2482.37;2115.85;0.85;80.5;2.41;2.05;2018-10-01;Pre-covid;Pre-covid
2018;10;Baleares;Patatas congeladas;110.42;130.88;1.19;13.05;0.11;0.13;2018-10-01;Pre-covid;Pre-covid
2018;10;Baleares;Patatas procesadas;170.03;749.04;4.41;53.04;0.17;0.73;2018-10-01;Pre-covid;Pre-covid
2018;10;Baleares;Patatas fritas;104.54;640.88;6.13;48.84;0.1;0.62;2018-10-01;Pre-covid;Pre-covid
2018;10;Baleares;Hortalizas frescas;5034.57;11147.32;2.21;97.02;4.89;10.82;2018-10-01;Pre-covid;Pre-covid
2018;10;Baleares;Omates;1149.47;2176.38;1.89;86.5;1.12;2.11;2018-10-01;Pre-covid;Pre-covid
2018;10;Baleares;Cebollas;543.75;694.58;1.28;58.64;0.53;0.67;2018-10-01;Pre-covid;Pre-covid
2018;10;Baleares;Ajos;62.63;190.54;3.04;37.4;0.06;0.18;2018-10-01;Pre-covid;Pre-covid
2018;10;Baleares;Coles;201.55;240.94;1.2;27.68;0.2;0.23;2018-10-01;Pre-covid;Pre-covid
2018;10;Baleares;Pepinos;177.69;288.64;1.62;26.23;0.17;0.28;2018-10-01;Pre-covid;Pre-covid
2018;10;Baleares;Judias verdes;109.71;694.49;6.33;32.65;0.11;0.67;2018-10-01;Pre-covid;Pre-covid
2018;10;Baleares;Pimientos;460.92;920.39;2.0;68.49;0.45;0.89;2018-10-01;Pre-covid;Pre-covid
2018;10;Baleares;Champiñoneso setas;227.7;1206.11;5.3;54.22;0.22;1.17;2018-10-01;Pre-covid;Pre-covid
2018;10;Baleares;Lechuga/esc /endivia;344.57;1215.65;3.53;72.05;0.33;1.18;2018-10-01;Pre-covid;Pre-covid
2018;10;Baleares;Esparragos;35.83;99.08;2.77;8.28;0.03;0.1;2018-10-01;Pre-covid;Pre-covid
2018;10;Baleares;Verduras de hoja;136.63;411.89;3.01;34.31;0.13;0.4;2018-10-01;Pre-covid;Pre-covid
2018;10;Baleares;Berenjenas;149.08;237.3;1.59;39.46;0.14;0.23;2018-10-01;Pre-covid;Pre-covid
2018;10;Baleares;Zanahorias;361.09;308.72;0.85;58.87;0.35;0.3;2018-10-01;Pre-covid;Pre-covid
2018;10;Baleares;Calabacines;209.95;315.99;1.51;39.25;0.2;0.31;2018-10-01;Pre-covid;Pre-covid
2018;10;Baleares;Otr hortalizas/verd ;864.01;2146.62;2.48;85.13;0.84;2.08;2018-10-01;Pre-covid;Pre-covid
2018;10;Baleares;Brocoli;110.6;226.77;2.05;24.03;0.11;0.22;2018-10-01;Pre-covid;Pre-covid
2018;10;Baleares;Alcachofas;29.42;84.84;2.88;9.58;0.03;0.08;2018-10-01;Pre-covid;Pre-covid
2018;10;Baleares;Verd /hort  iv gama;761.29;2378.56;3.12;77.18;0.74;2.31;2018-10-01;Pre-covid;Pre-covid
2018;10;Canarias;Patatas;4669.49;4960.49;1.06;76.67;2.14;2.27;2018-10-01;Pre-covid;Pre-covid
2018;10;Canarias;Patatas frescas;3789.55;3934.44;1.04;66.13;1.73;1.8;2018-10-01;Pre-covid;Pre-covid
2018;10;Canarias;Patatas congeladas;256.5;255.37;1.0;9.25;0.12;0.12;2018-10-01;Pre-covid;Pre-covid
2018;10;Canarias;Patatas procesadas;124.69;770.68;6.18;33.31;0.06;0.35;2018-10-01;Pre-covid;Pre-covid
2018;10;Canarias;Patatas fritas;117.93;764.02;6.48;32.86;0.05;0.35;2018-10-01;Pre-covid;Pre-covid
2018;10;Canarias;Hortalizas frescas;9765.65;18052.7;1.85;97.32;4.47;8.26;2018-10-01;Pre-covid;Pre-covid
2018;10;Canarias;Omates;2255.82;3579.09;1.59;81.86;1.03;1.64;2018-10-01;Pre-covid;Pre-covid
2018;10;Canarias;Cebollas;1177.79;1208.9;1.03;69.0;0.54;0.55;2018-10-01;Pre-covid;Pre-covid
2018;10;Canarias;Ajos;101.44;412.46;4.07;30.85;0.05;0.19;2018-10-01;Pre-covid;Pre-covid
2018;10;Canarias;Coles;130.82;161.29;1.23;17.73;0.06;0.07;2018-10-01;Pre-covid;Pre-covid
2018;10;Canarias;Pepinos;341.03;556.12;1.63;41.45;0.16;0.25;2018-10-01;Pre-covid;Pre-covid
2018;10;Canarias;Judias verdes;132.06;330.9;2.51;17.17;0.06;0.15;2018-10-01;Pre-covid;Pre-covid
2018;10;Canarias;Pimientos;838.6;1506.97;1.8;69.48;0.38;0.69;2018-10-01;Pre-covid;Pre-covid
2018;10;Canarias;Champiñoneso setas;142.74;628.16;4.4;32.09;0.07;0.29;2018-10-01;Pre-covid;Pre-covid
2018;10;Canarias;Lechuga/esc /endivia;405.12;1396.84;3.45;50.52;0.19;0.64;2018-10-01;Pre-covid;Pre-covid
2018;10;Canarias;Esparragos;66.22;60.47;0.91;2.44;0.03;0.03;2018-10-01;Pre-covid;Pre-covid
2018;10;Canarias;Verduras de hoja;281.97;754.19;2.67;23.59;0.13;0.34;2018-10-01;Pre-covid;Pre-covid
2018;10;Canarias;Berenjenas;151.45;220.32;1.45;20.39;0.07;0.1;2018-10-01;Pre-covid;Pre-covid
2018;10;Canarias;Zanahorias;883.38;872.16;0.99;72.02;0.4;0.4;2018-10-01;Pre-covid;Pre-covid
2018;10;Canarias;Calabacines;899.49;1436.25;1.6;63.04;0.41;0.66;2018-10-01;Pre-covid;Pre-covid
2018;10;Canarias;Otr hortalizas/verd ;1957.73;4928.58;2.52;80.93;0.9;2.25;2018-10-01;Pre-covid;Pre-covid
2018;10;Canarias;Brocoli;47.28;107.29;2.27;6.57;0.02;0.05;2018-10-01;Pre-covid;Pre-covid
2018;10;Canarias;Alcachofas;2.78;5.22;1.88;0.46;0.0;0.0;2018-10-01;Pre-covid;Pre-covid
2018;10;Canarias;Verd /hort  iv gama;1381.69;3533.09;2.56;62.01;0.63;1.62;2018-10-01;Pre-covid;Pre-covid
2018;10;Cantabria;Patatas;2217.9;1754.72;0.79;75.81;3.99;3.15;2018-10-01;Pre-covid;Pre-covid
2018;10;Cantabria;Patatas frescas;1920.7;1454.16;0.76;63.2;3.45;2.61;2018-10-01;Pre-covid;Pre-covid
2018;10;Cantabria;Patatas congeladas;67.56;104.67;1.55;17.24;0.12;0.19;2018-10-01;Pre-covid;Pre-covid
2018;10;Cantabria;Patatas procesadas;45.93;195.9;4.27;32.35;0.08;0.35;2018-10-01;Pre-covid;Pre-covid
2018;10;Cantabria;Patatas fritas;28.36;170.89;6.03;27.82;0.05;0.31;2018-10-01;Pre-covid;Pre-covid
2018;10;Cantabria;Hortalizas frescas;2401.7;4278.81;1.78;99.41;4.32;7.69;2018-10-01;Pre-covid;Pre-covid
2018;10;Cantabria;Omates;490.88;951.56;1.94;69.56;0.88;1.71;2018-10-01;Pre-covid;Pre-covid
2018;10;Cantabria;Cebollas;330.6;342.5;1.04;65.37;0.59;0.62;2018-10-01;Pre-covid;Pre-covid
2018;10;Cantabria;Ajos;24.77;130.61;5.27;25.71;0.04;0.23;2018-10-01;Pre-covid;Pre-covid
2018;10;Cantabria;Coles;95.64;92.19;0.96;18.38;0.17;0.17;2018-10-01;Pre-covid;Pre-covid
2018;10;Cantabria;Pepinos;56.12;77.28;1.38;28.6;0.1;0.14;2018-10-01;Pre-covid;Pre-covid
2018;10;Cantabria;Judias verdes;40.61;128.09;3.15;24.02;0.07;0.23;2018-10-01;Pre-covid;Pre-covid
2018;10;Cantabria;Pimientos;231.47;451.16;1.95;54.56;0.42;0.81;2018-10-01;Pre-covid;Pre-covid
2018;10;Cantabria;Champiñoneso setas;121.88;211.15;1.73;41.95;0.22;0.38;2018-10-01;Pre-covid;Pre-covid
2018;10;Cantabria;Lechuga/esc /endivia;112.86;288.87;2.56;62.59;0.2;0.52;2018-10-01;Pre-covid;Pre-covid
2018;10;Cantabria;Esparragos;16.44;27.1;1.65;6.79;0.03;0.05;2018-10-01;Pre-covid;Pre-covid
2018;10;Cantabria;Verduras de hoja;19.93;60.2;3.02;14.01;0.04;0.11;2018-10-01;Pre-covid;Pre-covid
2018;10;Cantabria;Berenjenas;68.92;118.16;1.71;28.43;0.12;0.21;2018-10-01;Pre-covid;Pre-covid
2018;10;Cantabria;Zanahorias;211.99;174.27;0.82;70.4;0.38;0.31;2018-10-01;Pre-covid;Pre-covid
2018;10;Cantabria;Calabacines;157.14;259.35;1.65;43.65;0.28;0.47;2018-10-01;Pre-covid;Pre-covid
2018;10;Cantabria;Otr hortalizas/verd ;422.45;966.32;2.29;73.02;0.76;1.74;2018-10-01;Pre-covid;Pre-covid
2018;10;Cantabria;Brocoli;36.14;64.52;1.79;18.33;0.06;0.12;2018-10-01;Pre-covid;Pre-covid
2018;10;Cantabria;Alcachofas;1.06;3.39;3.19;0.77;0.0;0.01;2018-10-01;Pre-covid;Pre-covid
2018;10;Cantabria;Verd /hort  iv gama;309.22;597.6;1.93;68.06;0.56;1.07;2018-10-01;Pre-covid;Pre-covid
2018;10;Castilla la mancha;Patatas;4225.9;3512.75;0.83;82.95;2.01;1.67;2018-10-01;Pre-covid;Pre-covid
2018;10;Castilla la mancha;Patatas frescas;2987.4;2127.95;0.71;61.55;1.42;1.01;2018-10-01;Pre-covid;Pre-covid
2018;10;Castilla la mancha;Patatas congeladas;280.03;298.7;1.07;19.94;0.13;0.14;2018-10-01;Pre-covid;Pre-covid
2018;10;Castilla la mancha;Patatas procesadas;191.69;1086.1;5.67;50.9;0.09;0.52;2018-10-01;Pre-covid;Pre-covid
2018;10;Castilla la mancha;Patatas fritas;170.76;1050.15;6.15;49.75;0.08;0.5;2018-10-01;Pre-covid;Pre-covid
2018;10;Castilla la mancha;Hortalizas frescas;8286.13;14898.53;1.8;95.24;3.95;7.1;2018-10-01;Pre-covid;Pre-covid
2018;10;Castilla la mancha;Omates;1827.18;2833.61;1.55;71.73;0.87;1.35;2018-10-01;Pre-covid;Pre-covid
2018;10;Castilla la mancha;Cebollas;788.25;837.99;1.06;55.6;0.38;0.4;2018-10-01;Pre-covid;Pre-covid
2018;10;Castilla la mancha;Ajos;77.07;307.64;3.99;23.72;0.04;0.15;2018-10-01;Pre-covid;Pre-covid
2018;10;Castilla la mancha;Coles;200.85;208.62;1.04;17.92;0.1;0.1;2018-10-01;Pre-covid;Pre-covid
2018;10;Castilla la mancha;Pepinos;338.07;442.03;1.31;28.21;0.16;0.21;2018-10-01;Pre-covid;Pre-covid
2018;10;Castilla la mancha;Judias verdes;199.07;597.41;3.0;26.32;0.09;0.28;2018-10-01;Pre-covid;Pre-covid
2018;10;Castilla la mancha;Pimientos;939.04;1707.53;1.82;56.35;0.45;0.81;2018-10-01;Pre-covid;Pre-covid
2018;10;Castilla la mancha;Champiñoneso setas;225.76;1001.47;4.44;38.03;0.11;0.48;2018-10-01;Pre-covid;Pre-covid
2018;10;Castilla la mancha;Lechuga/esc /endivia;353.51;1058.99;3.0;48.44;0.17;0.5;2018-10-01;Pre-covid;Pre-covid
2018;10;Castilla la mancha;Esparragos;52.19;224.4;4.3;10.66;0.02;0.11;2018-10-01;Pre-covid;Pre-covid
2018;10;Castilla la mancha;Verduras de hoja;213.8;463.84;2.17;22.57;0.1;0.22;2018-10-01;Pre-covid;Pre-covid
2018;10;Castilla la mancha;Berenjenas;188.12;296.97;1.58;23.76;0.09;0.14;2018-10-01;Pre-covid;Pre-covid
2018;10;Castilla la mancha;Zanahorias;437.2;344.9;0.79;47.32;0.21;0.16;2018-10-01;Pre-covid;Pre-covid
2018;10;Castilla la mancha;Calabacines;1213.47;1934.29;1.59;55.36;0.58;0.92;2018-10-01;Pre-covid;Pre-covid
2018;10;Castilla la mancha;Otr hortalizas/verd ;1232.54;2638.84;2.14;71.62;0.59;1.26;2018-10-01;Pre-covid;Pre-covid
2018;10;Castilla la mancha;Brocoli;148.56;221.82;1.49;20.23;0.07;0.11;2018-10-01;Pre-covid;Pre-covid
2018;10;Castilla la mancha;Alcachofas;36.95;105.72;2.86;3.45;0.02;0.05;2018-10-01;Pre-covid;Pre-covid
2018;10;Castilla la mancha;Verd /hort  iv gama;1131.09;2598.4;2.3;59.82;0.54;1.24;2018-10-01;Pre-covid;Pre-covid
2018;10;Castilla leon;Patatas;5332.2;4205.42;0.79;68.83;2.18;1.72;2018-10-01;Pre-covid;Pre-covid
2018;10;Castilla leon;Patatas frescas;4193.14;3037.44;0.72;55.99;1.71;1.24;2018-10-01;Pre-covid;Pre-covid
2018;10;Castilla leon;Patatas congeladas;92.16;105.61;1.15;6.23;0.04;0.04;2018-10-01;Pre-covid;Pre-covid
2018;10;Castilla leon;Patatas procesadas;209.38;1062.37;5.07;37.92;0.09;0.43;2018-10-01;Pre-covid;Pre-covid
2018;10;Castilla leon;Patatas fritas;167.68;1000.61;5.97;36.7;0.07;0.41;2018-10-01;Pre-covid;Pre-covid
2018;10;Castilla leon;Hortalizas frescas;11353.09;20443.59;1.8;92.31;4.64;8.36;2018-10-01;Pre-covid;Pre-covid
2018;10;Castilla leon;Omates;2678.34;4531.93;1.69;59.13;1.09;1.85;2018-10-01;Pre-covid;Pre-covid
2018;10;Castilla leon;Cebollas;1074.01;1272.0;1.18;55.65;0.44;0.52;2018-10-01;Pre-covid;Pre-covid
2018;10;Castilla leon;Ajos;108.9;434.42;3.99;27.88;0.04;0.18;2018-10-01;Pre-covid;Pre-covid
2018;10;Castilla leon;Coles;376.94;393.33;1.04;19.6;0.15;0.16;2018-10-01;Pre-covid;Pre-covid
2018;10;Castilla leon;Pepinos;328.64;498.87;1.52;22.64;0.13;0.2;2018-10-01;Pre-covid;Pre-covid
2018;10;Castilla leon;Judias verdes;250.59;761.12;3.04;18.77;0.1;0.31;2018-10-01;Pre-covid;Pre-covid
2018;10;Castilla leon;Pimientos;2341.22;4084.41;1.74;58.15;0.96;1.67;2018-10-01;Pre-covid;Pre-covid
2018;10;Castilla leon;Champiñoneso setas;226.39;874.01;3.86;30.77;0.09;0.36;2018-10-01;Pre-covid;Pre-covid
2018;10;Castilla leon;Lechuga/esc /endivia;538.11;1379.85;2.56;45.07;0.22;0.56;2018-10-01;Pre-covid;Pre-covid
2018;10;Castilla leon;Esparragos;22.07;92.57;4.19;4.36;0.01;0.04;2018-10-01;Pre-covid;Pre-covid
2018;10;Castilla leon;Verduras de hoja;140.29;362.93;2.59;15.11;0.06;0.15;2018-10-01;Pre-covid;Pre-covid
2018;10;Castilla leon;Berenjenas;193.06;320.08;1.66;18.84;0.08;0.13;2018-10-01;Pre-covid;Pre-covid
2018;10;Castilla leon;Zanahorias;695.01;571.4;0.82;53.08;0.28;0.23;2018-10-01;Pre-covid;Pre-covid
2018;10;Castilla leon;Calabacines;625.9;893.65;1.43;39.45;0.26;0.37;2018-10-01;Pre-covid;Pre-covid
2018;10;Castilla leon;Otr hortalizas/verd ;1753.61;3973.02;2.27;70.31;0.72;1.62;2018-10-01;Pre-covid;Pre-covid
2018;10;Castilla leon;Brocoli;209.12;345.13;1.65;19.17;0.09;0.14;2018-10-01;Pre-covid;Pre-covid
2018;10;Castilla leon;Alcachofas;15.64;42.05;2.69;2.61;0.01;0.02;2018-10-01;Pre-covid;Pre-covid
2018;10;Castilla leon;Verd /hort  iv gama;1214.1;2862.69;2.36;54.73;0.5;1.17;2018-10-01;Pre-covid;Pre-covid
2018;10;Cataluña;Patatas;18920.88;17287.62;0.91;83.54;2.73;2.5;2018-10-01;Pre-covid;Pre-covid
2018;10;Cataluña;Patatas frescas;13349.62;11241.48;0.84;72.11;1.93;1.62;2018-10-01;Pre-covid;Pre-covid
2018;10;Cataluña;Patatas congeladas;629.88;908.54;1.44;13.33;0.09;0.13;2018-10-01;Pre-covid;Pre-covid
2018;10;Cataluña;Patatas procesadas;988.27;5137.6;5.2;52.21;0.14;0.74;2018-10-01;Pre-covid;Pre-covid
2018;10;Cataluña;Patatas fritas;774.06;4821.34;6.23;50.35;0.11;0.7;2018-10-01;Pre-covid;Pre-covid
2018;10;Cataluña;Hortalizas frescas;40345.93;78407.23;1.94;97.39;5.83;11.33;2018-10-01;Pre-covid;Pre-covid
2018;10;Cataluña;Omates;8671.85;15961.89;1.84;83.95;1.25;2.31;2018-10-01;Pre-covid;Pre-covid
2018;10;Cataluña;Cebollas;5088.26;5598.2;1.1;71.07;0.74;0.81;2018-10-01;Pre-covid;Pre-covid
2018;10;Cataluña;Ajos;291.73;1231.67;4.22;28.12;0.04;0.18;2018-10-01;Pre-covid;Pre-covid
2018;10;Cataluña;Coles;939.65;1053.34;1.12;18.55;0.14;0.15;2018-10-01;Pre-covid;Pre-covid
2018;10;Cataluña;Pepinos;1078.34;1580.71;1.47;34.22;0.16;0.23;2018-10-01;Pre-covid;Pre-covid
2018;10;Cataluña;Judias verdes;1343.22;4652.85;3.46;36.19;0.19;0.67;2018-10-01;Pre-covid;Pre-covid
2018;10;Cataluña;Pimientos;3311.15;6002.91;1.81;66.05;0.48;0.87;2018-10-01;Pre-covid;Pre-covid
2018;10;Cataluña;Champiñoneso setas;1348.13;6820.66;5.06;46.56;0.19;0.99;2018-10-01;Pre-covid;Pre-covid
2018;10;Cataluña;Lechuga/esc /endivia;2293.71;7038.19;3.07;64.84;0.33;1.02;2018-10-01;Pre-covid;Pre-covid
2018;10;Cataluña;Esparragos;575.0;1249.85;2.17;11.73;0.08;0.18;2018-10-01;Pre-covid;Pre-covid
2018;10;Cataluña;Verduras de hoja;865.79;2179.32;2.52;28.07;0.13;0.31;2018-10-01;Pre-covid;Pre-covid
2018;10;Cataluña;Berenjenas;1286.66;2019.84;1.57;37.11;0.19;0.29;2018-10-01;Pre-covid;Pre-covid
2018;10;Cataluña;Zanahorias;2091.94;2009.43;0.96;56.15;0.3;0.29;2018-10-01;Pre-covid;Pre-covid
2018;10;Cataluña;Calabacines;2774.9;3781.95;1.36;57.41;0.4;0.55;2018-10-01;Pre-covid;Pre-covid
2018;10;Cataluña;Otr hortalizas/verd ;8385.61;17226.38;2.05;81.74;1.21;2.49;2018-10-01;Pre-covid;Pre-covid
2018;10;Cataluña;Brocoli;968.97;1608.95;1.66;24.76;0.14;0.23;2018-10-01;Pre-covid;Pre-covid
2018;10;Cataluña;Alcachofas;154.58;465.84;3.01;7.07;0.02;0.07;2018-10-01;Pre-covid;Pre-covid
2018;10;Cataluña;Verd /hort  iv gama;5145.15;12508.04;2.43;72.18;0.74;1.81;2018-10-01;Pre-covid;Pre-covid
2018;10;Extremadura;Patatas;2729.05;2180.04;0.8;72.1;2.31;1.85;2018-10-01;Pre-covid;Pre-covid
2018;10;Extremadura;Patatas frescas;2132.06;1551.55;0.73;58.9;1.81;1.32;2018-10-01;Pre-covid;Pre-covid
2018;10;Extremadura;Patatas congeladas;84.69;104.19;1.23;6.68;0.07;0.09;2018-10-01;Pre-covid;Pre-covid
2018;10;Extremadura;Patatas procesadas;102.46;524.3;5.12;40.81;0.09;0.44;2018-10-01;Pre-covid;Pre-covid
2018;10;Extremadura;Patatas fritas;92.48;512.26;5.54;39.7;0.08;0.43;2018-10-01;Pre-covid;Pre-covid
2018;10;Extremadura;Hortalizas frescas;7342.52;13332.94;1.82;97.39;6.23;11.31;2018-10-01;Pre-covid;Pre-covid
2018;10;Extremadura;Omates;1788.37;2771.84;1.55;76.4;1.52;2.35;2018-10-01;Pre-covid;Pre-covid
2018;10;Extremadura;Cebollas;740.01;889.45;1.2;62.74;0.63;0.75;2018-10-01;Pre-covid;Pre-covid
2018;10;Extremadura;Ajos;92.06;295.48;3.21;23.05;0.08;0.25;2018-10-01;Pre-covid;Pre-covid
2018;10;Extremadura;Coles;95.38;143.31;1.5;23.71;0.08;0.12;2018-10-01;Pre-covid;Pre-covid
2018;10;Extremadura;Pepinos;264.06;413.14;1.56;47.18;0.22;0.35;2018-10-01;Pre-covid;Pre-covid
2018;10;Extremadura;Judias verdes;88.13;239.09;2.71;17.45;0.07;0.2;2018-10-01;Pre-covid;Pre-covid
2018;10;Extremadura;Pimientos;1745.63;3398.06;1.95;61.59;1.48;2.88;2018-10-01;Pre-covid;Pre-covid
2018;10;Extremadura;Champiñoneso setas;82.08;481.18;5.86;37.45;0.07;0.41;2018-10-01;Pre-covid;Pre-covid
2018;10;Extremadura;Lechuga/esc /endivia;251.71;763.35;3.03;51.72;0.21;0.65;2018-10-01;Pre-covid;Pre-covid
2018;10;Extremadura;Esparragos;3.58;19.61;5.47;2.46;0.0;0.02;2018-10-01;Pre-covid;Pre-covid
2018;10;Extremadura;Verduras de hoja;216.95;333.55;1.54;27.14;0.18;0.28;2018-10-01;Pre-covid;Pre-covid
2018;10;Extremadura;Berenjenas;404.68;660.53;1.63;36.14;0.34;0.56;2018-10-01;Pre-covid;Pre-covid
2018;10;Extremadura;Zanahorias;381.51;412.43;1.08;45.71;0.32;0.35;2018-10-01;Pre-covid;Pre-covid
2018;10;Extremadura;Calabacines;499.55;1000.04;2.0;51.17;0.42;0.85;2018-10-01;Pre-covid;Pre-covid
2018;10;Extremadura;Otr hortalizas/verd ;688.82;1511.88;2.19;73.86;0.58;1.28;2018-10-01;Pre-covid;Pre-covid
2018;10;Extremadura;Brocoli;89.89;144.65;1.61;20.0;0.08;0.12;2018-10-01;Pre-covid;Pre-covid
2018;10;Extremadura;Alcachofas;1.55;2.31;1.49;0.6;0.0;0.0;2018-10-01;Pre-covid;Pre-covid
2018;10;Extremadura;Verd /hort  iv gama;572.7;1376.04;2.4;64.06;0.49;1.17;2018-10-01;Pre-covid;Pre-covid
2018;10;Galicia;Patatas;11478.5;10651.97;0.93;67.36;4.14;3.85;2018-10-01;Pre-covid;Pre-covid
2018;10;Galicia;Patatas frescas;10315.27;9316.54;0.9;53.7;3.72;3.36;2018-10-01;Pre-covid;Pre-covid
2018;10;Galicia;Patatas congeladas;155.59;195.27;1.26;5.78;0.06;0.07;2018-10-01;Pre-covid;Pre-covid
2018;10;Galicia;Patatas procesadas;201.53;1140.16;5.66;35.77;0.07;0.41;2018-10-01;Pre-covid;Pre-covid
2018;10;Galicia;Patatas fritas;171.33;1099.88;6.42;34.66;0.06;0.4;2018-10-01;Pre-covid;Pre-covid
2018;10;Galicia;Hortalizas frescas;16702.87;30262.03;1.81;94.82;6.03;10.92;2018-10-01;Pre-covid;Pre-covid
2018;10;Galicia;Omates;3616.25;6720.36;1.86;63.35;1.31;2.43;2018-10-01;Pre-covid;Pre-covid
2018;10;Galicia;Cebollas;2354.03;2391.5;1.02;48.39;0.85;0.86;2018-10-01;Pre-covid;Pre-covid
2018;10;Galicia;Ajos;184.38;699.65;3.79;34.77;0.07;0.25;2018-10-01;Pre-covid;Pre-covid
2018;10;Galicia;Coles;834.67;991.58;1.19;21.92;0.3;0.36;2018-10-01;Pre-covid;Pre-covid
2018;10;Galicia;Pepinos;389.35;448.21;1.15;16.73;0.14;0.16;2018-10-01;Pre-covid;Pre-covid
2018;10;Galicia;Judias verdes;431.36;1256.1;2.91;17.79;0.16;0.45;2018-10-01;Pre-covid;Pre-covid
2018;10;Galicia;Pimientos;3185.38;6798.02;2.13;59.72;1.15;2.45;2018-10-01;Pre-covid;Pre-covid
2018;10;Galicia;Champiñoneso setas;154.41;648.95;4.2;24.19;0.06;0.23;2018-10-01;Pre-covid;Pre-covid
2018;10;Galicia;Lechuga/esc /endivia;1474.85;3372.66;2.29;55.06;0.53;1.22;2018-10-01;Pre-covid;Pre-covid
2018;10;Galicia;Esparragos;42.88;88.59;2.07;2.26;0.02;0.03;2018-10-01;Pre-covid;Pre-covid
2018;10;Galicia;Verduras de hoja;257.61;571.44;2.22;19.4;0.09;0.21;2018-10-01;Pre-covid;Pre-covid
2018;10;Galicia;Berenjenas;479.61;712.14;1.48;27.91;0.17;0.26;2018-10-01;Pre-covid;Pre-covid
2018;10;Galicia;Zanahorias;915.53;840.2;0.92;57.0;0.33;0.3;2018-10-01;Pre-covid;Pre-covid
2018;10;Galicia;Calabacines;622.19;1083.29;1.74;40.52;0.22;0.39;2018-10-01;Pre-covid;Pre-covid
2018;10;Galicia;Otr hortalizas/verd ;1760.38;3639.34;2.07;63.71;0.64;1.31;2018-10-01;Pre-covid;Pre-covid
2018;10;Galicia;Brocoli;348.35;664.71;1.91;26.4;0.13;0.24;2018-10-01;Pre-covid;Pre-covid
2018;10;Galicia;Alcachofas;0.77;2.07;2.68;0.21;0.0;0.0;2018-10-01;Pre-covid;Pre-covid
2018;10;Galicia;Verd /hort  iv gama;1256.12;2877.93;2.29;52.75;0.45;1.04;2018-10-01;Pre-covid;Pre-covid
2018;10;La rioja;Patatas;953.89;1000.46;1.05;69.28;3.01;3.16;2018-10-01;Pre-covid;Pre-covid
2018;10;La rioja;Patatas frescas;849.1;898.98;1.06;71.54;2.68;2.84;2018-10-01;Pre-covid;Pre-covid
2018;10;La rioja;Patatas congeladas;9.85;11.16;1.13;7.17;0.03;0.04;2018-10-01;Pre-covid;Pre-covid
2018;10;La rioja;Patatas procesadas;18.99;90.33;4.76;22.33;0.06;0.29;2018-10-01;Pre-covid;Pre-covid
2018;10;La rioja;Patatas fritas;15.36;86.38;5.62;20.15;0.05;0.27;2018-10-01;Pre-covid;Pre-covid
2018;10;La rioja;Hortalizas frescas;1967.39;3475.25;1.77;90.88;6.22;10.98;2018-10-01;Pre-covid;Pre-covid
2018;10;La rioja;Omates;352.06;559.39;1.59;56.86;1.11;1.77;2018-10-01;Pre-covid;Pre-covid
2018;10;La rioja;Cebollas;183.75;258.18;1.41;48.03;0.58;0.82;2018-10-01;Pre-covid;Pre-covid
2018;10;La rioja;Ajos;26.62;117.11;4.4;23.92;0.08;0.37;2018-10-01;Pre-covid;Pre-covid
2018;10;La rioja;Coles;38.42;39.65;1.03;11.69;0.12;0.13;2018-10-01;Pre-covid;Pre-covid
2018;10;La rioja;Pepinos;65.52;99.56;1.52;31.55;0.21;0.31;2018-10-01;Pre-covid;Pre-covid
2018;10;La rioja;Judias verdes;43.36;155.26;3.58;45.13;0.14;0.49;2018-10-01;Pre-covid;Pre-covid
2018;10;La rioja;Pimientos;747.25;1123.21;1.5;47.51;2.36;3.55;2018-10-01;Pre-covid;Pre-covid
2018;10;La rioja;Champiñoneso setas;38.84;151.89;3.91;34.86;0.12;0.48;2018-10-01;Pre-covid;Pre-covid
2018;10;La rioja;Lechuga/esc /endivia;99.37;284.98;2.87;45.46;0.31;0.9;2018-10-01;Pre-covid;Pre-covid
2018;10;La rioja;Esparragos;5.35;6.91;1.29;1.56;0.02;0.02;2018-10-01;Pre-covid;Pre-covid
2018;10;La rioja;Verduras de hoja;17.98;53.47;2.97;20.43;0.06;0.17;2018-10-01;Pre-covid;Pre-covid
2018;10;La rioja;Berenjenas;25.08;42.43;1.69;10.18;0.08;0.13;2018-10-01;Pre-covid;Pre-covid
2018;10;La rioja;Zanahorias;66.58;55.79;0.84;50.85;0.21;0.18;2018-10-01;Pre-covid;Pre-covid
2018;10;La rioja;Calabacines;68.21;113.07;1.66;46.56;0.22;0.36;2018-10-01;Pre-covid;Pre-covid
2018;10;La rioja;Otr hortalizas/verd ;188.99;414.36;2.19;61.62;0.6;1.31;2018-10-01;Pre-covid;Pre-covid
2018;10;La rioja;Brocoli;52.74;57.51;1.09;9.32;0.17;0.18;2018-10-01;Pre-covid;Pre-covid
2018;10;La rioja;Alcachofas;0.0;0.0;0.0;0.0;0.0;0.0;2018-10-01;Pre-covid;Pre-covid
2018;10;La rioja;Verd /hort  iv gama;170.44;492.7;2.89;47.12;0.54;1.56;2018-10-01;Pre-covid;Pre-covid
2018;10;Madrid;Patatas;14618.73;12459.92;0.85;79.26;2.35;2.0;2018-10-01;Pre-covid;Pre-covid
2018;10;Madrid;Patatas frescas;10326.48;8235.01;0.8;66.92;1.66;1.32;2018-10-01;Pre-covid;Pre-covid
2018;10;Madrid;Patatas congeladas;494.25;647.68;1.31;10.88;0.08;0.1;2018-10-01;Pre-covid;Pre-covid
2018;10;Madrid;Patatas procesadas;759.6;3577.23;4.71;46.88;0.12;0.57;2018-10-01;Pre-covid;Pre-covid
2018;10;Madrid;Patatas fritas;545.97;3259.81;5.97;44.02;0.09;0.52;2018-10-01;Pre-covid;Pre-covid
2018;10;Madrid;Hortalizas frescas;31891.55;60494.17;1.9;96.42;5.12;9.72;2018-10-01;Pre-covid;Pre-covid
2018;10;Madrid;Omates;6790.28;11741.43;1.73;81.97;1.09;1.89;2018-10-01;Pre-covid;Pre-covid
2018;10;Madrid;Cebollas;4171.43;5045.15;1.21;66.8;0.67;0.81;2018-10-01;Pre-covid;Pre-covid
2018;10;Madrid;Ajos;574.07;2156.54;3.76;37.78;0.09;0.35;2018-10-01;Pre-covid;Pre-covid
2018;10;Madrid;Coles;769.54;908.59;1.18;21.09;0.12;0.15;2018-10-01;Pre-covid;Pre-covid
2018;10;Madrid;Pepinos;902.95;1291.03;1.43;31.21;0.15;0.21;2018-10-01;Pre-covid;Pre-covid
2018;10;Madrid;Judias verdes;1203.56;3451.43;2.87;34.54;0.19;0.55;2018-10-01;Pre-covid;Pre-covid
2018;10;Madrid;Pimientos;2631.73;4631.33;1.76;66.14;0.42;0.74;2018-10-01;Pre-covid;Pre-covid
2018;10;Madrid;Champiñoneso setas;714.92;3494.59;4.89;40.68;0.11;0.56;2018-10-01;Pre-covid;Pre-covid
2018;10;Madrid;Lechuga/esc /endivia;1394.92;4400.06;3.15;59.53;0.22;0.71;2018-10-01;Pre-covid;Pre-covid
2018;10;Madrid;Esparragos;224.07;779.94;3.48;11.73;0.04;0.13;2018-10-01;Pre-covid;Pre-covid
2018;10;Madrid;Verduras de hoja;855.84;1941.5;2.27;32.63;0.14;0.31;2018-10-01;Pre-covid;Pre-covid
2018;10;Madrid;Berenjenas;783.29;1234.75;1.58;31.17;0.13;0.2;2018-10-01;Pre-covid;Pre-covid
2018;10;Madrid;Zanahorias;2338.41;2520.95;1.08;62.1;0.38;0.41;2018-10-01;Pre-covid;Pre-covid
2018;10;Madrid;Calabacines;2785.74;3772.66;1.35;57.57;0.45;0.61;2018-10-01;Pre-covid;Pre-covid
2018;10;Madrid;Otr hortalizas/verd ;5750.79;13124.23;2.28;81.06;0.92;2.11;2018-10-01;Pre-covid;Pre-covid
2018;10;Madrid;Brocoli;560.82;1053.81;1.88;23.15;0.09;0.17;2018-10-01;Pre-covid;Pre-covid
2018;10;Madrid;Alcachofas;46.5;122.16;2.63;3.19;0.01;0.02;2018-10-01;Pre-covid;Pre-covid
2018;10;Madrid;Verd /hort  iv gama;4657.47;11695.25;2.51;70.55;0.75;1.88;2018-10-01;Pre-covid;Pre-covid
2018;10;Murcia;Patatas;3156.55;2666.09;0.84;82.94;2.22;1.87;2018-10-01;Pre-covid;Pre-covid
2018;10;Murcia;Patatas frescas;2228.97;1661.28;0.75;67.6;1.57;1.17;2018-10-01;Pre-covid;Pre-covid
2018;10;Murcia;Patatas congeladas;137.54;184.29;1.34;14.62;0.1;0.13;2018-10-01;Pre-covid;Pre-covid
2018;10;Murcia;Patatas procesadas;158.01;820.52;5.19;52.07;0.11;0.58;2018-10-01;Pre-covid;Pre-covid
2018;10;Murcia;Patatas fritas;133.38;783.36;5.87;49.59;0.09;0.55;2018-10-01;Pre-covid;Pre-covid
2018;10;Murcia;Hortalizas frescas;6720.15;11736.14;1.75;96.4;4.72;8.24;2018-10-01;Pre-covid;Pre-covid
2018;10;Murcia;Omates;1620.55;2603.68;1.61;85.13;1.14;1.83;2018-10-01;Pre-covid;Pre-covid
2018;10;Murcia;Cebollas;957.55;931.95;0.97;67.01;0.67;0.65;2018-10-01;Pre-covid;Pre-covid
2018;10;Murcia;Ajos;43.48;159.76;3.67;30.25;0.03;0.11;2018-10-01;Pre-covid;Pre-covid
2018;10;Murcia;Coles;62.74;71.93;1.15;7.25;0.04;0.05;2018-10-01;Pre-covid;Pre-covid
2018;10;Murcia;Pepinos;360.2;478.87;1.33;33.63;0.25;0.34;2018-10-01;Pre-covid;Pre-covid
2018;10;Murcia;Judias verdes;180.84;585.03;3.24;43.24;0.13;0.41;2018-10-01;Pre-covid;Pre-covid
2018;10;Murcia;Pimientos;658.59;1149.37;1.75;64.76;0.46;0.81;2018-10-01;Pre-covid;Pre-covid
2018;10;Murcia;Champiñoneso setas;145.33;618.62;4.26;40.52;0.1;0.43;2018-10-01;Pre-covid;Pre-covid
2018;10;Murcia;Lechuga/esc /endivia;393.29;987.23;2.51;59.13;0.28;0.69;2018-10-01;Pre-covid;Pre-covid
2018;10;Murcia;Esparragos;102.42;218.82;2.14;13.01;0.07;0.15;2018-10-01;Pre-covid;Pre-covid
2018;10;Murcia;Verduras de hoja;71.39;198.4;2.78;24.03;0.05;0.14;2018-10-01;Pre-covid;Pre-covid
2018;10;Murcia;Berenjenas;362.95;605.01;1.67;38.74;0.25;0.42;2018-10-01;Pre-covid;Pre-covid
2018;10;Murcia;Zanahorias;317.31;258.57;0.81;54.66;0.22;0.18;2018-10-01;Pre-covid;Pre-covid
2018;10;Murcia;Calabacines;494.86;632.6;1.28;55.17;0.35;0.44;2018-10-01;Pre-covid;Pre-covid
2018;10;Murcia;Otr hortalizas/verd ;948.65;2236.3;2.36;79.41;0.67;1.57;2018-10-01;Pre-covid;Pre-covid
2018;10;Murcia;Brocoli;112.32;226.38;2.02;24.54;0.08;0.16;2018-10-01;Pre-covid;Pre-covid
2018;10;Murcia;Alcachofas;41.98;106.43;2.54;15.09;0.03;0.07;2018-10-01;Pre-covid;Pre-covid
2018;10;Murcia;Verd /hort  iv gama;998.52;2289.21;2.29;61.02;0.7;1.61;2018-10-01;Pre-covid;Pre-covid
2018;10;Navarra;Patatas;1246.09;1092.87;0.88;70.87;2.1;1.85;2018-10-01;Pre-covid;Pre-covid
2018;10;Navarra;Patatas frescas;820.05;721.76;0.88;52.26;1.38;1.22;2018-10-01;Pre-covid;Pre-covid
2018;10;Navarra;Patatas congeladas;21.56;38.89;1.8;8.69;0.04;0.07;2018-10-01;Pre-covid;Pre-covid
2018;10;Navarra;Patatas procesadas;80.9;332.22;4.11;31.13;0.14;0.56;2018-10-01;Pre-covid;Pre-covid
2018;10;Navarra;Patatas fritas;37.15;260.47;7.01;30.52;0.06;0.44;2018-10-01;Pre-covid;Pre-covid
2018;10;Navarra;Hortalizas frescas;2612.83;5028.56;1.92;96.92;4.41;8.49;2018-10-01;Pre-covid;Pre-covid
2018;10;Navarra;Omates;339.95;655.6;1.93;56.78;0.57;1.11;2018-10-01;Pre-covid;Pre-covid
2018;10;Navarra;Cebollas;265.99;312.56;1.18;61.56;0.45;0.53;2018-10-01;Pre-covid;Pre-covid
2018;10;Navarra;Ajos;30.67;177.2;5.78;45.7;0.05;0.3;2018-10-01;Pre-covid;Pre-covid
2018;10;Navarra;Coles;59.82;74.8;1.25;11.4;0.1;0.13;2018-10-01;Pre-covid;Pre-covid
2018;10;Navarra;Pepinos;66.62;87.9;1.32;12.76;0.11;0.15;2018-10-01;Pre-covid;Pre-covid
2018;10;Navarra;Judias verdes;83.97;318.18;3.79;33.31;0.14;0.54;2018-10-01;Pre-covid;Pre-covid
2018;10;Navarra;Pimientos;319.3;696.01;2.18;48.56;0.54;1.18;2018-10-01;Pre-covid;Pre-covid
2018;10;Navarra;Champiñoneso setas;60.41;304.53;5.04;42.32;0.1;0.51;2018-10-01;Pre-covid;Pre-covid
2018;10;Navarra;Lechuga/esc /endivia;278.54;664.83;2.39;60.87;0.47;1.12;2018-10-01;Pre-covid;Pre-covid
2018;10;Navarra;Esparragos;1.19;5.72;4.82;1.21;0.0;0.01;2018-10-01;Pre-covid;Pre-covid
2018;10;Navarra;Verduras de hoja;69.06;153.14;2.22;21.58;0.12;0.26;2018-10-01;Pre-covid;Pre-covid
2018;10;Navarra;Berenjenas;52.93;85.74;1.62;31.87;0.09;0.14;2018-10-01;Pre-covid;Pre-covid
2018;10;Navarra;Zanahorias;145.8;129.23;0.89;62.13;0.25;0.22;2018-10-01;Pre-covid;Pre-covid
2018;10;Navarra;Calabacines;160.26;218.01;1.36;50.91;0.27;0.37;2018-10-01;Pre-covid;Pre-covid
2018;10;Navarra;Otr hortalizas/verd ;678.31;1145.11;1.69;70.75;1.15;1.93;2018-10-01;Pre-covid;Pre-covid
2018;10;Navarra;Brocoli;243.53;230.5;0.95;24.78;0.41;0.39;2018-10-01;Pre-covid;Pre-covid
2018;10;Navarra;Alcachofas;80.16;106.01;1.32;5.72;0.14;0.18;2018-10-01;Pre-covid;Pre-covid
2018;10;Navarra;Verd /hort  iv gama;304.11;846.78;2.78;58.28;0.51;1.43;2018-10-01;Pre-covid;Pre-covid
2018;10;Pais vasco;Patatas;5462.75;4785.44;0.88;82.8;2.64;2.31;2018-10-01;Pre-covid;Pre-covid
2018;10;Pais vasco;Patatas frescas;3980.88;3271.41;0.82;73.91;1.92;1.58;2018-10-01;Pre-covid;Pre-covid
2018;10;Pais vasco;Patatas congeladas;98.16;133.37;1.36;6.09;0.05;0.06;2018-10-01;Pre-covid;Pre-covid
2018;10;Pais vasco;Patatas procesadas;276.74;1380.66;4.99;40.06;0.13;0.67;2018-10-01;Pre-covid;Pre-covid
2018;10;Pais vasco;Patatas fritas;199.44;1272.24;6.38;36.78;0.1;0.61;2018-10-01;Pre-covid;Pre-covid
2018;10;Pais vasco;Hortalizas frescas;11517.93;22587.85;1.96;96.77;5.56;10.91;2018-10-01;Pre-covid;Pre-covid
2018;10;Pais vasco;Omates;2579.66;5592.75;2.17;72.07;1.25;2.7;2018-10-01;Pre-covid;Pre-covid
2018;10;Pais vasco;Cebollas;1376.39;1723.01;1.25;72.37;0.66;0.83;2018-10-01;Pre-covid;Pre-covid
2018;10;Pais vasco;Ajos;148.17;603.15;4.07;32.68;0.07;0.29;2018-10-01;Pre-covid;Pre-covid
2018;10;Pais vasco;Coles;334.46;380.78;1.14;24.92;0.16;0.18;2018-10-01;Pre-covid;Pre-covid
2018;10;Pais vasco;Pepinos;261.35;412.04;1.58;24.66;0.13;0.2;2018-10-01;Pre-covid;Pre-covid
2018;10;Pais vasco;Judias verdes;411.48;1244.41;3.02;35.49;0.2;0.6;2018-10-01;Pre-covid;Pre-covid
2018;10;Pais vasco;Pimientos;1692.44;2740.11;1.62;71.08;0.82;1.32;2018-10-01;Pre-covid;Pre-covid
2018;10;Pais vasco;Champiñoneso setas;380.69;1461.75;3.84;43.41;0.18;0.71;2018-10-01;Pre-covid;Pre-covid
2018;10;Pais vasco;Lechuga/esc /endivia;941.72;2104.3;2.23;61.66;0.45;1.02;2018-10-01;Pre-covid;Pre-covid
2018;10;Pais vasco;Esparragos;21.15;132.44;6.26;5.63;0.01;0.06;2018-10-01;Pre-covid;Pre-covid
2018;10;Pais vasco;Verduras de hoja;265.4;556.96;2.1;21.42;0.13;0.27;2018-10-01;Pre-covid;Pre-covid
2018;10;Pais vasco;Berenjenas;162.2;252.31;1.56;21.14;0.08;0.12;2018-10-01;Pre-covid;Pre-covid
2018;10;Pais vasco;Zanahorias;724.62;678.83;0.94;63.64;0.35;0.33;2018-10-01;Pre-covid;Pre-covid
2018;10;Pais vasco;Calabacines;642.46;903.55;1.41;46.15;0.31;0.44;2018-10-01;Pre-covid;Pre-covid
2018;10;Pais vasco;Otr hortalizas/verd ;1575.72;3801.49;2.41;81.38;0.76;1.84;2018-10-01;Pre-covid;Pre-covid
2018;10;Pais vasco;Brocoli;237.17;371.19;1.57;20.03;0.11;0.18;2018-10-01;Pre-covid;Pre-covid
2018;10;Pais vasco;Alcachofas;2.71;7.98;2.95;0.65;0.0;0.0;2018-10-01;Pre-covid;Pre-covid
2018;10;Pais vasco;Verd /hort  iv gama;1532.73;3205.78;2.09;66.34;0.74;1.55;2018-10-01;Pre-covid;Pre-covid
2018;10;Valencia;Patatas;11721.62;10251.59;0.87;82.32;2.48;2.17;2018-10-01;Pre-covid;Pre-covid
2018;10;Valencia;Patatas frescas;8248.81;6589.32;0.8;70.93;1.74;1.39;2018-10-01;Pre-covid;Pre-covid
2018;10;Valencia;Patatas congeladas;352.87;506.22;1.43;11.37;0.07;0.11;2018-10-01;Pre-covid;Pre-covid
2018;10;Valencia;Patatas procesadas;623.99;3156.05;5.06;52.41;0.13;0.67;2018-10-01;Pre-covid;Pre-covid
2018;10;Valencia;Patatas fritas;560.9;3065.98;5.47;50.93;0.12;0.65;2018-10-01;Pre-covid;Pre-covid
2018;10;Valencia;Hortalizas frescas;23514.29;44849.72;1.91;97.38;4.97;9.48;2018-10-01;Pre-covid;Pre-covid
2018;10;Valencia;Omates;4841.25;8093.54;1.67;79.88;1.02;1.71;2018-10-01;Pre-covid;Pre-covid
2018;10;Valencia;Cebollas;3143.29;3172.63;1.01;64.98;0.66;0.67;2018-10-01;Pre-covid;Pre-covid
2018;10;Valencia;Ajos;207.82;896.79;4.32;27.56;0.04;0.19;2018-10-01;Pre-covid;Pre-covid
2018;10;Valencia;Coles;248.88;346.6;1.39;12.89;0.05;0.07;2018-10-01;Pre-covid;Pre-covid
2018;10;Valencia;Pepinos;1176.08;1670.8;1.42;39.47;0.25;0.35;2018-10-01;Pre-covid;Pre-covid
2018;10;Valencia;Judias verdes;689.99;2264.56;3.28;34.69;0.15;0.48;2018-10-01;Pre-covid;Pre-covid
2018;10;Valencia;Pimientos;1929.21;3431.61;1.78;62.35;0.41;0.73;2018-10-01;Pre-covid;Pre-covid
2018;10;Valencia;Champiñoneso setas;900.65;3947.01;4.38;54.64;0.19;0.83;2018-10-01;Pre-covid;Pre-covid
2018;10;Valencia;Lechuga/esc /endivia;1483.8;4414.52;2.98;63.04;0.31;0.93;2018-10-01;Pre-covid;Pre-covid
2018;10;Valencia;Esparragos;189.63;648.5;3.42;9.95;0.04;0.14;2018-10-01;Pre-covid;Pre-covid
2018;10;Valencia;Verduras de hoja;580.9;1442.19;2.48;31.31;0.12;0.3;2018-10-01;Pre-covid;Pre-covid
2018;10;Valencia;Berenjenas;1101.36;1613.21;1.46;39.26;0.23;0.34;2018-10-01;Pre-covid;Pre-covid
2018;10;Valencia;Zanahorias;1371.07;1241.58;0.91;52.67;0.29;0.26;2018-10-01;Pre-covid;Pre-covid
2018;10;Valencia;Calabacines;1340.23;1737.22;1.3;49.37;0.28;0.37;2018-10-01;Pre-covid;Pre-covid
2018;10;Valencia;Otr hortalizas/verd ;4310.12;9928.98;2.3;84.16;0.91;2.1;2018-10-01;Pre-covid;Pre-covid
2018;10;Valencia;Brocoli;384.82;687.56;1.79;19.07;0.08;0.15;2018-10-01;Pre-covid;Pre-covid
2018;10;Valencia;Alcachofas;306.89;927.15;3.02;13.34;0.06;0.2;2018-10-01;Pre-covid;Pre-covid
2018;10;Valencia;Verd /hort  iv gama;3287.0;8125.31;2.47;75.84;0.69;1.72;2018-10-01;Pre-covid;Pre-covid
2018;10;Nacional;Frutas frescas;352756.55;586426.38;1.66;94.86;7.73;12.85;2018-10-01;Pre-covid;Pre-covid
2018;10;Nacional;Naranjas;38313.49;51743.8;1.35;39.58;0.84;1.13;2018-10-01;Pre-covid;Pre-covid
2018;10;Nacional;Mandarinas;23546.76;35491.86;1.51;48.67;0.52;0.78;2018-10-01;Pre-covid;Pre-covid
2018;10;Nacional;Limones;10503.8;20258.65;1.93;41.89;0.23;0.44;2018-10-01;Pre-covid;Pre-covid
2018;10;Nacional;Platanos;46170.88;76099.3;1.65;76.49;1.01;1.67;2018-10-01;Pre-covid;Pre-covid
2018;10;Nacional;Manzanas;46714.98;70431.72;1.51;64.39;1.02;1.54;2018-10-01;Pre-covid;Pre-covid
2018;10;Nacional;Peras;24544.48;36872.22;1.5;52.39;0.54;0.81;2018-10-01;Pre-covid;Pre-covid
2018;10;Nacional;Melocotones;16796.19;33350.3;1.99;35.31;0.37;0.73;2018-10-01;Pre-covid;Pre-covid
2018;10;Nacional;Nectarinas;3947.63;6052.54;1.53;14.75;0.09;0.13;2018-10-01;Pre-covid;Pre-covid
2018;10;Nacional;Albaricoques;627.45;1763.76;2.81;1.37;0.01;0.04;2018-10-01;Pre-covid;Pre-covid
2018;10;Nacional;Fresas/freson;1094.03;3630.05;3.32;6.11;0.02;0.08;2018-10-01;Pre-covid;Pre-covid
2018;10;Nacional;Melon;43584.42;41513.24;0.95;40.15;0.96;0.91;2018-10-01;Pre-covid;Pre-covid
2018;10;Nacional;Sandia;13908.89;10845.18;0.78;15.75;0.3;0.24;2018-10-01;Pre-covid;Pre-covid
2018;10;Nacional;Ciruelas;7834.43;14763.38;1.88;28.67;0.17;0.32;2018-10-01;Pre-covid;Pre-covid
2018;10;Nacional;Cerezas;723.43;2052.39;2.84;1.18;0.02;0.04;2018-10-01;Pre-covid;Pre-covid
2018;10;Nacional;Uvas;20245.07;45118.57;2.23;43.22;0.44;0.99;2018-10-01;Pre-covid;Pre-covid
2018;10;Nacional;Kiwi;11382.52;35854.73;3.15;35.01;0.25;0.79;2018-10-01;Pre-covid;Pre-covid
2018;10;Nacional;Aguacate;5047.99;17239.66;3.42;26.69;0.11;0.38;2018-10-01;Pre-covid;Pre-covid
2018;10;Nacional;Piña;5967.47;10142.77;1.7;15.52;0.13;0.22;2018-10-01;Pre-covid;Pre-covid
2018;10;Nacional;Otras frutas frescas;31802.64;73202.26;2.3;55.15;0.7;1.6;2018-10-01;Pre-covid;Pre-covid
2018;10;Nacional;Pomelo;1102.07;1925.61;1.75;2.82;0.02;0.04;2018-10-01;Pre-covid;Pre-covid
2018;10;Nacional;Chirimoya;7.81;24.38;3.12;0.04;0.0;0.0;2018-10-01;Pre-covid;Pre-covid
2018;10;Nacional;Frutas iv gama;16475.8;30956.06;1.88;27.84;0.36;0.68;2018-10-01;Pre-covid;Pre-covid
2018;10;Andalucia;Frutas frescas;57379.73;89432.18;1.56;94.72;6.6;10.29;2018-10-01;Pre-covid;Pre-covid
2018;10;Andalucia;Naranjas;5313.48;6979.01;1.31;34.78;0.61;0.8;2018-10-01;Pre-covid;Pre-covid
2018;10;Andalucia;Mandarinas;3185.39;4427.99;1.39;41.55;0.37;0.51;2018-10-01;Pre-covid;Pre-covid
2018;10;Andalucia;Limones;1576.34;2938.88;1.86;41.42;0.18;0.34;2018-10-01;Pre-covid;Pre-covid
2018;10;Andalucia;Platanos;8043.39;12320.93;1.53;79.04;0.93;1.42;2018-10-01;Pre-covid;Pre-covid
2018;10;Andalucia;Manzanas;6436.29;9457.81;1.47;64.31;0.74;1.09;2018-10-01;Pre-covid;Pre-covid
2018;10;Andalucia;Peras;3936.78;5709.98;1.45;52.09;0.45;0.66;2018-10-01;Pre-covid;Pre-covid
2018;10;Andalucia;Melocotones;2081.97;3994.98;1.92;32.83;0.24;0.46;2018-10-01;Pre-covid;Pre-covid
2018;10;Andalucia;Nectarinas;533.38;839.0;1.57;12.32;0.06;0.1;2018-10-01;Pre-covid;Pre-covid
2018;10;Andalucia;Albaricoques;24.43;41.98;1.72;1.2;0.0;0.0;2018-10-01;Pre-covid;Pre-covid
2018;10;Andalucia;Fresas/freson;193.94;556.63;2.87;5.82;0.02;0.06;2018-10-01;Pre-covid;Pre-covid
2018;10;Andalucia;Melon;8101.96;6937.1;0.86;40.72;0.93;0.8;2018-10-01;Pre-covid;Pre-covid
2018;10;Andalucia;Sandia;3246.13;2287.98;0.7;20.5;0.37;0.26;2018-10-01;Pre-covid;Pre-covid
2018;10;Andalucia;Ciruelas;1158.95;2151.64;1.86;27.87;0.13;0.25;2018-10-01;Pre-covid;Pre-covid
2018;10;Andalucia;Cerezas;20.14;36.04;1.79;0.68;0.0;0.0;2018-10-01;Pre-covid;Pre-covid
2018;10;Andalucia;Uvas;3487.61;7530.97;2.16;48.08;0.4;0.87;2018-10-01;Pre-covid;Pre-covid
2018;10;Andalucia;Kiwi;1421.47;4650.39;3.27;32.08;0.16;0.54;2018-10-01;Pre-covid;Pre-covid
2018;10;Andalucia;Aguacate;899.43;2767.18;3.08;27.67;0.1;0.32;2018-10-01;Pre-covid;Pre-covid
2018;10;Andalucia;Piña;851.32;1662.83;1.95;13.43;0.1;0.19;2018-10-01;Pre-covid;Pre-covid
2018;10;Andalucia;Otras frutas frescas;6867.32;14140.86;2.06;59.78;0.79;1.63;2018-10-01;Pre-covid;Pre-covid
2018;10;Andalucia;Pomelo;106.73;186.87;1.75;2.7;0.01;0.02;2018-10-01;Pre-covid;Pre-covid
2018;10;Andalucia;Chirimoya;0.0;0.0;0.0;0.0;0.0;0.0;2018-10-01;Pre-covid;Pre-covid
2018;10;Andalucia;Frutas iv gama;2876.37;4758.14;1.65;27.73;0.33;0.55;2018-10-01;Pre-covid;Pre-covid
2018;10;Aragon;Frutas frescas;10632.94;16854.04;1.59;91.66;8.1;12.84;2018-10-01;Pre-covid;Pre-covid
2018;10;Aragon;Naranjas;883.5;1115.97;1.26;37.41;0.67;0.85;2018-10-01;Pre-covid;Pre-covid
2018;10;Aragon;Mandarinas;811.86;1120.63;1.38;51.41;0.62;0.85;2018-10-01;Pre-covid;Pre-covid
2018;10;Aragon;Limones;253.54;454.16;1.79;38.38;0.19;0.35;2018-10-01;Pre-covid;Pre-covid
2018;10;Aragon;Platanos;1094.19;1719.79;1.57;68.08;0.83;1.31;2018-10-01;Pre-covid;Pre-covid
2018;10;Aragon;Manzanas;2043.29;2905.69;1.42;57.33;1.56;2.21;2018-10-01;Pre-covid;Pre-covid
2018;10;Aragon;Peras;635.74;945.38;1.49;51.27;0.48;0.72;2018-10-01;Pre-covid;Pre-covid
2018;10;Aragon;Melocotones;897.08;1702.1;1.9;48.09;0.68;1.3;2018-10-01;Pre-covid;Pre-covid
2018;10;Aragon;Nectarinas;118.29;161.2;1.36;17.78;0.09;0.12;2018-10-01;Pre-covid;Pre-covid
2018;10;Aragon;Albaricoques;1.07;0.9;0.84;0.58;0.0;0.0;2018-10-01;Pre-covid;Pre-covid
2018;10;Aragon;Fresas/freson;29.09;54.81;1.88;4.38;0.02;0.04;2018-10-01;Pre-covid;Pre-covid
2018;10;Aragon;Melon;1361.2;1386.66;1.02;47.32;1.04;1.06;2018-10-01;Pre-covid;Pre-covid
2018;10;Aragon;Sandia;397.32;417.9;1.05;18.61;0.3;0.32;2018-10-01;Pre-covid;Pre-covid
2018;10;Aragon;Ciruelas;222.45;395.49;1.78;32.52;0.17;0.3;2018-10-01;Pre-covid;Pre-covid
2018;10;Aragon;Cerezas;4.63;13.02;2.82;0.89;0.0;0.01;2018-10-01;Pre-covid;Pre-covid
2018;10;Aragon;Uvas;525.78;1132.35;2.15;42.63;0.4;0.86;2018-10-01;Pre-covid;Pre-covid
2018;10;Aragon;Kiwi;318.57;1015.84;3.19;43.21;0.24;0.77;2018-10-01;Pre-covid;Pre-covid
2018;10;Aragon;Aguacate;161.45;582.13;3.61;29.71;0.12;0.44;2018-10-01;Pre-covid;Pre-covid
2018;10;Aragon;Piña;175.7;267.71;1.52;19.83;0.13;0.2;2018-10-01;Pre-covid;Pre-covid
2018;10;Aragon;Otras frutas frescas;698.21;1462.28;2.09;48.52;0.53;1.11;2018-10-01;Pre-covid;Pre-covid
2018;10;Aragon;Pomelo;4.1;7.17;1.75;0.82;0.0;0.01;2018-10-01;Pre-covid;Pre-covid
2018;10;Aragon;Chirimoya;0.0;0.0;0.0;0.0;0.0;0.0;2018-10-01;Pre-covid;Pre-covid
2018;10;Aragon;Frutas iv gama;403.19;810.59;2.01;25.23;0.31;0.62;2018-10-01;Pre-covid;Pre-covid
2018;10;Asturias;Frutas frescas;8625.57;14273.98;1.65;96.61;7.96;13.17;2018-10-01;Pre-covid;Pre-covid
2018;10;Asturias;Naranjas;1174.77;1584.37;1.35;50.34;1.08;1.46;2018-10-01;Pre-covid;Pre-covid
2018;10;Asturias;Mandarinas;565.7;861.53;1.52;64.03;0.52;0.79;2018-10-01;Pre-covid;Pre-covid
2018;10;Asturias;Limones;244.15;470.5;1.93;36.18;0.23;0.43;2018-10-01;Pre-covid;Pre-covid
2018;10;Asturias;Platanos;1371.57;2331.63;1.7;77.72;1.27;2.15;2018-10-01;Pre-covid;Pre-covid
2018;10;Asturias;Manzanas;1402.2;1937.8;1.38;59.1;1.29;1.79;2018-10-01;Pre-covid;Pre-covid
2018;10;Asturias;Peras;666.53;1007.23;1.51;53.8;0.61;0.93;2018-10-01;Pre-covid;Pre-covid
2018;10;Asturias;Melocotones;219.97;445.71;2.03;29.14;0.2;0.41;2018-10-01;Pre-covid;Pre-covid
2018;10;Asturias;Nectarinas;118.64;192.64;1.62;18.73;0.11;0.18;2018-10-01;Pre-covid;Pre-covid
2018;10;Asturias;Albaricoques;0.0;0.0;0.0;0.0;0.0;0.0;2018-10-01;Pre-covid;Pre-covid
2018;10;Asturias;Fresas/freson;39.21;141.07;3.6;9.26;0.04;0.13;2018-10-01;Pre-covid;Pre-covid
2018;10;Asturias;Melon;559.85;461.55;0.82;30.96;0.52;0.43;2018-10-01;Pre-covid;Pre-covid
2018;10;Asturias;Sandia;235.11;255.45;1.09;17.56;0.22;0.24;2018-10-01;Pre-covid;Pre-covid
2018;10;Asturias;Ciruelas;224.47;451.73;2.01;28.72;0.21;0.42;2018-10-01;Pre-covid;Pre-covid
2018;10;Asturias;Cerezas;5.0;13.43;2.69;1.18;0.0;0.01;2018-10-01;Pre-covid;Pre-covid
2018;10;Asturias;Uvas;726.56;1527.18;2.1;54.25;0.67;1.41;2018-10-01;Pre-covid;Pre-covid
2018;10;Asturias;Kiwi;363.56;1113.98;3.06;36.6;0.34;1.03;2018-10-01;Pre-covid;Pre-covid
2018;10;Asturias;Aguacate;63.46;232.08;3.66;15.71;0.06;0.21;2018-10-01;Pre-covid;Pre-covid
2018;10;Asturias;Piña;103.81;118.8;1.14;9.28;0.1;0.11;2018-10-01;Pre-covid;Pre-covid
2018;10;Asturias;Otras frutas frescas;541.02;1127.28;2.08;45.14;0.5;1.04;2018-10-01;Pre-covid;Pre-covid
2018;10;Asturias;Pomelo;63.89;64.65;1.01;5.67;0.06;0.06;2018-10-01;Pre-covid;Pre-covid
2018;10;Asturias;Chirimoya;0.0;0.0;0.0;0.0;0.0;0.0;2018-10-01;Pre-covid;Pre-covid
2018;10;Asturias;Frutas iv gama;249.22;504.82;2.03;29.43;0.23;0.47;2018-10-01;Pre-covid;Pre-covid
2018;10;Baleares;Frutas frescas;7926.36;14130.74;1.78;92.52;7.69;13.72;2018-10-01;Pre-covid;Pre-covid
2018;10;Baleares;Naranjas;781.82;1086.19;1.39;33.26;0.76;1.05;2018-10-01;Pre-covid;Pre-covid
2018;10;Baleares;Mandarinas;330.65;575.98;1.74;35.64;0.32;0.56;2018-10-01;Pre-covid;Pre-covid
2018;10;Baleares;Limones;224.14;487.3;2.17;50.56;0.22;0.47;2018-10-01;Pre-covid;Pre-covid
2018;10;Baleares;Platanos;1152.17;2014.42;1.75;74.81;1.12;1.96;2018-10-01;Pre-covid;Pre-covid
2018;10;Baleares;Manzanas;758.39;1151.18;1.52;64.49;0.74;1.12;2018-10-01;Pre-covid;Pre-covid
2018;10;Baleares;Peras;596.98;991.99;1.66;51.74;0.58;0.96;2018-10-01;Pre-covid;Pre-covid
2018;10;Baleares;Melocotones;265.78;631.36;2.38;39.09;0.26;0.61;2018-10-01;Pre-covid;Pre-covid
2018;10;Baleares;Nectarinas;75.61;127.48;1.69;15.45;0.07;0.12;2018-10-01;Pre-covid;Pre-covid
2018;10;Baleares;Albaricoques;1.35;1.74;1.29;0.56;0.0;0.0;2018-10-01;Pre-covid;Pre-covid
2018;10;Baleares;Fresas/freson;42.13;193.8;4.6;6.82;0.04;0.19;2018-10-01;Pre-covid;Pre-covid
2018;10;Baleares;Melon;1175.26;1110.24;0.94;35.59;1.14;1.08;2018-10-01;Pre-covid;Pre-covid
2018;10;Baleares;Sandia;126.6;103.36;0.82;10.12;0.12;0.1;2018-10-01;Pre-covid;Pre-covid
2018;10;Baleares;Ciruelas;193.18;394.62;2.04;26.48;0.19;0.38;2018-10-01;Pre-covid;Pre-covid
2018;10;Baleares;Cerezas;0.0;0.0;0.0;0.0;0.0;0.0;2018-10-01;Pre-covid;Pre-covid
2018;10;Baleares;Uvas;532.34;1256.22;2.36;53.85;0.52;1.22;2018-10-01;Pre-covid;Pre-covid
2018;10;Baleares;Kiwi;341.06;966.97;2.84;34.5;0.33;0.94;2018-10-01;Pre-covid;Pre-covid
2018;10;Baleares;Aguacate;272.95;895.83;3.28;33.43;0.26;0.87;2018-10-01;Pre-covid;Pre-covid
2018;10;Baleares;Piña;235.59;364.52;1.55;15.12;0.23;0.35;2018-10-01;Pre-covid;Pre-covid
2018;10;Baleares;Otras frutas frescas;820.38;1777.53;2.17;61.65;0.8;1.73;2018-10-01;Pre-covid;Pre-covid
2018;10;Baleares;Pomelo;44.31;82.66;1.87;8.52;0.04;0.08;2018-10-01;Pre-covid;Pre-covid
2018;10;Baleares;Chirimoya;0.0;0.0;0.0;0.0;0.0;0.0;2018-10-01;Pre-covid;Pre-covid
2018;10;Baleares;Frutas iv gama;436.81;850.5;1.95;30.26;0.42;0.83;2018-10-01;Pre-covid;Pre-covid
2018;10;Canarias;Frutas frescas;15419.28;27425.63;1.78;93.82;7.05;12.54;2018-10-01;Pre-covid;Pre-covid
2018;10;Canarias;Naranjas;2277.46;3426.29;1.5;43.81;1.04;1.57;2018-10-01;Pre-covid;Pre-covid
2018;10;Canarias;Mandarinas;675.88;1040.96;1.54;36.17;0.31;0.48;2018-10-01;Pre-covid;Pre-covid
2018;10;Canarias;Limones;470.93;904.55;1.92;44.6;0.22;0.41;2018-10-01;Pre-covid;Pre-covid
2018;10;Canarias;Platanos;2698.36;4044.53;1.5;75.34;1.23;1.85;2018-10-01;Pre-covid;Pre-covid
2018;10;Canarias;Manzanas;2161.32;3309.74;1.53;64.87;0.99;1.51;2018-10-01;Pre-covid;Pre-covid
2018;10;Canarias;Peras;1141.36;1887.33;1.65;55.4;0.52;0.86;2018-10-01;Pre-covid;Pre-covid
2018;10;Canarias;Melocotones;185.34;368.79;1.99;14.07;0.08;0.17;2018-10-01;Pre-covid;Pre-covid
2018;10;Canarias;Nectarinas;117.19;192.31;1.64;9.07;0.05;0.09;2018-10-01;Pre-covid;Pre-covid
2018;10;Canarias;Albaricoques;12.47;18.96;1.52;2.01;0.01;0.01;2018-10-01;Pre-covid;Pre-covid
2018;10;Canarias;Fresas/freson;12.88;60.6;4.7;3.57;0.01;0.03;2018-10-01;Pre-covid;Pre-covid
2018;10;Canarias;Melon;835.1;967.53;1.16;24.8;0.38;0.44;2018-10-01;Pre-covid;Pre-covid
2018;10;Canarias;Sandia;1086.0;1100.5;1.01;22.15;0.5;0.5;2018-10-01;Pre-covid;Pre-covid
2018;10;Canarias;Ciruelas;322.62;614.52;1.9;21.52;0.15;0.28;2018-10-01;Pre-covid;Pre-covid
2018;10;Canarias;Cerezas;2.85;5.26;1.84;0.18;0.0;0.0;2018-10-01;Pre-covid;Pre-covid
2018;10;Canarias;Uvas;611.22;1257.42;2.06;37.92;0.28;0.58;2018-10-01;Pre-covid;Pre-covid
2018;10;Canarias;Kiwi;539.83;1726.46;3.2;37.19;0.25;0.79;2018-10-01;Pre-covid;Pre-covid
2018;10;Canarias;Aguacate;442.89;1782.57;4.02;27.57;0.2;0.82;2018-10-01;Pre-covid;Pre-covid
2018;10;Canarias;Piña;58.1;105.62;1.82;3.74;0.03;0.05;2018-10-01;Pre-covid;Pre-covid
2018;10;Canarias;Otras frutas frescas;1767.47;4611.69;2.61;51.98;0.81;2.11;2018-10-01;Pre-covid;Pre-covid
2018;10;Canarias;Pomelo;58.81;139.06;2.36;1.89;0.03;0.06;2018-10-01;Pre-covid;Pre-covid
2018;10;Canarias;Chirimoya;0.0;0.0;0.0;0.0;0.0;0.0;2018-10-01;Pre-covid;Pre-covid
2018;10;Canarias;Frutas iv gama;1398.55;2018.12;1.44;29.29;0.64;0.92;2018-10-01;Pre-covid;Pre-covid
2018;10;Cantabria;Frutas frescas;3871.98;6331.79;1.64;92.43;6.96;11.38;2018-10-01;Pre-covid;Pre-covid
2018;10;Cantabria;Naranjas;738.56;1049.04;1.42;39.96;1.33;1.88;2018-10-01;Pre-covid;Pre-covid
2018;10;Cantabria;Mandarinas;357.13;527.89;1.48;66.52;0.64;0.95;2018-10-01;Pre-covid;Pre-covid
2018;10;Cantabria;Limones;62.88;136.92;2.18;24.18;0.11;0.25;2018-10-01;Pre-covid;Pre-covid
2018;10;Cantabria;Platanos;489.36;834.09;1.7;75.89;0.88;1.5;2018-10-01;Pre-covid;Pre-covid
2018;10;Cantabria;Manzanas;531.15;735.67;1.39;69.69;0.95;1.32;2018-10-01;Pre-covid;Pre-covid
2018;10;Cantabria;Peras;250.66;391.25;1.56;50.04;0.45;0.7;2018-10-01;Pre-covid;Pre-covid
2018;10;Cantabria;Melocotones;174.83;301.78;1.73;35.81;0.31;0.54;2018-10-01;Pre-covid;Pre-covid
2018;10;Cantabria;Nectarinas;116.43;147.92;1.27;21.33;0.21;0.27;2018-10-01;Pre-covid;Pre-covid
2018;10;Cantabria;Albaricoques;11.97;12.32;1.03;1.25;0.02;0.02;2018-10-01;Pre-covid;Pre-covid
2018;10;Cantabria;Fresas/freson;13.36;59.06;4.42;7.93;0.02;0.11;2018-10-01;Pre-covid;Pre-covid
2018;10;Cantabria;Melon;223.71;232.67;1.04;34.16;0.4;0.42;2018-10-01;Pre-covid;Pre-covid
2018;10;Cantabria;Sandia;179.44;92.82;0.52;21.95;0.32;0.17;2018-10-01;Pre-covid;Pre-covid
2018;10;Cantabria;Ciruelas;57.88;102.29;1.77;28.8;0.1;0.18;2018-10-01;Pre-covid;Pre-covid
2018;10;Cantabria;Cerezas;0.0;0.0;0.0;0.0;0.0;0.0;2018-10-01;Pre-covid;Pre-covid
2018;10;Cantabria;Uvas;105.1;233.14;2.22;40.28;0.19;0.42;2018-10-01;Pre-covid;Pre-covid
2018;10;Cantabria;Kiwi;138.46;464.98;3.36;30.61;0.25;0.84;2018-10-01;Pre-covid;Pre-covid
2018;10;Cantabria;Aguacate;77.26;291.52;3.77;32.46;0.14;0.52;2018-10-01;Pre-covid;Pre-covid
2018;10;Cantabria;Piña;69.67;119.32;1.71;15.51;0.13;0.21;2018-10-01;Pre-covid;Pre-covid
2018;10;Cantabria;Otras frutas frescas;274.12;599.12;2.19;29.53;0.49;1.08;2018-10-01;Pre-covid;Pre-covid
2018;10;Cantabria;Pomelo;0.84;1.47;1.76;0.76;0.0;0.0;2018-10-01;Pre-covid;Pre-covid
2018;10;Cantabria;Chirimoya;0.0;0.0;0.0;0.0;0.0;0.0;2018-10-01;Pre-covid;Pre-covid
2018;10;Cantabria;Frutas iv gama;147.93;242.44;1.64;18.3;0.27;0.44;2018-10-01;Pre-covid;Pre-covid
2018;10;Castilla la mancha;Frutas frescas;14353.13;20724.03;1.44;92.76;6.84;9.88;2018-10-01;Pre-covid;Pre-covid
2018;10;Castilla la mancha;Naranjas;1159.84;1515.1;1.31;39.55;0.55;0.72;2018-10-01;Pre-covid;Pre-covid
2018;10;Castilla la mancha;Mandarinas;1127.71;1667.45;1.48;53.34;0.54;0.79;2018-10-01;Pre-covid;Pre-covid
2018;10;Castilla la mancha;Limones;296.92;497.96;1.68;42.97;0.14;0.24;2018-10-01;Pre-covid;Pre-covid
2018;10;Castilla la mancha;Platanos;1931.05;2970.73;1.54;71.69;0.92;1.42;2018-10-01;Pre-covid;Pre-covid
2018;10;Castilla la mancha;Manzanas;1790.93;2391.38;1.34;64.61;0.85;1.14;2018-10-01;Pre-covid;Pre-covid
2018;10;Castilla la mancha;Peras;1227.41;1703.15;1.39;49.59;0.59;0.81;2018-10-01;Pre-covid;Pre-covid
2018;10;Castilla la mancha;Melocotones;849.76;1548.92;1.82;31.41;0.41;0.74;2018-10-01;Pre-covid;Pre-covid
2018;10;Castilla la mancha;Nectarinas;121.44;169.45;1.4;13.7;0.06;0.08;2018-10-01;Pre-covid;Pre-covid
2018;10;Castilla la mancha;Albaricoques;7.1;19.82;2.79;2.08;0.0;0.01;2018-10-01;Pre-covid;Pre-covid
2018;10;Castilla la mancha;Fresas/freson;25.5;104.46;4.1;4.77;0.01;0.05;2018-10-01;Pre-covid;Pre-covid
2018;10;Castilla la mancha;Melon;1862.67;1631.53;0.88;35.46;0.89;0.78;2018-10-01;Pre-covid;Pre-covid
2018;10;Castilla la mancha;Sandia;1377.44;880.61;0.64;14.24;0.66;0.42;2018-10-01;Pre-covid;Pre-covid
2018;10;Castilla la mancha;Ciruelas;320.37;525.32;1.64;34.84;0.15;0.25;2018-10-01;Pre-covid;Pre-covid
2018;10;Castilla la mancha;Cerezas;1.18;2.35;1.98;0.3;0.0;0.0;2018-10-01;Pre-covid;Pre-covid
2018;10;Castilla la mancha;Uvas;481.13;1011.09;2.1;32.26;0.23;0.48;2018-10-01;Pre-covid;Pre-covid
2018;10;Castilla la mancha;Kiwi;615.58;1636.65;2.66;29.57;0.29;0.78;2018-10-01;Pre-covid;Pre-covid
2018;10;Castilla la mancha;Aguacate;154.91;545.93;3.52;22.98;0.07;0.26;2018-10-01;Pre-covid;Pre-covid
2018;10;Castilla la mancha;Piña;150.8;250.8;1.66;12.38;0.07;0.12;2018-10-01;Pre-covid;Pre-covid
2018;10;Castilla la mancha;Otras frutas frescas;851.36;1651.33;1.94;51.82;0.41;0.79;2018-10-01;Pre-covid;Pre-covid
2018;10;Castilla la mancha;Pomelo;23.19;38.6;1.66;1.28;0.01;0.02;2018-10-01;Pre-covid;Pre-covid
2018;10;Castilla la mancha;Chirimoya;0.0;0.0;0.0;0.0;0.0;0.0;2018-10-01;Pre-covid;Pre-covid
2018;10;Castilla la mancha;Frutas iv gama;618.62;941.52;1.52;29.55;0.29;0.45;2018-10-01;Pre-covid;Pre-covid
2018;10;Castilla leon;Frutas frescas;18329.12;30428.01;1.66;93.87;7.49;12.44;2018-10-01;Pre-covid;Pre-covid
2018;10;Castilla leon;Naranjas;2882.32;3735.09;1.3;49.89;1.18;1.53;2018-10-01;Pre-covid;Pre-covid
2018;10;Castilla leon;Mandarinas;1133.13;1538.6;1.36;50.57;0.46;0.63;2018-10-01;Pre-covid;Pre-covid
2018;10;Castilla leon;Limones;709.31;1387.54;1.96;46.17;0.29;0.57;2018-10-01;Pre-covid;Pre-covid
2018;10;Castilla leon;Platanos;2249.68;3802.3;1.69;70.54;0.92;1.55;2018-10-01;Pre-covid;Pre-covid
2018;10;Castilla leon;Manzanas;2890.97;4543.65;1.57;60.68;1.18;1.86;2018-10-01;Pre-covid;Pre-covid
2018;10;Castilla leon;Peras;1450.81;2123.44;1.46;53.59;0.59;0.87;2018-10-01;Pre-covid;Pre-covid
2018;10;Castilla leon;Melocotones;703.27;1402.0;1.99;29.59;0.29;0.57;2018-10-01;Pre-covid;Pre-covid
2018;10;Castilla leon;Nectarinas;201.77;332.25;1.65;19.35;0.08;0.14;2018-10-01;Pre-covid;Pre-covid
2018;10;Castilla leon;Albaricoques;8.71;22.58;2.59;0.99;0.0;0.01;2018-10-01;Pre-covid;Pre-covid
2018;10;Castilla leon;Fresas/freson;69.38;186.11;2.68;7.72;0.03;0.08;2018-10-01;Pre-covid;Pre-covid
2018;10;Castilla leon;Melon;1485.21;1380.45;0.93;35.58;0.61;0.56;2018-10-01;Pre-covid;Pre-covid
2018;10;Castilla leon;Sandia;513.47;349.62;0.68;10.45;0.21;0.14;2018-10-01;Pre-covid;Pre-covid
2018;10;Castilla leon;Ciruelas;334.24;595.97;1.78;20.91;0.14;0.24;2018-10-01;Pre-covid;Pre-covid
2018;10;Castilla leon;Cerezas;9.08;17.07;1.88;0.83;0.0;0.01;2018-10-01;Pre-covid;Pre-covid
2018;10;Castilla leon;Uvas;1295.51;2939.81;2.27;33.65;0.53;1.2;2018-10-01;Pre-covid;Pre-covid
2018;10;Castilla leon;Kiwi;691.4;2243.3;3.24;32.47;0.28;0.92;2018-10-01;Pre-covid;Pre-covid
2018;10;Castilla leon;Aguacate;144.44;554.65;3.84;20.94;0.06;0.23;2018-10-01;Pre-covid;Pre-covid
2018;10;Castilla leon;Piña;271.96;611.01;2.25;11.51;0.11;0.25;2018-10-01;Pre-covid;Pre-covid
2018;10;Castilla leon;Otras frutas frescas;1284.46;2662.57;2.07;49.15;0.53;1.09;2018-10-01;Pre-covid;Pre-covid
2018;10;Castilla leon;Pomelo;73.77;116.74;1.58;2.98;0.03;0.05;2018-10-01;Pre-covid;Pre-covid
2018;10;Castilla leon;Chirimoya;0.0;0.0;0.0;0.0;0.0;0.0;2018-10-01;Pre-covid;Pre-covid
2018;10;Castilla leon;Frutas iv gama;841.09;1427.79;1.7;27.3;0.34;0.58;2018-10-01;Pre-covid;Pre-covid
2018;10;Cataluña;Frutas frescas;56882.77;99331.02;1.75;96.05;8.22;14.36;2018-10-01;Pre-covid;Pre-covid
2018;10;Cataluña;Naranjas;6754.18;9442.92;1.4;41.37;0.98;1.36;2018-10-01;Pre-covid;Pre-covid
2018;10;Cataluña;Mandarinas;4326.06;6712.87;1.55;55.79;0.63;0.97;2018-10-01;Pre-covid;Pre-covid
2018;10;Cataluña;Limones;1513.62;3153.08;2.08;41.0;0.22;0.46;2018-10-01;Pre-covid;Pre-covid
2018;10;Cataluña;Platanos;7420.73;13074.62;1.76;77.66;1.07;1.89;2018-10-01;Pre-covid;Pre-covid
2018;10;Cataluña;Manzanas;6696.35;10514.32;1.57;68.76;0.97;1.52;2018-10-01;Pre-covid;Pre-covid
2018;10;Cataluña;Peras;3524.9;5293.2;1.5;52.21;0.51;0.76;2018-10-01;Pre-covid;Pre-covid
2018;10;Cataluña;Melocotones;3904.85;8569.89;2.19;43.52;0.56;1.24;2018-10-01;Pre-covid;Pre-covid
2018;10;Cataluña;Nectarinas;739.75;1081.29;1.46;13.77;0.11;0.16;2018-10-01;Pre-covid;Pre-covid
2018;10;Cataluña;Albaricoques;28.44;67.53;2.37;1.43;0.0;0.01;2018-10-01;Pre-covid;Pre-covid
2018;10;Cataluña;Fresas/freson;178.53;674.16;3.78;7.37;0.03;0.1;2018-10-01;Pre-covid;Pre-covid
2018;10;Cataluña;Melon;7095.47;7319.49;1.03;43.44;1.03;1.06;2018-10-01;Pre-covid;Pre-covid
2018;10;Cataluña;Sandia;1340.08;1136.02;0.85;10.93;0.19;0.16;2018-10-01;Pre-covid;Pre-covid
2018;10;Cataluña;Ciruelas;1286.83;2389.01;1.86;29.14;0.19;0.35;2018-10-01;Pre-covid;Pre-covid
2018;10;Cataluña;Cerezas;28.55;63.45;2.22;0.85;0.0;0.01;2018-10-01;Pre-covid;Pre-covid
2018;10;Cataluña;Uvas;3524.25;8382.99;2.38;47.41;0.51;1.21;2018-10-01;Pre-covid;Pre-covid
2018;10;Cataluña;Kiwi;1838.71;6071.83;3.3;36.93;0.27;0.88;2018-10-01;Pre-covid;Pre-covid
2018;10;Cataluña;Aguacate;829.07;2953.74;3.56;29.56;0.12;0.43;2018-10-01;Pre-covid;Pre-covid
2018;10;Cataluña;Piña;1109.06;1802.59;1.63;18.4;0.16;0.26;2018-10-01;Pre-covid;Pre-covid
2018;10;Cataluña;Otras frutas frescas;4743.34;10628.04;2.24;61.46;0.69;1.54;2018-10-01;Pre-covid;Pre-covid
2018;10;Cataluña;Pomelo;174.63;288.56;1.65;1.92;0.03;0.04;2018-10-01;Pre-covid;Pre-covid
2018;10;Cataluña;Chirimoya;0.0;0.0;0.0;0.0;0.0;0.0;2018-10-01;Pre-covid;Pre-covid
2018;10;Cataluña;Frutas iv gama;2672.61;4784.27;1.79;30.72;0.39;0.69;2018-10-01;Pre-covid;Pre-covid
2018;10;Extremadura;Frutas frescas;8398.23;12307.19;1.47;93.74;7.12;10.44;2018-10-01;Pre-covid;Pre-covid
2018;10;Extremadura;Naranjas;656.53;887.29;1.35;45.59;0.56;0.75;2018-10-01;Pre-covid;Pre-covid
2018;10;Extremadura;Mandarinas;694.11;1126.16;1.62;45.01;0.59;0.96;2018-10-01;Pre-covid;Pre-covid
2018;10;Extremadura;Limones;188.53;367.92;1.95;36.84;0.16;0.31;2018-10-01;Pre-covid;Pre-covid
2018;10;Extremadura;Platanos;898.55;1335.61;1.49;71.34;0.76;1.13;2018-10-01;Pre-covid;Pre-covid
2018;10;Extremadura;Manzanas;1281.63;1778.29;1.39;68.32;1.09;1.51;2018-10-01;Pre-covid;Pre-covid
2018;10;Extremadura;Peras;712.72;964.81;1.35;47.3;0.6;0.82;2018-10-01;Pre-covid;Pre-covid
2018;10;Extremadura;Melocotones;320.84;563.7;1.76;31.25;0.27;0.48;2018-10-01;Pre-covid;Pre-covid
2018;10;Extremadura;Nectarinas;62.83;98.29;1.56;16.58;0.05;0.08;2018-10-01;Pre-covid;Pre-covid
2018;10;Extremadura;Albaricoques;3.71;3.14;0.85;0.83;0.0;0.0;2018-10-01;Pre-covid;Pre-covid
2018;10;Extremadura;Fresas/freson;16.87;45.45;2.69;3.95;0.01;0.04;2018-10-01;Pre-covid;Pre-covid
2018;10;Extremadura;Melon;1592.54;1538.68;0.97;37.28;1.35;1.3;2018-10-01;Pre-covid;Pre-covid
2018;10;Extremadura;Sandia;502.9;286.06;0.57;12.13;0.43;0.24;2018-10-01;Pre-covid;Pre-covid
2018;10;Extremadura;Ciruelas;310.62;506.38;1.63;21.94;0.26;0.43;2018-10-01;Pre-covid;Pre-covid
2018;10;Extremadura;Cerezas;1.22;6.81;5.58;0.93;0.0;0.01;2018-10-01;Pre-covid;Pre-covid
2018;10;Extremadura;Uvas;349.89;846.74;2.42;36.25;0.3;0.72;2018-10-01;Pre-covid;Pre-covid
2018;10;Extremadura;Kiwi;188.67;562.44;2.98;40.13;0.16;0.48;2018-10-01;Pre-covid;Pre-covid
2018;10;Extremadura;Aguacate;119.6;340.26;2.84;29.31;0.1;0.29;2018-10-01;Pre-covid;Pre-covid
2018;10;Extremadura;Piña;60.28;92.0;1.53;6.82;0.05;0.08;2018-10-01;Pre-covid;Pre-covid
2018;10;Extremadura;Otras frutas frescas;436.21;957.17;2.19;44.23;0.37;0.81;2018-10-01;Pre-covid;Pre-covid
2018;10;Extremadura;Pomelo;15.4;21.65;1.41;5.08;0.01;0.02;2018-10-01;Pre-covid;Pre-covid
2018;10;Extremadura;Chirimoya;0.0;0.0;0.0;0.0;0.0;0.0;2018-10-01;Pre-covid;Pre-covid
2018;10;Extremadura;Frutas iv gama;417.38;597.85;1.43;27.63;0.35;0.51;2018-10-01;Pre-covid;Pre-covid
2018;10;Galicia;Frutas frescas;30792.69;49619.31;1.61;96.32;11.12;17.91;2018-10-01;Pre-covid;Pre-covid
2018;10;Galicia;Naranjas;3757.77;4821.9;1.28;52.24;1.36;1.74;2018-10-01;Pre-covid;Pre-covid
2018;10;Galicia;Mandarinas;1983.52;2886.92;1.46;57.29;0.72;1.04;2018-10-01;Pre-covid;Pre-covid
2018;10;Galicia;Limones;733.73;1511.48;2.06;50.41;0.26;0.55;2018-10-01;Pre-covid;Pre-covid
2018;10;Galicia;Platanos;3143.34;5517.65;1.76;76.69;1.13;1.99;2018-10-01;Pre-covid;Pre-covid
2018;10;Galicia;Manzanas;5598.15;8649.91;1.55;64.96;2.02;3.12;2018-10-01;Pre-covid;Pre-covid
2018;10;Galicia;Peras;2012.08;3186.45;1.58;49.37;0.73;1.15;2018-10-01;Pre-covid;Pre-covid
2018;10;Galicia;Melocotones;1353.69;2398.37;1.77;31.62;0.49;0.87;2018-10-01;Pre-covid;Pre-covid
2018;10;Galicia;Nectarinas;417.3;694.67;1.66;23.03;0.15;0.25;2018-10-01;Pre-covid;Pre-covid
2018;10;Galicia;Albaricoques;465.89;1410.2;3.03;3.58;0.17;0.51;2018-10-01;Pre-covid;Pre-covid
2018;10;Galicia;Fresas/freson;136.87;460.04;3.36;13.53;0.05;0.17;2018-10-01;Pre-covid;Pre-covid
2018;10;Galicia;Melon;4578.54;3520.01;0.77;31.41;1.65;1.27;2018-10-01;Pre-covid;Pre-covid
2018;10;Galicia;Sandia;1130.54;940.4;0.83;14.03;0.41;0.34;2018-10-01;Pre-covid;Pre-covid
2018;10;Galicia;Ciruelas;383.59;706.12;1.84;25.85;0.14;0.25;2018-10-01;Pre-covid;Pre-covid
2018;10;Galicia;Cerezas;24.94;90.68;3.64;3.44;0.01;0.03;2018-10-01;Pre-covid;Pre-covid
2018;10;Galicia;Uvas;1625.8;3487.61;2.15;40.37;0.59;1.26;2018-10-01;Pre-covid;Pre-covid
2018;10;Galicia;Kiwi;1004.86;3029.58;3.01;38.5;0.36;1.09;2018-10-01;Pre-covid;Pre-covid
2018;10;Galicia;Aguacate;242.97;814.08;3.35;21.43;0.09;0.29;2018-10-01;Pre-covid;Pre-covid
2018;10;Galicia;Piña;457.12;775.64;1.7;20.61;0.17;0.28;2018-10-01;Pre-covid;Pre-covid
2018;10;Galicia;Otras frutas frescas;1741.98;4717.6;2.71;51.32;0.63;1.7;2018-10-01;Pre-covid;Pre-covid
2018;10;Galicia;Pomelo;89.31;163.65;1.83;3.82;0.03;0.06;2018-10-01;Pre-covid;Pre-covid
2018;10;Galicia;Chirimoya;0.0;0.0;0.0;0.0;0.0;0.0;2018-10-01;Pre-covid;Pre-covid
2018;10;Galicia;Frutas iv gama;559.7;1039.97;1.86;28.73;0.2;0.38;2018-10-01;Pre-covid;Pre-covid
2018;10;La rioja;Frutas frescas;1912.55;3106.72;1.62;85.18;6.04;9.82;2018-10-01;Pre-covid;Pre-covid
2018;10;La rioja;Naranjas;156.48;205.1;1.31;29.83;0.49;0.65;2018-10-01;Pre-covid;Pre-covid
2018;10;La rioja;Mandarinas;85.85;133.19;1.55;39.02;0.27;0.42;2018-10-01;Pre-covid;Pre-covid
2018;10;La rioja;Limones;52.29;129.19;2.47;26.73;0.17;0.41;2018-10-01;Pre-covid;Pre-covid
2018;10;La rioja;Platanos;290.99;518.71;1.78;68.52;0.92;1.64;2018-10-01;Pre-covid;Pre-covid
2018;10;La rioja;Manzanas;261.31;401.41;1.54;46.89;0.83;1.27;2018-10-01;Pre-covid;Pre-covid
2018;10;La rioja;Peras;148.02;202.17;1.37;47.33;0.47;0.64;2018-10-01;Pre-covid;Pre-covid
2018;10;La rioja;Melocotones;126.27;213.96;1.69;24.15;0.4;0.68;2018-10-01;Pre-covid;Pre-covid
2018;10;La rioja;Nectarinas;29.71;58.02;1.95;16.35;0.09;0.18;2018-10-01;Pre-covid;Pre-covid
2018;10;La rioja;Albaricoques;0.0;0.0;0.0;0.0;0.0;0.0;2018-10-01;Pre-covid;Pre-covid
2018;10;La rioja;Fresas/freson;7.17;15.2;2.12;3.96;0.02;0.05;2018-10-01;Pre-covid;Pre-covid
2018;10;La rioja;Melon;332.56;289.24;0.87;33.58;1.05;0.91;2018-10-01;Pre-covid;Pre-covid
2018;10;La rioja;Sandia;27.46;14.84;0.54;5.8;0.09;0.05;2018-10-01;Pre-covid;Pre-covid
2018;10;La rioja;Ciruelas;12.82;31.23;2.44;20.81;0.04;0.1;2018-10-01;Pre-covid;Pre-covid
2018;10;La rioja;Cerezas;0.0;0.0;0.0;0.0;0.0;0.0;2018-10-01;Pre-covid;Pre-covid
2018;10;La rioja;Uvas;125.64;265.55;2.11;31.96;0.4;0.84;2018-10-01;Pre-covid;Pre-covid
2018;10;La rioja;Kiwi;40.38;159.79;3.96;20.16;0.13;0.5;2018-10-01;Pre-covid;Pre-covid
2018;10;La rioja;Aguacate;31.28;112.66;3.6;36.12;0.1;0.36;2018-10-01;Pre-covid;Pre-covid
2018;10;La rioja;Piña;65.44;118.75;1.81;9.16;0.21;0.38;2018-10-01;Pre-covid;Pre-covid
2018;10;La rioja;Otras frutas frescas;118.88;237.7;2.0;42.97;0.38;0.75;2018-10-01;Pre-covid;Pre-covid
2018;10;La rioja;Pomelo;0.0;0.0;0.0;0.0;0.0;0.0;2018-10-01;Pre-covid;Pre-covid
2018;10;La rioja;Chirimoya;0.0;0.0;0.0;0.0;0.0;0.0;2018-10-01;Pre-covid;Pre-covid
2018;10;La rioja;Frutas iv gama;26.92;53.76;2.0;9.35;0.09;0.17;2018-10-01;Pre-covid;Pre-covid
2018;10;Madrid;Frutas frescas;49132.28;83363.16;1.7;94.87;7.89;13.39;2018-10-01;Pre-covid;Pre-covid
2018;10;Madrid;Naranjas;5768.6;7696.44;1.33;45.16;0.93;1.24;2018-10-01;Pre-covid;Pre-covid
2018;10;Madrid;Mandarinas;3303.7;5437.56;1.65;51.29;0.53;0.87;2018-10-01;Pre-covid;Pre-covid
2018;10;Madrid;Limones;1379.69;2552.61;1.85;47.6;0.22;0.41;2018-10-01;Pre-covid;Pre-covid
2018;10;Madrid;Platanos;6025.57;9900.12;1.64;77.49;0.97;1.59;2018-10-01;Pre-covid;Pre-covid
2018;10;Madrid;Manzanas;5927.61;9263.84;1.56;64.84;0.95;1.49;2018-10-01;Pre-covid;Pre-covid
2018;10;Madrid;Peras;3572.23;5359.74;1.5;54.2;0.57;0.86;2018-10-01;Pre-covid;Pre-covid
2018;10;Madrid;Melocotones;2153.36;4293.94;1.99;35.79;0.35;0.69;2018-10-01;Pre-covid;Pre-covid
2018;10;Madrid;Nectarinas;541.66;852.09;1.57;14.53;0.09;0.14;2018-10-01;Pre-covid;Pre-covid
2018;10;Madrid;Albaricoques;36.26;94.53;2.61;1.41;0.01;0.02;2018-10-01;Pre-covid;Pre-covid
2018;10;Madrid;Fresas/freson;157.2;468.18;2.98;5.33;0.03;0.08;2018-10-01;Pre-covid;Pre-covid
2018;10;Madrid;Melon;6094.18;6897.74;1.13;44.73;0.98;1.11;2018-10-01;Pre-covid;Pre-covid
2018;10;Madrid;Sandia;1733.02;1317.15;0.76;18.13;0.28;0.21;2018-10-01;Pre-covid;Pre-covid
2018;10;Madrid;Ciruelas;1265.19;2741.18;2.17;30.85;0.2;0.44;2018-10-01;Pre-covid;Pre-covid
2018;10;Madrid;Cerezas;598.56;1698.72;2.84;2.38;0.1;0.27;2018-10-01;Pre-covid;Pre-covid
2018;10;Madrid;Uvas;2948.8;6557.26;2.22;38.4;0.47;1.05;2018-10-01;Pre-covid;Pre-covid
2018;10;Madrid;Kiwi;1771.31;5321.09;3.0;37.46;0.28;0.85;2018-10-01;Pre-covid;Pre-covid
2018;10;Madrid;Aguacate;778.42;2477.26;3.18;28.49;0.13;0.4;2018-10-01;Pre-covid;Pre-covid
2018;10;Madrid;Piña;790.77;1520.66;1.92;17.86;0.13;0.24;2018-10-01;Pre-covid;Pre-covid
2018;10;Madrid;Otras frutas frescas;4286.14;8913.04;2.08;57.3;0.69;1.43;2018-10-01;Pre-covid;Pre-covid
2018;10;Madrid;Pomelo;198.07;361.88;1.83;2.8;0.03;0.06;2018-10-01;Pre-covid;Pre-covid
2018;10;Madrid;Chirimoya;7.18;21.22;2.95;0.2;0.0;0.0;2018-10-01;Pre-covid;Pre-covid
2018;10;Madrid;Frutas iv gama;2293.89;6550.19;2.86;24.89;0.37;1.05;2018-10-01;Pre-covid;Pre-covid
2018;10;Murcia;Frutas frescas;10522.16;21727.26;2.06;91.78;7.39;15.26;2018-10-01;Pre-covid;Pre-covid
2018;10;Murcia;Naranjas;687.76;908.83;1.32;34.27;0.48;0.64;2018-10-01;Pre-covid;Pre-covid
2018;10;Murcia;Mandarinas;624.72;1132.58;1.81;41.28;0.44;0.8;2018-10-01;Pre-covid;Pre-covid
2018;10;Murcia;Limones;1093.21;2257.93;2.07;38.06;0.77;1.59;2018-10-01;Pre-covid;Pre-covid
2018;10;Murcia;Platanos;1393.67;2150.88;1.54;73.19;0.98;1.51;2018-10-01;Pre-covid;Pre-covid
2018;10;Murcia;Manzanas;1021.65;1478.35;1.45;61.33;0.72;1.04;2018-10-01;Pre-covid;Pre-covid
2018;10;Murcia;Peras;444.48;738.63;1.66;53.66;0.31;0.52;2018-10-01;Pre-covid;Pre-covid
2018;10;Murcia;Melocotones;418.85;888.66;2.12;33.5;0.29;0.62;2018-10-01;Pre-covid;Pre-covid
2018;10;Murcia;Nectarinas;53.08;80.51;1.52;8.49;0.04;0.06;2018-10-01;Pre-covid;Pre-covid
2018;10;Murcia;Albaricoques;0.0;0.0;0.0;0.0;0.0;0.0;2018-10-01;Pre-covid;Pre-covid
2018;10;Murcia;Fresas/freson;47.32;109.96;2.32;6.85;0.03;0.08;2018-10-01;Pre-covid;Pre-covid
2018;10;Murcia;Melon;1022.05;950.32;0.93;43.99;0.72;0.67;2018-10-01;Pre-covid;Pre-covid
2018;10;Murcia;Sandia;299.82;267.93;0.89;13.28;0.21;0.19;2018-10-01;Pre-covid;Pre-covid
2018;10;Murcia;Ciruelas;227.4;363.58;1.6;28.28;0.16;0.26;2018-10-01;Pre-covid;Pre-covid
2018;10;Murcia;Cerezas;2.38;6.88;2.9;0.59;0.0;0.0;2018-10-01;Pre-covid;Pre-covid
2018;10;Murcia;Uvas;697.51;1693.57;2.43;43.99;0.49;1.19;2018-10-01;Pre-covid;Pre-covid
2018;10;Murcia;Kiwi;203.7;684.33;3.36;29.0;0.14;0.48;2018-10-01;Pre-covid;Pre-covid
2018;10;Murcia;Aguacate;87.15;379.5;4.35;32.26;0.06;0.27;2018-10-01;Pre-covid;Pre-covid
2018;10;Murcia;Piña;274.73;435.91;1.59;19.69;0.19;0.31;2018-10-01;Pre-covid;Pre-covid
2018;10;Murcia;Otras frutas frescas;1922.68;7198.92;3.74;42.9;1.35;5.05;2018-10-01;Pre-covid;Pre-covid
2018;10;Murcia;Pomelo;29.23;48.47;1.66;1.9;0.02;0.03;2018-10-01;Pre-covid;Pre-covid
2018;10;Murcia;Chirimoya;0.63;3.15;5.0;0.25;0.0;0.0;2018-10-01;Pre-covid;Pre-covid
2018;10;Murcia;Frutas iv gama;463.97;874.48;1.88;29.59;0.33;0.61;2018-10-01;Pre-covid;Pre-covid
2018;10;Navarra;Frutas frescas;4951.17;8068.45;1.63;95.4;8.36;13.62;2018-10-01;Pre-covid;Pre-covid
2018;10;Navarra;Naranjas;514.64;737.05;1.43;44.84;0.87;1.24;2018-10-01;Pre-covid;Pre-covid
2018;10;Navarra;Mandarinas;364.44;504.4;1.38;54.92;0.62;0.85;2018-10-01;Pre-covid;Pre-covid
2018;10;Navarra;Limones;151.04;208.55;1.38;34.74;0.25;0.35;2018-10-01;Pre-covid;Pre-covid
2018;10;Navarra;Platanos;581.6;1073.81;1.85;62.38;0.98;1.81;2018-10-01;Pre-covid;Pre-covid
2018;10;Navarra;Manzanas;812.45;1269.9;1.56;56.73;1.37;2.14;2018-10-01;Pre-covid;Pre-covid
2018;10;Navarra;Peras;397.81;618.34;1.55;50.13;0.67;1.04;2018-10-01;Pre-covid;Pre-covid
2018;10;Navarra;Melocotones;161.26;348.03;2.16;39.27;0.27;0.59;2018-10-01;Pre-covid;Pre-covid
2018;10;Navarra;Nectarinas;23.31;37.29;1.6;8.23;0.04;0.06;2018-10-01;Pre-covid;Pre-covid
2018;10;Navarra;Albaricoques;5.46;11.51;2.11;2.58;0.01;0.02;2018-10-01;Pre-covid;Pre-covid
2018;10;Navarra;Fresas/freson;6.82;35.24;5.17;5.68;0.01;0.06;2018-10-01;Pre-covid;Pre-covid
2018;10;Navarra;Melon;656.53;553.37;0.84;45.89;1.11;0.93;2018-10-01;Pre-covid;Pre-covid
2018;10;Navarra;Sandia;136.76;99.38;0.73;13.3;0.23;0.17;2018-10-01;Pre-covid;Pre-covid
2018;10;Navarra;Ciruelas;69.31;147.04;2.12;32.44;0.12;0.25;2018-10-01;Pre-covid;Pre-covid
2018;10;Navarra;Cerezas;0.0;0.0;0.0;0.0;0.0;0.0;2018-10-01;Pre-covid;Pre-covid
2018;10;Navarra;Uvas;215.56;473.03;2.19;35.89;0.36;0.8;2018-10-01;Pre-covid;Pre-covid
2018;10;Navarra;Kiwi;112.07;392.91;3.51;31.62;0.19;0.66;2018-10-01;Pre-covid;Pre-covid
2018;10;Navarra;Aguacate;80.07;252.04;3.15;39.4;0.14;0.43;2018-10-01;Pre-covid;Pre-covid
2018;10;Navarra;Piña;277.22;413.89;1.49;39.2;0.47;0.7;2018-10-01;Pre-covid;Pre-covid
2018;10;Navarra;Otras frutas frescas;384.83;892.68;2.32;37.49;0.65;1.51;2018-10-01;Pre-covid;Pre-covid
2018;10;Navarra;Pomelo;5.83;9.87;1.69;2.08;0.01;0.02;2018-10-01;Pre-covid;Pre-covid
2018;10;Navarra;Chirimoya;0.0;0.0;0.0;0.0;0.0;0.0;2018-10-01;Pre-covid;Pre-covid
2018;10;Navarra;Frutas iv gama;361.39;730.25;2.02;24.96;0.61;1.23;2018-10-01;Pre-covid;Pre-covid
2018;10;Pais vasco;Frutas frescas;19155.72;32901.93;1.72;96.72;9.25;15.89;2018-10-01;Pre-covid;Pre-covid
2018;10;Pais vasco;Naranjas;2595.99;3635.45;1.4;41.1;1.25;1.76;2018-10-01;Pre-covid;Pre-covid
2018;10;Pais vasco;Mandarinas;1761.73;2746.15;1.56;59.27;0.85;1.33;2018-10-01;Pre-covid;Pre-covid
2018;10;Pais vasco;Limones;619.81;1158.5;1.87;45.27;0.3;0.56;2018-10-01;Pre-covid;Pre-covid
2018;10;Pais vasco;Platanos;2287.51;4212.0;1.84;79.65;1.11;2.03;2018-10-01;Pre-covid;Pre-covid
2018;10;Pais vasco;Manzanas;2501.46;4057.43;1.62;71.76;1.21;1.96;2018-10-01;Pre-covid;Pre-covid
2018;10;Pais vasco;Peras;1422.28;2124.54;1.49;62.46;0.69;1.03;2018-10-01;Pre-covid;Pre-covid
2018;10;Pais vasco;Melocotones;1019.17;2104.64;2.07;40.0;0.49;1.02;2018-10-01;Pre-covid;Pre-covid
2018;10;Pais vasco;Nectarinas;353.07;515.73;1.46;22.98;0.17;0.25;2018-10-01;Pre-covid;Pre-covid
2018;10;Pais vasco;Albaricoques;16.55;44.98;2.72;2.18;0.01;0.02;2018-10-01;Pre-covid;Pre-covid
2018;10;Pais vasco;Fresas/freson;47.1;195.72;4.16;4.81;0.02;0.09;2018-10-01;Pre-covid;Pre-covid
2018;10;Pais vasco;Melon;2136.3;2171.84;1.02;44.12;1.03;1.05;2018-10-01;Pre-covid;Pre-covid
2018;10;Pais vasco;Sandia;454.93;364.84;0.8;19.2;0.22;0.18;2018-10-01;Pre-covid;Pre-covid
2018;10;Pais vasco;Ciruelas;442.92;876.37;1.98;29.01;0.21;0.42;2018-10-01;Pre-covid;Pre-covid
2018;10;Pais vasco;Cerezas;5.48;20.28;3.7;1.15;0.0;0.01;2018-10-01;Pre-covid;Pre-covid
2018;10;Pais vasco;Uvas;871.03;1843.37;2.12;42.72;0.42;0.89;2018-10-01;Pre-covid;Pre-covid
2018;10;Pais vasco;Kiwi;707.41;2448.56;3.46;32.55;0.34;1.18;2018-10-01;Pre-covid;Pre-covid
2018;10;Pais vasco;Aguacate;210.56;753.51;3.58;22.09;0.1;0.36;2018-10-01;Pre-covid;Pre-covid
2018;10;Pais vasco;Piña;382.92;560.02;1.46;19.55;0.18;0.27;2018-10-01;Pre-covid;Pre-covid
2018;10;Pais vasco;Otras frutas frescas;1319.48;3067.98;2.33;54.0;0.64;1.48;2018-10-01;Pre-covid;Pre-covid
2018;10;Pais vasco;Pomelo;110.28;201.03;1.82;5.77;0.05;0.1;2018-10-01;Pre-covid;Pre-covid
2018;10;Pais vasco;Chirimoya;0.0;0.0;0.0;0.0;0.0;0.0;2018-10-01;Pre-covid;Pre-covid
2018;10;Pais vasco;Frutas iv gama;1009.14;1798.59;1.78;32.02;0.49;0.87;2018-10-01;Pre-covid;Pre-covid
2018;10;Valencia;Frutas frescas;34470.85;56400.99;1.64;96.17;7.28;11.92;2018-10-01;Pre-covid;Pre-covid
2018;10;Valencia;Naranjas;2209.76;2917.75;1.32;25.09;0.47;0.62;2018-10-01;Pre-covid;Pre-covid
2018;10;Valencia;Mandarinas;2215.16;3050.99;1.38;39.04;0.47;0.64;2018-10-01;Pre-covid;Pre-covid
2018;10;Valencia;Limones;933.67;1641.57;1.76;35.26;0.2;0.35;2018-10-01;Pre-covid;Pre-covid
2018;10;Valencia;Platanos;5099.15;8277.48;1.62;80.16;1.08;1.75;2018-10-01;Pre-covid;Pre-covid
2018;10;Valencia;Manzanas;4599.84;6585.33;1.43;60.91;0.97;1.39;2018-10-01;Pre-covid;Pre-covid
2018;10;Valencia;Peras;2403.69;3624.59;1.51;50.54;0.51;0.77;2018-10-01;Pre-covid;Pre-covid
2018;10;Valencia;Melocotones;1959.9;3573.47;1.82;40.86;0.41;0.76;2018-10-01;Pre-covid;Pre-covid
2018;10;Valencia;Nectarinas;324.17;472.43;1.46;12.72;0.07;0.1;2018-10-01;Pre-covid;Pre-covid
2018;10;Valencia;Albaricoques;4.05;13.58;3.36;0.28;0.0;0.0;2018-10-01;Pre-covid;Pre-covid
2018;10;Valencia;Fresas/freson;70.66;269.55;3.81;4.69;0.01;0.06;2018-10-01;Pre-covid;Pre-covid
2018;10;Valencia;Melon;4471.29;4164.81;0.93;44.22;0.94;0.88;2018-10-01;Pre-covid;Pre-covid
2018;10;Valencia;Sandia;1121.89;930.32;0.83;15.48;0.24;0.2;2018-10-01;Pre-covid;Pre-covid
2018;10;Valencia;Ciruelas;1001.59;1770.89;1.77;35.54;0.21;0.37;2018-10-01;Pre-covid;Pre-covid
2018;10;Valencia;Cerezas;19.42;78.39;4.04;1.45;0.0;0.02;2018-10-01;Pre-covid;Pre-covid
2018;10;Valencia;Uvas;2121.34;4680.29;2.21;48.89;0.45;0.99;2018-10-01;Pre-covid;Pre-covid
2018;10;Valencia;Kiwi;1085.48;3365.64;3.1;37.6;0.23;0.71;2018-10-01;Pre-covid;Pre-covid
2018;10;Valencia;Aguacate;452.08;1504.74;3.33;26.45;0.1;0.32;2018-10-01;Pre-covid;Pre-covid
2018;10;Valencia;Piña;632.98;922.69;1.46;14.76;0.13;0.19;2018-10-01;Pre-covid;Pre-covid
2018;10;Valencia;Otras frutas frescas;3744.74;8556.47;2.28;59.07;0.79;1.81;2018-10-01;Pre-covid;Pre-covid
2018;10;Valencia;Pomelo;103.69;193.28;1.86;3.31;0.02;0.04;2018-10-01;Pre-covid;Pre-covid
2018;10;Valencia;Chirimoya;0.0;0.0;0.0;0.0;0.0;0.0;2018-10-01;Pre-covid;Pre-covid
2018;10;Valencia;Frutas iv gama;1699.03;2972.78;1.75;28.0;0.36;0.63;2018-10-01;Pre-covid;Pre-covid
2018;11;Nacional;Patatas;102803.4;91068.85;0.89;77.35;2.25;2.0;2018-11-01;Pre-covid;Pre-covid
2018;11;Nacional;Patatas frescas;74998.15;61055.52;0.81;64.7;1.64;1.34;2018-11-01;Pre-covid;Pre-covid
2018;11;Nacional;Patatas congeladas;3644.96;4550.48;1.25;10.81;0.08;0.1;2018-11-01;Pre-covid;Pre-covid
2018;11;Nacional;Patatas procesadas;4832.06;25462.85;5.27;44.36;0.11;0.56;2018-11-01;Pre-covid;Pre-covid
2018;11;Nacional;Patatas fritas;3923.91;24170.15;6.16;42.49;0.09;0.53;2018-11-01;Pre-covid;Pre-covid
2018;11;Nacional;Hortalizas frescas;198015.71;379194.59;1.91;96.2;4.34;8.31;2018-11-01;Pre-covid;Pre-covid
2018;11;Nacional;Omates;38510.74;66977.18;1.74;74.44;0.84;1.47;2018-11-01;Pre-covid;Pre-covid
2018;11;Nacional;Cebollas;27566.55;28770.63;1.04;65.81;0.6;0.63;2018-11-01;Pre-covid;Pre-covid
2018;11;Nacional;Ajos;2544.7;10786.94;4.24;33.49;0.06;0.24;2018-11-01;Pre-covid;Pre-covid
2018;11;Nacional;Coles;6827.29;7996.66;1.17;20.52;0.15;0.18;2018-11-01;Pre-covid;Pre-covid
2018;11;Nacional;Pepinos;4645.17;7550.3;1.63;23.47;0.1;0.17;2018-11-01;Pre-covid;Pre-covid
2018;11;Nacional;Judias verdes;6812.99;20722.3;3.04;31.35;0.15;0.45;2018-11-01;Pre-covid;Pre-covid
2018;11;Nacional;Pimientos;15632.97;28636.08;1.83;58.85;0.34;0.63;2018-11-01;Pre-covid;Pre-covid
2018;11;Nacional;Champiñoneso setas;6509.97;28950.75;4.45;42.02;0.14;0.63;2018-11-01;Pre-covid;Pre-covid
2018;11;Nacional;Lechuga/esc /endivia;11306.83;32313.64;2.86;53.35;0.25;0.71;2018-11-01;Pre-covid;Pre-covid
2018;11;Nacional;Esparragos;1457.68;3817.18;2.62;7.19;0.03;0.08;2018-11-01;Pre-covid;Pre-covid
2018;11;Nacional;Verduras de hoja;5755.71;12565.77;2.18;26.16;0.13;0.28;2018-11-01;Pre-covid;Pre-covid
2018;11;Nacional;Berenjenas;5288.15;8754.11;1.66;26.61;0.12;0.19;2018-11-01;Pre-covid;Pre-covid
2018;11;Nacional;Zanahorias;12655.23;11147.78;0.88;54.79;0.28;0.24;2018-11-01;Pre-covid;Pre-covid
2018;11;Nacional;Calabacines;11767.43;21406.61;1.82;44.71;0.26;0.47;2018-11-01;Pre-covid;Pre-covid
2018;11;Nacional;Otr hortalizas/verd ;40734.3;88798.66;2.18;78.13;0.89;1.95;2018-11-01;Pre-covid;Pre-covid
2018;11;Nacional;Brocoli;5416.76;8353.6;1.54;23.03;0.12;0.18;2018-11-01;Pre-covid;Pre-covid
2018;11;Nacional;Alcachofas;1547.91;4708.13;3.04;7.72;0.03;0.1;2018-11-01;Pre-covid;Pre-covid
2018;11;Nacional;Verd /hort  iv gama;24484.56;62014.02;2.53;64.1;0.54;1.36;2018-11-01;Pre-covid;Pre-covid
2018;11;Andalucia;Patatas;19645.11;17002.15;0.87;81.44;2.26;1.96;2018-11-01;Pre-covid;Pre-covid
2018;11;Andalucia;Patatas frescas;13764.48;10728.02;0.78;67.14;1.58;1.23;2018-11-01;Pre-covid;Pre-covid
2018;11;Andalucia;Patatas congeladas;926.57;1097.8;1.18;14.97;0.11;0.13;2018-11-01;Pre-covid;Pre-covid
2018;11;Andalucia;Patatas procesadas;990.81;5176.33;5.22;48.51;0.11;0.6;2018-11-01;Pre-covid;Pre-covid
2018;11;Andalucia;Patatas fritas;833.82;4949.46;5.94;46.01;0.1;0.57;2018-11-01;Pre-covid;Pre-covid
2018;11;Andalucia;Hortalizas frescas;33430.7;61470.79;1.84;95.98;3.85;7.07;2018-11-01;Pre-covid;Pre-covid
2018;11;Andalucia;Omates;7572.04;11643.91;1.54;77.76;0.87;1.34;2018-11-01;Pre-covid;Pre-covid
2018;11;Andalucia;Cebollas;4742.35;4763.86;1.0;68.35;0.55;0.55;2018-11-01;Pre-covid;Pre-covid
2018;11;Andalucia;Ajos;503.42;1974.68;3.92;35.76;0.06;0.23;2018-11-01;Pre-covid;Pre-covid
2018;11;Andalucia;Coles;735.54;809.68;1.1;13.64;0.08;0.09;2018-11-01;Pre-covid;Pre-covid
2018;11;Andalucia;Pepinos;779.44;1171.85;1.5;23.41;0.09;0.13;2018-11-01;Pre-covid;Pre-covid
2018;11;Andalucia;Judias verdes;858.47;2838.0;3.31;27.42;0.1;0.33;2018-11-01;Pre-covid;Pre-covid
2018;11;Andalucia;Pimientos;2489.99;4511.98;1.81;63.23;0.29;0.52;2018-11-01;Pre-covid;Pre-covid
2018;11;Andalucia;Champiñoneso setas;975.85;3911.05;4.01;35.85;0.11;0.45;2018-11-01;Pre-covid;Pre-covid
2018;11;Andalucia;Lechuga/esc /endivia;1852.52;5465.04;2.95;54.04;0.21;0.63;2018-11-01;Pre-covid;Pre-covid
2018;11;Andalucia;Esparragos;221.41;542.5;2.45;5.84;0.03;0.06;2018-11-01;Pre-covid;Pre-covid
2018;11;Andalucia;Verduras de hoja;731.93;1673.97;2.29;21.87;0.08;0.19;2018-11-01;Pre-covid;Pre-covid
2018;11;Andalucia;Berenjenas;929.45;1557.37;1.68;29.57;0.11;0.18;2018-11-01;Pre-covid;Pre-covid
2018;11;Andalucia;Zanahorias;2010.55;1690.33;0.84;50.48;0.23;0.19;2018-11-01;Pre-covid;Pre-covid
2018;11;Andalucia;Calabacines;2018.43;3702.17;1.83;47.11;0.23;0.43;2018-11-01;Pre-covid;Pre-covid
2018;11;Andalucia;Otr hortalizas/verd ;7009.32;15214.4;2.17;78.53;0.81;1.75;2018-11-01;Pre-covid;Pre-covid
2018;11;Andalucia;Brocoli;746.09;1185.14;1.59;20.92;0.09;0.14;2018-11-01;Pre-covid;Pre-covid
2018;11;Andalucia;Alcachofas;217.21;645.0;2.97;7.67;0.02;0.07;2018-11-01;Pre-covid;Pre-covid
2018;11;Andalucia;Verd /hort  iv gama;4430.66;10596.25;2.39;63.35;0.51;1.22;2018-11-01;Pre-covid;Pre-covid
2018;11;Aragon;Patatas;2599.45;2460.94;0.95;73.62;1.98;1.87;2018-11-01;Pre-covid;Pre-covid
2018;11;Aragon;Patatas frescas;2027.66;1754.54;0.87;65.78;1.54;1.34;2018-11-01;Pre-covid;Pre-covid
2018;11;Aragon;Patatas congeladas;53.23;99.96;1.88;9.75;0.04;0.08;2018-11-01;Pre-covid;Pre-covid
2018;11;Aragon;Patatas procesadas;103.71;606.44;5.85;38.53;0.08;0.46;2018-11-01;Pre-covid;Pre-covid
2018;11;Aragon;Patatas fritas;83.97;587.02;6.99;38.1;0.06;0.45;2018-11-01;Pre-covid;Pre-covid
2018;11;Aragon;Hortalizas frescas;7298.81;14135.5;1.94;96.53;5.56;10.77;2018-11-01;Pre-covid;Pre-covid
2018;11;Aragon;Omates;1282.43;2335.08;1.82;73.87;0.98;1.78;2018-11-01;Pre-covid;Pre-covid
2018;11;Aragon;Cebollas;847.85;909.47;1.07;62.03;0.65;0.69;2018-11-01;Pre-covid;Pre-covid
2018;11;Aragon;Ajos;72.75;296.19;4.07;29.09;0.06;0.23;2018-11-01;Pre-covid;Pre-covid
2018;11;Aragon;Coles;176.81;194.34;1.1;23.9;0.13;0.15;2018-11-01;Pre-covid;Pre-covid
2018;11;Aragon;Pepinos;168.45;274.5;1.63;26.33;0.13;0.21;2018-11-01;Pre-covid;Pre-covid
2018;11;Aragon;Judias verdes;457.95;1515.77;3.31;43.47;0.35;1.15;2018-11-01;Pre-covid;Pre-covid
2018;11;Aragon;Pimientos;615.84;1087.87;1.77;58.16;0.47;0.83;2018-11-01;Pre-covid;Pre-covid
2018;11;Aragon;Champiñoneso setas;246.84;949.67;3.85;58.37;0.19;0.72;2018-11-01;Pre-covid;Pre-covid
2018;11;Aragon;Lechuga/esc /endivia;555.32;1426.45;2.57;58.93;0.42;1.09;2018-11-01;Pre-covid;Pre-covid
2018;11;Aragon;Esparragos;86.29;193.12;2.24;14.86;0.07;0.15;2018-11-01;Pre-covid;Pre-covid
2018;11;Aragon;Verduras de hoja;400.74;658.98;1.64;44.37;0.31;0.5;2018-11-01;Pre-covid;Pre-covid
2018;11;Aragon;Berenjenas;131.01;216.8;1.65;24.67;0.1;0.17;2018-11-01;Pre-covid;Pre-covid
2018;11;Aragon;Zanahorias;362.73;338.67;0.93;49.69;0.28;0.26;2018-11-01;Pre-covid;Pre-covid
2018;11;Aragon;Calabacines;374.53;606.53;1.62;47.23;0.29;0.46;2018-11-01;Pre-covid;Pre-covid
2018;11;Aragon;Otr hortalizas/verd ;1519.27;3132.04;2.06;84.74;1.16;2.39;2018-11-01;Pre-covid;Pre-covid
2018;11;Aragon;Brocoli;224.39;338.53;1.51;29.91;0.17;0.26;2018-11-01;Pre-covid;Pre-covid
2018;11;Aragon;Alcachofas;32.74;73.4;2.24;8.1;0.02;0.06;2018-11-01;Pre-covid;Pre-covid
2018;11;Aragon;Verd /hort  iv gama;844.01;1955.81;2.32;68.42;0.64;1.49;2018-11-01;Pre-covid;Pre-covid
2018;11;Asturias;Patatas;2548.47;2201.66;0.86;73.26;2.35;2.03;2018-11-01;Pre-covid;Pre-covid
2018;11;Asturias;Patatas frescas;1956.18;1556.48;0.8;60.67;1.8;1.44;2018-11-01;Pre-covid;Pre-covid
2018;11;Asturias;Patatas congeladas;128.64;143.97;1.12;12.35;0.12;0.13;2018-11-01;Pre-covid;Pre-covid
2018;11;Asturias;Patatas procesadas;92.73;501.21;5.41;35.38;0.09;0.46;2018-11-01;Pre-covid;Pre-covid
2018;11;Asturias;Patatas fritas;66.89;461.24;6.9;33.19;0.06;0.43;2018-11-01;Pre-covid;Pre-covid
2018;11;Asturias;Hortalizas frescas;3421.61;6783.0;1.98;90.09;3.16;6.26;2018-11-01;Pre-covid;Pre-covid
2018;11;Asturias;Omates;594.29;1118.85;1.88;65.3;0.55;1.03;2018-11-01;Pre-covid;Pre-covid
2018;11;Asturias;Cebollas;486.36;571.3;1.17;60.13;0.45;0.53;2018-11-01;Pre-covid;Pre-covid
2018;11;Asturias;Ajos;70.0;343.05;4.9;40.96;0.06;0.32;2018-11-01;Pre-covid;Pre-covid
2018;11;Asturias;Coles;130.57;134.66;1.03;15.86;0.12;0.12;2018-11-01;Pre-covid;Pre-covid
2018;11;Asturias;Pepinos;25.45;44.79;1.76;7.76;0.02;0.04;2018-11-01;Pre-covid;Pre-covid
2018;11;Asturias;Judias verdes;91.92;302.01;3.29;24.11;0.08;0.28;2018-11-01;Pre-covid;Pre-covid
2018;11;Asturias;Pimientos;259.04;512.19;1.98;57.46;0.24;0.47;2018-11-01;Pre-covid;Pre-covid
2018;11;Asturias;Champiñoneso setas;133.4;536.2;4.02;35.31;0.12;0.49;2018-11-01;Pre-covid;Pre-covid
2018;11;Asturias;Lechuga/esc /endivia;188.54;517.14;2.74;36.86;0.17;0.48;2018-11-01;Pre-covid;Pre-covid
2018;11;Asturias;Esparragos;7.15;26.8;3.75;1.99;0.01;0.02;2018-11-01;Pre-covid;Pre-covid
2018;11;Asturias;Verduras de hoja;46.0;102.81;2.23;10.32;0.04;0.09;2018-11-01;Pre-covid;Pre-covid
2018;11;Asturias;Berenjenas;87.43;165.47;1.89;18.87;0.08;0.15;2018-11-01;Pre-covid;Pre-covid
2018;11;Asturias;Zanahorias;270.2;232.72;0.86;53.69;0.25;0.21;2018-11-01;Pre-covid;Pre-covid
2018;11;Asturias;Calabacines;249.89;488.41;1.95;34.74;0.23;0.45;2018-11-01;Pre-covid;Pre-covid
2018;11;Asturias;Otr hortalizas/verd ;781.36;1686.58;2.16;69.11;0.72;1.56;2018-11-01;Pre-covid;Pre-covid
2018;11;Asturias;Brocoli;94.28;143.6;1.52;28.31;0.09;0.13;2018-11-01;Pre-covid;Pre-covid
2018;11;Asturias;Alcachofas;18.57;52.1;2.81;3.92;0.02;0.05;2018-11-01;Pre-covid;Pre-covid
2018;11;Asturias;Verd /hort  iv gama;332.35;971.34;2.92;54.1;0.31;0.9;2018-11-01;Pre-covid;Pre-covid
2018;11;Baleares;Patatas;2698.89;2278.09;0.84;76.04;2.62;2.21;2018-11-01;Pre-covid;Pre-covid
2018;11;Baleares;Patatas frescas;1970.66;1517.26;0.77;65.83;1.91;1.47;2018-11-01;Pre-covid;Pre-covid
2018;11;Baleares;Patatas congeladas;48.07;70.84;1.47;7.16;0.05;0.07;2018-11-01;Pre-covid;Pre-covid
2018;11;Baleares;Patatas procesadas;136.03;690.0;5.07;41.9;0.13;0.67;2018-11-01;Pre-covid;Pre-covid
2018;11;Baleares;Patatas fritas;110.84;648.61;5.85;40.44;0.11;0.63;2018-11-01;Pre-covid;Pre-covid
2018;11;Baleares;Hortalizas frescas;5540.34;10855.86;1.96;96.43;5.38;10.54;2018-11-01;Pre-covid;Pre-covid
2018;11;Baleares;Omates;962.42;1856.62;1.93;81.93;0.93;1.8;2018-11-01;Pre-covid;Pre-covid
2018;11;Baleares;Cebollas;797.44;946.59;1.19;73.4;0.77;0.92;2018-11-01;Pre-covid;Pre-covid
2018;11;Baleares;Ajos;31.8;157.31;4.95;28.65;0.03;0.15;2018-11-01;Pre-covid;Pre-covid
2018;11;Baleares;Coles;202.72;250.4;1.24;33.38;0.2;0.24;2018-11-01;Pre-covid;Pre-covid
2018;11;Baleares;Pepinos;156.47;243.65;1.56;26.44;0.15;0.24;2018-11-01;Pre-covid;Pre-covid
2018;11;Baleares;Judias verdes;302.84;524.29;1.73;36.92;0.29;0.51;2018-11-01;Pre-covid;Pre-covid
2018;11;Baleares;Pimientos;326.13;670.83;2.06;57.57;0.32;0.65;2018-11-01;Pre-covid;Pre-covid
2018;11;Baleares;Champiñoneso setas;216.31;875.71;4.05;56.96;0.21;0.85;2018-11-01;Pre-covid;Pre-covid
2018;11;Baleares;Lechuga/esc /endivia;300.67;991.54;3.3;59.2;0.29;0.96;2018-11-01;Pre-covid;Pre-covid
2018;11;Baleares;Esparragos;61.88;73.25;1.18;5.07;0.06;0.07;2018-11-01;Pre-covid;Pre-covid
2018;11;Baleares;Verduras de hoja;291.66;578.11;1.98;36.07;0.28;0.56;2018-11-01;Pre-covid;Pre-covid
2018;11;Baleares;Berenjenas;170.9;291.72;1.71;31.07;0.17;0.28;2018-11-01;Pre-covid;Pre-covid
2018;11;Baleares;Zanahorias;351.65;317.08;0.9;65.21;0.34;0.31;2018-11-01;Pre-covid;Pre-covid
2018;11;Baleares;Calabacines;273.01;495.84;1.82;43.34;0.27;0.48;2018-11-01;Pre-covid;Pre-covid
2018;11;Baleares;Otr hortalizas/verd ;1094.43;2582.91;2.36;84.18;1.06;2.51;2018-11-01;Pre-covid;Pre-covid
2018;11;Baleares;Brocoli;104.3;205.61;1.97;28.27;0.1;0.2;2018-11-01;Pre-covid;Pre-covid
2018;11;Baleares;Alcachofas;28.66;109.55;3.82;8.41;0.03;0.11;2018-11-01;Pre-covid;Pre-covid
2018;11;Baleares;Verd /hort  iv gama;843.27;2029.86;2.41;77.24;0.82;1.97;2018-11-01;Pre-covid;Pre-covid
2018;11;Canarias;Patatas;4906.55;4974.43;1.01;79.99;2.24;2.28;2018-11-01;Pre-covid;Pre-covid
2018;11;Canarias;Patatas frescas;3913.91;3942.33;1.01;74.78;1.79;1.8;2018-11-01;Pre-covid;Pre-covid
2018;11;Canarias;Patatas congeladas;299.85;325.43;1.09;12.18;0.14;0.15;2018-11-01;Pre-covid;Pre-covid
2018;11;Canarias;Patatas procesadas;138.56;706.67;5.1;31.92;0.06;0.32;2018-11-01;Pre-covid;Pre-covid
2018;11;Canarias;Patatas fritas;124.4;687.0;5.52;31.52;0.06;0.31;2018-11-01;Pre-covid;Pre-covid
2018;11;Canarias;Hortalizas frescas;8637.47;16498.07;1.91;98.13;3.95;7.55;2018-11-01;Pre-covid;Pre-covid
2018;11;Canarias;Omates;1595.83;2461.11;1.54;77.49;0.73;1.13;2018-11-01;Pre-covid;Pre-covid
2018;11;Canarias;Cebollas;1129.58;1142.4;1.01;70.13;0.52;0.52;2018-11-01;Pre-covid;Pre-covid
2018;11;Canarias;Ajos;127.62;472.09;3.7;45.33;0.06;0.22;2018-11-01;Pre-covid;Pre-covid
2018;11;Canarias;Coles;247.76;296.22;1.2;27.4;0.11;0.14;2018-11-01;Pre-covid;Pre-covid
2018;11;Canarias;Pepinos;247.5;382.42;1.55;33.4;0.11;0.17;2018-11-01;Pre-covid;Pre-covid
2018;11;Canarias;Judias verdes;213.93;483.56;2.26;24.23;0.1;0.22;2018-11-01;Pre-covid;Pre-covid
2018;11;Canarias;Pimientos;744.11;1502.21;2.02;71.3;0.34;0.69;2018-11-01;Pre-covid;Pre-covid
2018;11;Canarias;Champiñoneso setas;198.21;835.02;4.21;40.68;0.09;0.38;2018-11-01;Pre-covid;Pre-covid
2018;11;Canarias;Lechuga/esc /endivia;328.66;1062.67;3.23;50.79;0.15;0.49;2018-11-01;Pre-covid;Pre-covid
2018;11;Canarias;Esparragos;14.35;73.06;5.09;2.66;0.01;0.03;2018-11-01;Pre-covid;Pre-covid
2018;11;Canarias;Verduras de hoja;109.14;315.06;2.89;20.24;0.05;0.14;2018-11-01;Pre-covid;Pre-covid
2018;11;Canarias;Berenjenas;89.16;152.71;1.71;16.15;0.04;0.07;2018-11-01;Pre-covid;Pre-covid
2018;11;Canarias;Zanahorias;745.54;732.85;0.98;69.71;0.34;0.34;2018-11-01;Pre-covid;Pre-covid
2018;11;Canarias;Calabacines;869.87;1688.22;1.94;60.97;0.4;0.77;2018-11-01;Pre-covid;Pre-covid
2018;11;Canarias;Otr hortalizas/verd ;1976.22;4898.44;2.48;80.95;0.9;2.24;2018-11-01;Pre-covid;Pre-covid
2018;11;Canarias;Brocoli;72.22;150.91;2.09;11.0;0.03;0.07;2018-11-01;Pre-covid;Pre-covid
2018;11;Canarias;Alcachofas;0.73;2.05;2.8;0.11;0.0;0.0;2018-11-01;Pre-covid;Pre-covid
2018;11;Canarias;Verd /hort  iv gama;1387.67;3439.61;2.48;63.4;0.63;1.57;2018-11-01;Pre-covid;Pre-covid
2018;11;Cantabria;Patatas;950.13;775.3;0.82;62.55;1.71;1.39;2018-11-01;Pre-covid;Pre-covid
2018;11;Cantabria;Patatas frescas;658.65;500.0;0.76;51.45;1.18;0.9;2018-11-01;Pre-covid;Pre-covid
2018;11;Cantabria;Patatas congeladas;93.2;99.61;1.07;13.08;0.17;0.18;2018-11-01;Pre-covid;Pre-covid
2018;11;Cantabria;Patatas procesadas;39.66;175.7;4.43;32.08;0.07;0.32;2018-11-01;Pre-covid;Pre-covid
2018;11;Cantabria;Patatas fritas;25.13;156.53;6.23;28.7;0.05;0.28;2018-11-01;Pre-covid;Pre-covid
2018;11;Cantabria;Hortalizas frescas;1547.34;3121.61;2.02;95.01;2.78;5.61;2018-11-01;Pre-covid;Pre-covid
2018;11;Cantabria;Omates;234.62;536.77;2.29;53.11;0.42;0.96;2018-11-01;Pre-covid;Pre-covid
2018;11;Cantabria;Cebollas;262.43;262.52;1.0;68.23;0.47;0.47;2018-11-01;Pre-covid;Pre-covid
2018;11;Cantabria;Ajos;31.45;168.68;5.36;47.23;0.06;0.3;2018-11-01;Pre-covid;Pre-covid
2018;11;Cantabria;Coles;25.34;27.42;1.08;9.01;0.05;0.05;2018-11-01;Pre-covid;Pre-covid
2018;11;Cantabria;Pepinos;30.66;52.78;1.72;11.88;0.06;0.09;2018-11-01;Pre-covid;Pre-covid
2018;11;Cantabria;Judias verdes;46.49;124.97;2.69;24.98;0.08;0.22;2018-11-01;Pre-covid;Pre-covid
2018;11;Cantabria;Pimientos;132.04;266.42;2.02;54.29;0.24;0.48;2018-11-01;Pre-covid;Pre-covid
2018;11;Cantabria;Champiñoneso setas;42.9;225.04;5.25;37.21;0.08;0.4;2018-11-01;Pre-covid;Pre-covid
2018;11;Cantabria;Lechuga/esc /endivia;84.45;268.18;3.18;51.57;0.15;0.48;2018-11-01;Pre-covid;Pre-covid
2018;11;Cantabria;Esparragos;5.05;30.84;6.1;3.25;0.01;0.06;2018-11-01;Pre-covid;Pre-covid
2018;11;Cantabria;Verduras de hoja;18.11;31.86;1.76;8.53;0.03;0.06;2018-11-01;Pre-covid;Pre-covid
2018;11;Cantabria;Berenjenas;42.76;72.03;1.68;24.64;0.08;0.13;2018-11-01;Pre-covid;Pre-covid
2018;11;Cantabria;Zanahorias;156.22;127.39;0.82;47.12;0.28;0.23;2018-11-01;Pre-covid;Pre-covid
2018;11;Cantabria;Calabacines;82.26;168.18;2.04;37.14;0.15;0.3;2018-11-01;Pre-covid;Pre-covid
2018;11;Cantabria;Otr hortalizas/verd ;352.58;758.52;2.15;72.15;0.63;1.36;2018-11-01;Pre-covid;Pre-covid
2018;11;Cantabria;Brocoli;55.18;78.45;1.42;24.42;0.1;0.14;2018-11-01;Pre-covid;Pre-covid
2018;11;Cantabria;Alcachofas;5.11;25.87;5.07;1.09;0.01;0.05;2018-11-01;Pre-covid;Pre-covid
2018;11;Cantabria;Verd /hort  iv gama;123.86;422.94;3.41;41.79;0.22;0.76;2018-11-01;Pre-covid;Pre-covid
2018;11;Castilla la mancha;Patatas;3913.29;3321.47;0.85;74.0;1.87;1.58;2018-11-01;Pre-covid;Pre-covid
2018;11;Castilla la mancha;Patatas frescas;2638.44;2001.12;0.76;53.79;1.26;0.95;2018-11-01;Pre-covid;Pre-covid
2018;11;Castilla la mancha;Patatas congeladas;276.43;338.43;1.22;17.95;0.13;0.16;2018-11-01;Pre-covid;Pre-covid
2018;11;Castilla la mancha;Patatas procesadas;199.69;981.92;4.92;48.37;0.1;0.47;2018-11-01;Pre-covid;Pre-covid
2018;11;Castilla la mancha;Patatas fritas;170.57;939.3;5.51;45.86;0.08;0.45;2018-11-01;Pre-covid;Pre-covid
2018;11;Castilla la mancha;Hortalizas frescas;7657.01;14392.76;1.88;95.23;3.65;6.86;2018-11-01;Pre-covid;Pre-covid
2018;11;Castilla la mancha;Omates;1705.37;2779.79;1.63;68.95;0.81;1.33;2018-11-01;Pre-covid;Pre-covid
2018;11;Castilla la mancha;Cebollas;776.8;775.04;1.0;59.72;0.37;0.37;2018-11-01;Pre-covid;Pre-covid
2018;11;Castilla la mancha;Ajos;83.02;379.79;4.57;27.08;0.04;0.18;2018-11-01;Pre-covid;Pre-covid
2018;11;Castilla la mancha;Coles;238.93;305.8;1.28;18.73;0.11;0.15;2018-11-01;Pre-covid;Pre-covid
2018;11;Castilla la mancha;Pepinos;249.59;393.89;1.58;24.82;0.12;0.19;2018-11-01;Pre-covid;Pre-covid
2018;11;Castilla la mancha;Judias verdes;266.88;771.95;2.89;25.47;0.13;0.37;2018-11-01;Pre-covid;Pre-covid
2018;11;Castilla la mancha;Pimientos;786.31;1249.57;1.59;52.65;0.37;0.6;2018-11-01;Pre-covid;Pre-covid
2018;11;Castilla la mancha;Champiñoneso setas;383.63;1714.31;4.47;50.12;0.18;0.82;2018-11-01;Pre-covid;Pre-covid
2018;11;Castilla la mancha;Lechuga/esc /endivia;369.01;1087.2;2.95;45.36;0.18;0.52;2018-11-01;Pre-covid;Pre-covid
2018;11;Castilla la mancha;Esparragos;63.7;241.74;3.8;10.0;0.03;0.12;2018-11-01;Pre-covid;Pre-covid
2018;11;Castilla la mancha;Verduras de hoja;258.36;556.89;2.16;26.22;0.12;0.27;2018-11-01;Pre-covid;Pre-covid
2018;11;Castilla la mancha;Berenjenas;230.12;369.59;1.61;25.55;0.11;0.18;2018-11-01;Pre-covid;Pre-covid
2018;11;Castilla la mancha;Zanahorias;449.72;370.7;0.82;49.03;0.21;0.18;2018-11-01;Pre-covid;Pre-covid
2018;11;Castilla la mancha;Calabacines;538.0;948.28;1.76;48.76;0.26;0.45;2018-11-01;Pre-covid;Pre-covid
2018;11;Castilla la mancha;Otr hortalizas/verd ;1257.57;2448.21;1.95;65.12;0.6;1.17;2018-11-01;Pre-covid;Pre-covid
2018;11;Castilla la mancha;Brocoli;192.68;271.57;1.41;18.19;0.09;0.13;2018-11-01;Pre-covid;Pre-covid
2018;11;Castilla la mancha;Alcachofas;52.65;161.13;3.06;9.57;0.03;0.08;2018-11-01;Pre-covid;Pre-covid
2018;11;Castilla la mancha;Verd /hort  iv gama;793.0;2043.41;2.58;58.13;0.38;0.97;2018-11-01;Pre-covid;Pre-covid
2018;11;Castilla leon;Patatas;4067.0;3518.34;0.87;63.44;1.66;1.44;2018-11-01;Pre-covid;Pre-covid
2018;11;Castilla leon;Patatas frescas;3097.93;2471.68;0.8;47.73;1.27;1.01;2018-11-01;Pre-covid;Pre-covid
2018;11;Castilla leon;Patatas congeladas;93.82;123.13;1.31;6.16;0.04;0.05;2018-11-01;Pre-covid;Pre-covid
2018;11;Castilla leon;Patatas procesadas;175.05;923.52;5.28;33.5;0.07;0.38;2018-11-01;Pre-covid;Pre-covid
2018;11;Castilla leon;Patatas fritas;136.86;869.81;6.36;32.4;0.06;0.36;2018-11-01;Pre-covid;Pre-covid
2018;11;Castilla leon;Hortalizas frescas;8201.12;14438.03;1.76;91.91;3.35;5.9;2018-11-01;Pre-covid;Pre-covid
2018;11;Castilla leon;Omates;1413.74;2357.36;1.67;57.07;0.58;0.96;2018-11-01;Pre-covid;Pre-covid
2018;11;Castilla leon;Cebollas;1249.9;1248.94;1.0;59.72;0.51;0.51;2018-11-01;Pre-covid;Pre-covid
2018;11;Castilla leon;Ajos;104.07;441.18;4.24;23.89;0.04;0.18;2018-11-01;Pre-covid;Pre-covid
2018;11;Castilla leon;Coles;399.08;436.19;1.09;17.73;0.16;0.18;2018-11-01;Pre-covid;Pre-covid
2018;11;Castilla leon;Pepinos;159.75;257.04;1.61;16.92;0.07;0.11;2018-11-01;Pre-covid;Pre-covid
2018;11;Castilla leon;Judias verdes;233.58;774.25;3.31;21.82;0.1;0.32;2018-11-01;Pre-covid;Pre-covid
2018;11;Castilla leon;Pimientos;952.78;1707.48;1.79;55.2;0.39;0.7;2018-11-01;Pre-covid;Pre-covid
2018;11;Castilla leon;Champiñoneso setas;198.76;736.64;3.71;32.91;0.08;0.3;2018-11-01;Pre-covid;Pre-covid
2018;11;Castilla leon;Lechuga/esc /endivia;544.44;1395.98;2.56;44.9;0.22;0.57;2018-11-01;Pre-covid;Pre-covid
2018;11;Castilla leon;Esparragos;32.88;75.41;2.29;2.21;0.01;0.03;2018-11-01;Pre-covid;Pre-covid
2018;11;Castilla leon;Verduras de hoja;171.26;439.91;2.57;18.73;0.07;0.18;2018-11-01;Pre-covid;Pre-covid
2018;11;Castilla leon;Berenjenas;111.64;195.72;1.75;15.27;0.05;0.08;2018-11-01;Pre-covid;Pre-covid
2018;11;Castilla leon;Zanahorias;735.14;588.43;0.8;55.7;0.3;0.24;2018-11-01;Pre-covid;Pre-covid
2018;11;Castilla leon;Calabacines;420.85;738.46;1.75;32.22;0.17;0.3;2018-11-01;Pre-covid;Pre-covid
2018;11;Castilla leon;Otr hortalizas/verd ;1473.27;3045.05;2.07;65.2;0.6;1.24;2018-11-01;Pre-covid;Pre-covid
2018;11;Castilla leon;Brocoli;253.47;330.68;1.3;18.38;0.1;0.14;2018-11-01;Pre-covid;Pre-covid
2018;11;Castilla leon;Alcachofas;33.97;106.2;3.13;3.86;0.01;0.04;2018-11-01;Pre-covid;Pre-covid
2018;11;Castilla leon;Verd /hort  iv gama;654.58;1913.96;2.92;51.09;0.27;0.78;2018-11-01;Pre-covid;Pre-covid
2018;11;Cataluña;Patatas;18129.58;16912.16;0.93;83.76;2.62;2.44;2018-11-01;Pre-covid;Pre-covid
2018;11;Cataluña;Patatas frescas;12967.84;11200.48;0.86;74.58;1.87;1.62;2018-11-01;Pre-covid;Pre-covid
2018;11;Cataluña;Patatas congeladas;455.35;635.46;1.4;10.99;0.07;0.09;2018-11-01;Pre-covid;Pre-covid
2018;11;Cataluña;Patatas procesadas;941.28;5076.22;5.39;51.41;0.14;0.73;2018-11-01;Pre-covid;Pre-covid
2018;11;Cataluña;Patatas fritas;732.0;4777.35;6.53;49.51;0.11;0.69;2018-11-01;Pre-covid;Pre-covid
2018;11;Cataluña;Hortalizas frescas;36208.92;72535.42;2.0;97.11;5.23;10.48;2018-11-01;Pre-covid;Pre-covid
2018;11;Cataluña;Omates;6885.43;13095.08;1.9;81.46;1.0;1.89;2018-11-01;Pre-covid;Pre-covid
2018;11;Cataluña;Cebollas;5610.19;5954.38;1.06;72.67;0.81;0.86;2018-11-01;Pre-covid;Pre-covid
2018;11;Cataluña;Ajos;439.83;1974.28;4.49;35.53;0.06;0.29;2018-11-01;Pre-covid;Pre-covid
2018;11;Cataluña;Coles;1107.68;1405.43;1.27;22.47;0.16;0.2;2018-11-01;Pre-covid;Pre-covid
2018;11;Cataluña;Pepinos;800.68;1402.66;1.75;27.39;0.12;0.2;2018-11-01;Pre-covid;Pre-covid
2018;11;Cataluña;Judias verdes;1372.18;4270.32;3.11;38.24;0.2;0.62;2018-11-01;Pre-covid;Pre-covid
2018;11;Cataluña;Pimientos;2263.23;4341.1;1.92;59.62;0.33;0.63;2018-11-01;Pre-covid;Pre-covid
2018;11;Cataluña;Champiñoneso setas;1310.99;6919.06;5.28;42.35;0.19;1.0;2018-11-01;Pre-covid;Pre-covid
2018;11;Cataluña;Lechuga/esc /endivia;1972.07;5902.72;2.99;58.34;0.29;0.85;2018-11-01;Pre-covid;Pre-covid
2018;11;Cataluña;Esparragos;449.41;859.44;1.91;9.13;0.06;0.12;2018-11-01;Pre-covid;Pre-covid
2018;11;Cataluña;Verduras de hoja;1138.0;2549.65;2.24;27.17;0.16;0.37;2018-11-01;Pre-covid;Pre-covid
2018;11;Cataluña;Berenjenas;977.32;1611.83;1.65;32.66;0.14;0.23;2018-11-01;Pre-covid;Pre-covid
2018;11;Cataluña;Zanahorias;1892.36;1816.83;0.96;50.7;0.27;0.26;2018-11-01;Pre-covid;Pre-covid
2018;11;Cataluña;Calabacines;2150.72;4071.6;1.89;49.06;0.31;0.59;2018-11-01;Pre-covid;Pre-covid
2018;11;Cataluña;Otr hortalizas/verd ;7838.83;16361.06;2.09;83.05;1.13;2.36;2018-11-01;Pre-covid;Pre-covid
2018;11;Cataluña;Brocoli;1181.42;1753.46;1.48;27.72;0.17;0.25;2018-11-01;Pre-covid;Pre-covid
2018;11;Cataluña;Alcachofas;328.42;947.33;2.88;10.45;0.05;0.14;2018-11-01;Pre-covid;Pre-covid
2018;11;Cataluña;Verd /hort  iv gama;4504.36;11037.25;2.45;69.5;0.65;1.6;2018-11-01;Pre-covid;Pre-covid
2018;11;Extremadura;Patatas;2086.55;1788.89;0.86;74.05;1.77;1.52;2018-11-01;Pre-covid;Pre-covid
2018;11;Extremadura;Patatas frescas;1275.85;1030.22;0.81;58.24;1.08;0.87;2018-11-01;Pre-covid;Pre-covid
2018;11;Extremadura;Patatas congeladas;149.05;157.96;1.06;12.78;0.13;0.13;2018-11-01;Pre-covid;Pre-covid
2018;11;Extremadura;Patatas procesadas;132.33;600.7;4.54;49.32;0.11;0.51;2018-11-01;Pre-covid;Pre-covid
2018;11;Extremadura;Patatas fritas;103.37;568.82;5.5;47.88;0.09;0.48;2018-11-01;Pre-covid;Pre-covid
2018;11;Extremadura;Hortalizas frescas;4424.12;8210.74;1.86;95.24;3.75;6.96;2018-11-01;Pre-covid;Pre-covid
2018;11;Extremadura;Omates;791.85;1251.34;1.58;75.78;0.67;1.06;2018-11-01;Pre-covid;Pre-covid
2018;11;Extremadura;Cebollas;601.24;627.37;1.04;61.43;0.51;0.53;2018-11-01;Pre-covid;Pre-covid
2018;11;Extremadura;Ajos;77.74;275.62;3.55;34.04;0.07;0.23;2018-11-01;Pre-covid;Pre-covid
2018;11;Extremadura;Coles;252.32;284.76;1.13;18.93;0.21;0.24;2018-11-01;Pre-covid;Pre-covid
2018;11;Extremadura;Pepinos;79.78;126.86;1.59;23.95;0.07;0.11;2018-11-01;Pre-covid;Pre-covid
2018;11;Extremadura;Judias verdes;105.02;415.91;3.96;23.16;0.09;0.35;2018-11-01;Pre-covid;Pre-covid
2018;11;Extremadura;Pimientos;430.25;695.91;1.62;50.52;0.36;0.59;2018-11-01;Pre-covid;Pre-covid
2018;11;Extremadura;Champiñoneso setas;130.24;788.06;6.05;35.54;0.11;0.67;2018-11-01;Pre-covid;Pre-covid
2018;11;Extremadura;Lechuga/esc /endivia;262.79;701.21;2.67;52.48;0.22;0.59;2018-11-01;Pre-covid;Pre-covid
2018;11;Extremadura;Esparragos;9.05;49.74;5.5;6.68;0.01;0.04;2018-11-01;Pre-covid;Pre-covid
2018;11;Extremadura;Verduras de hoja;102.91;232.51;2.26;26.61;0.09;0.2;2018-11-01;Pre-covid;Pre-covid
2018;11;Extremadura;Berenjenas;123.3;205.29;1.66;26.02;0.1;0.17;2018-11-01;Pre-covid;Pre-covid
2018;11;Extremadura;Zanahorias;303.99;260.43;0.86;51.71;0.26;0.22;2018-11-01;Pre-covid;Pre-covid
2018;11;Extremadura;Calabacines;229.6;387.88;1.69;33.37;0.19;0.33;2018-11-01;Pre-covid;Pre-covid
2018;11;Extremadura;Otr hortalizas/verd ;924.05;1907.85;2.06;69.34;0.78;1.62;2018-11-01;Pre-covid;Pre-covid
2018;11;Extremadura;Brocoli;122.35;195.91;1.6;25.17;0.1;0.17;2018-11-01;Pre-covid;Pre-covid
2018;11;Extremadura;Alcachofas;7.47;20.0;2.68;3.4;0.01;0.02;2018-11-01;Pre-covid;Pre-covid
2018;11;Extremadura;Verd /hort  iv gama;566.92;1253.87;2.21;61.36;0.48;1.06;2018-11-01;Pre-covid;Pre-covid
2018;11;Galicia;Patatas;6847.26;6326.66;0.92;63.49;2.47;2.28;2018-11-01;Pre-covid;Pre-covid
2018;11;Galicia;Patatas frescas;5471.93;4586.77;0.84;46.28;1.98;1.66;2018-11-01;Pre-covid;Pre-covid
2018;11;Galicia;Patatas congeladas;164.21;188.38;1.15;6.98;0.06;0.07;2018-11-01;Pre-covid;Pre-covid
2018;11;Galicia;Patatas procesadas;242.23;1551.51;6.41;36.31;0.09;0.56;2018-11-01;Pre-covid;Pre-covid
2018;11;Galicia;Patatas fritas;208.09;1504.96;7.23;35.15;0.08;0.54;2018-11-01;Pre-covid;Pre-covid
2018;11;Galicia;Hortalizas frescas;10304.72;19180.61;1.86;96.33;3.72;6.92;2018-11-01;Pre-covid;Pre-covid
2018;11;Galicia;Omates;1467.31;2768.81;1.89;63.43;0.53;1.0;2018-11-01;Pre-covid;Pre-covid
2018;11;Galicia;Cebollas;1657.16;1804.55;1.09;50.39;0.6;0.65;2018-11-01;Pre-covid;Pre-covid
2018;11;Galicia;Ajos;119.58;566.08;4.73;28.48;0.04;0.2;2018-11-01;Pre-covid;Pre-covid
2018;11;Galicia;Coles;1070.8;1168.89;1.09;28.6;0.39;0.42;2018-11-01;Pre-covid;Pre-covid
2018;11;Galicia;Pepinos;96.02;161.14;1.68;7.58;0.03;0.06;2018-11-01;Pre-covid;Pre-covid
2018;11;Galicia;Judias verdes;435.34;1573.64;3.61;25.68;0.16;0.57;2018-11-01;Pre-covid;Pre-covid
2018;11;Galicia;Pimientos;920.31;1600.66;1.74;41.6;0.33;0.58;2018-11-01;Pre-covid;Pre-covid
2018;11;Galicia;Champiñoneso setas;296.48;954.34;3.22;24.59;0.11;0.34;2018-11-01;Pre-covid;Pre-covid
2018;11;Galicia;Lechuga/esc /endivia;656.83;1512.7;2.3;46.29;0.24;0.55;2018-11-01;Pre-covid;Pre-covid
2018;11;Galicia;Esparragos;14.8;102.33;6.92;3.11;0.01;0.04;2018-11-01;Pre-covid;Pre-covid
2018;11;Galicia;Verduras de hoja;203.45;514.38;2.53;14.98;0.07;0.19;2018-11-01;Pre-covid;Pre-covid
2018;11;Galicia;Berenjenas;124.39;215.54;1.73;14.57;0.04;0.08;2018-11-01;Pre-covid;Pre-covid
2018;11;Galicia;Zanahorias;751.6;685.79;0.91;55.24;0.27;0.25;2018-11-01;Pre-covid;Pre-covid
2018;11;Galicia;Calabacines;371.53;670.23;1.8;28.39;0.13;0.24;2018-11-01;Pre-covid;Pre-covid
2018;11;Galicia;Otr hortalizas/verd ;2119.13;4881.52;2.3;70.46;0.76;1.76;2018-11-01;Pre-covid;Pre-covid
2018;11;Galicia;Brocoli;441.5;726.26;1.64;25.75;0.16;0.26;2018-11-01;Pre-covid;Pre-covid
2018;11;Galicia;Alcachofas;60.71;216.32;3.56;4.68;0.02;0.08;2018-11-01;Pre-covid;Pre-covid
2018;11;Galicia;Verd /hort  iv gama;1920.42;3618.64;1.88;53.12;0.69;1.31;2018-11-01;Pre-covid;Pre-covid
2018;11;La rioja;Patatas;310.48;275.91;0.89;54.33;0.98;0.87;2018-11-01;Pre-covid;Pre-covid
2018;11;La rioja;Patatas frescas;211.95;175.51;0.83;46.02;0.67;0.55;2018-11-01;Pre-covid;Pre-covid
2018;11;La rioja;Patatas congeladas;9.01;11.29;1.25;4.36;0.03;0.04;2018-11-01;Pre-covid;Pre-covid
2018;11;La rioja;Patatas procesadas;17.9;89.11;4.98;26.37;0.06;0.28;2018-11-01;Pre-covid;Pre-covid
2018;11;La rioja;Patatas fritas;13.53;83.54;6.18;23.26;0.04;0.26;2018-11-01;Pre-covid;Pre-covid
2018;11;La rioja;Hortalizas frescas;1181.04;2491.4;2.11;86.34;3.73;7.87;2018-11-01;Pre-covid;Pre-covid
2018;11;La rioja;Omates;102.35;208.07;2.03;40.69;0.32;0.66;2018-11-01;Pre-covid;Pre-covid
2018;11;La rioja;Cebollas;125.41;120.68;0.96;42.11;0.4;0.38;2018-11-01;Pre-covid;Pre-covid
2018;11;La rioja;Ajos;9.09;53.28;5.86;22.37;0.03;0.17;2018-11-01;Pre-covid;Pre-covid
2018;11;La rioja;Coles;55.32;50.49;0.91;18.71;0.17;0.16;2018-11-01;Pre-covid;Pre-covid
2018;11;La rioja;Pepinos;22.47;33.76;1.5;15.5;0.07;0.11;2018-11-01;Pre-covid;Pre-covid
2018;11;La rioja;Judias verdes;23.21;78.44;3.38;17.78;0.07;0.25;2018-11-01;Pre-covid;Pre-covid
2018;11;La rioja;Pimientos;112.68;241.14;2.14;39.08;0.36;0.76;2018-11-01;Pre-covid;Pre-covid
2018;11;La rioja;Champiñoneso setas;63.85;354.87;5.56;38.45;0.2;1.12;2018-11-01;Pre-covid;Pre-covid
2018;11;La rioja;Lechuga/esc /endivia;143.26;385.72;2.69;40.13;0.45;1.22;2018-11-01;Pre-covid;Pre-covid
2018;11;La rioja;Esparragos;10.59;12.4;1.17;4.35;0.03;0.04;2018-11-01;Pre-covid;Pre-covid
2018;11;La rioja;Verduras de hoja;41.15;77.95;1.89;28.7;0.13;0.25;2018-11-01;Pre-covid;Pre-covid
2018;11;La rioja;Berenjenas;49.44;87.28;1.77;18.3;0.16;0.28;2018-11-01;Pre-covid;Pre-covid
2018;11;La rioja;Zanahorias;69.58;54.89;0.79;49.49;0.22;0.17;2018-11-01;Pre-covid;Pre-covid
2018;11;La rioja;Calabacines;76.98;145.27;1.89;43.17;0.24;0.46;2018-11-01;Pre-covid;Pre-covid
2018;11;La rioja;Otr hortalizas/verd ;275.65;587.13;2.13;68.7;0.87;1.86;2018-11-01;Pre-covid;Pre-covid
2018;11;La rioja;Brocoli;21.61;23.33;1.08;13.57;0.07;0.07;2018-11-01;Pre-covid;Pre-covid
2018;11;La rioja;Alcachofas;5.74;16.17;2.82;2.81;0.02;0.05;2018-11-01;Pre-covid;Pre-covid
2018;11;La rioja;Verd /hort  iv gama;114.8;347.84;3.03;42.29;0.36;1.1;2018-11-01;Pre-covid;Pre-covid
2018;11;Madrid;Patatas;13699.11;11133.66;0.81;76.05;2.2;1.79;2018-11-01;Pre-covid;Pre-covid
2018;11;Madrid;Patatas frescas;9883.3;7392.04;0.75;64.59;1.59;1.19;2018-11-01;Pre-covid;Pre-covid
2018;11;Madrid;Patatas congeladas;452.35;608.33;1.34;10.32;0.07;0.1;2018-11-01;Pre-covid;Pre-covid
2018;11;Madrid;Patatas procesadas;672.69;3133.29;4.66;42.83;0.11;0.5;2018-11-01;Pre-covid;Pre-covid
2018;11;Madrid;Patatas fritas;465.5;2832.44;6.08;39.3;0.07;0.46;2018-11-01;Pre-covid;Pre-covid
2018;11;Madrid;Hortalizas frescas;25936.45;49805.21;1.92;97.16;4.17;8.0;2018-11-01;Pre-covid;Pre-covid
2018;11;Madrid;Omates;5491.47;9532.14;1.74;78.5;0.88;1.53;2018-11-01;Pre-covid;Pre-covid
2018;11;Madrid;Cebollas;3081.17;3286.84;1.07;65.08;0.5;0.53;2018-11-01;Pre-covid;Pre-covid
2018;11;Madrid;Ajos;386.27;1583.25;4.1;34.64;0.06;0.25;2018-11-01;Pre-covid;Pre-covid
2018;11;Madrid;Coles;1057.07;1211.05;1.15;25.51;0.17;0.19;2018-11-01;Pre-covid;Pre-covid
2018;11;Madrid;Pepinos;594.94;988.42;1.66;22.97;0.1;0.16;2018-11-01;Pre-covid;Pre-covid
2018;11;Madrid;Judias verdes;886.55;2514.46;2.84;31.21;0.14;0.4;2018-11-01;Pre-covid;Pre-covid
2018;11;Madrid;Pimientos;1973.44;3623.43;1.84;62.01;0.32;0.58;2018-11-01;Pre-covid;Pre-covid
2018;11;Madrid;Champiñoneso setas;844.38;3700.27;4.38;44.07;0.14;0.59;2018-11-01;Pre-covid;Pre-covid
2018;11;Madrid;Lechuga/esc /endivia;1239.35;3891.57;3.14;53.58;0.2;0.63;2018-11-01;Pre-covid;Pre-covid
2018;11;Madrid;Esparragos;277.71;729.32;2.63;9.8;0.04;0.12;2018-11-01;Pre-covid;Pre-covid
2018;11;Madrid;Verduras de hoja;846.45;1880.11;2.22;30.8;0.14;0.3;2018-11-01;Pre-covid;Pre-covid
2018;11;Madrid;Berenjenas;651.02;1017.94;1.56;26.87;0.1;0.16;2018-11-01;Pre-covid;Pre-covid
2018;11;Madrid;Zanahorias;1973.93;1653.3;0.84;58.91;0.32;0.27;2018-11-01;Pre-covid;Pre-covid
2018;11;Madrid;Calabacines;1808.41;3065.88;1.7;48.35;0.29;0.49;2018-11-01;Pre-covid;Pre-covid
2018;11;Madrid;Otr hortalizas/verd ;4824.28;11127.22;2.31;80.31;0.78;1.79;2018-11-01;Pre-covid;Pre-covid
2018;11;Madrid;Brocoli;637.98;1144.61;1.79;23.03;0.1;0.18;2018-11-01;Pre-covid;Pre-covid
2018;11;Madrid;Alcachofas;92.8;363.76;3.92;4.77;0.01;0.06;2018-11-01;Pre-covid;Pre-covid
2018;11;Madrid;Verd /hort  iv gama;3166.72;9290.18;2.93;69.84;0.51;1.49;2018-11-01;Pre-covid;Pre-covid
2018;11;Murcia;Patatas;2698.49;2276.66;0.84;76.19;1.89;1.6;2018-11-01;Pre-covid;Pre-covid
2018;11;Murcia;Patatas frescas;1952.42;1476.25;0.76;60.6;1.37;1.04;2018-11-01;Pre-covid;Pre-covid
2018;11;Murcia;Patatas congeladas;87.64;125.3;1.43;11.1;0.06;0.09;2018-11-01;Pre-covid;Pre-covid
2018;11;Murcia;Patatas procesadas;131.69;675.11;5.13;44.7;0.09;0.47;2018-11-01;Pre-covid;Pre-covid
2018;11;Murcia;Patatas fritas;114.72;650.12;5.67;43.24;0.08;0.46;2018-11-01;Pre-covid;Pre-covid
2018;11;Murcia;Hortalizas frescas;6952.56;13030.22;1.87;95.86;4.88;9.15;2018-11-01;Pre-covid;Pre-covid
2018;11;Murcia;Omates;1568.94;2597.45;1.66;77.71;1.1;1.82;2018-11-01;Pre-covid;Pre-covid
2018;11;Murcia;Cebollas;876.87;769.97;0.88;64.05;0.62;0.54;2018-11-01;Pre-covid;Pre-covid
2018;11;Murcia;Ajos;94.49;398.27;4.22;41.67;0.07;0.28;2018-11-01;Pre-covid;Pre-covid
2018;11;Murcia;Coles;97.42;141.6;1.45;14.32;0.07;0.1;2018-11-01;Pre-covid;Pre-covid
2018;11;Murcia;Pepinos;242.83;346.07;1.43;34.09;0.17;0.24;2018-11-01;Pre-covid;Pre-covid
2018;11;Murcia;Judias verdes;229.08;740.88;3.23;42.25;0.16;0.52;2018-11-01;Pre-covid;Pre-covid
2018;11;Murcia;Pimientos;579.34;1137.51;1.96;59.23;0.41;0.8;2018-11-01;Pre-covid;Pre-covid
2018;11;Murcia;Champiñoneso setas;183.79;878.36;4.78;46.33;0.13;0.62;2018-11-01;Pre-covid;Pre-covid
2018;11;Murcia;Lechuga/esc /endivia;578.15;1563.7;2.7;55.31;0.41;1.1;2018-11-01;Pre-covid;Pre-covid
2018;11;Murcia;Esparragos;19.7;114.95;5.84;8.24;0.01;0.08;2018-11-01;Pre-covid;Pre-covid
2018;11;Murcia;Verduras de hoja;226.54;440.6;1.94;28.17;0.16;0.31;2018-11-01;Pre-covid;Pre-covid
2018;11;Murcia;Berenjenas;346.85;616.05;1.78;43.65;0.24;0.43;2018-11-01;Pre-covid;Pre-covid
2018;11;Murcia;Zanahorias;355.8;305.94;0.86;52.17;0.25;0.21;2018-11-01;Pre-covid;Pre-covid
2018;11;Murcia;Calabacines;365.5;631.54;1.73;41.5;0.26;0.44;2018-11-01;Pre-covid;Pre-covid
2018;11;Murcia;Otr hortalizas/verd ;1187.28;2347.33;1.98;80.2;0.83;1.65;2018-11-01;Pre-covid;Pre-covid
2018;11;Murcia;Brocoli;225.13;289.83;1.29;24.11;0.16;0.2;2018-11-01;Pre-covid;Pre-covid
2018;11;Murcia;Alcachofas;80.1;237.76;2.97;15.07;0.06;0.17;2018-11-01;Pre-covid;Pre-covid
2018;11;Murcia;Verd /hort  iv gama;866.15;2233.65;2.58;67.7;0.61;1.57;2018-11-01;Pre-covid;Pre-covid
2018;11;Navarra;Patatas;837.01;747.46;0.89;61.33;1.41;1.26;2018-11-01;Pre-covid;Pre-covid
2018;11;Navarra;Patatas frescas;680.93;545.97;0.8;46.89;1.15;0.92;2018-11-01;Pre-covid;Pre-covid
2018;11;Navarra;Patatas congeladas;25.67;29.67;1.16;6.95;0.04;0.05;2018-11-01;Pre-covid;Pre-covid
2018;11;Navarra;Patatas procesadas;26.08;171.82;6.59;29.24;0.04;0.29;2018-11-01;Pre-covid;Pre-covid
2018;11;Navarra;Patatas fritas;24.7;170.21;6.89;29.41;0.04;0.29;2018-11-01;Pre-covid;Pre-covid
2018;11;Navarra;Hortalizas frescas;3960.64;6931.37;1.75;94.53;6.69;11.7;2018-11-01;Pre-covid;Pre-covid
2018;11;Navarra;Omates;408.48;701.25;1.72;42.1;0.69;1.18;2018-11-01;Pre-covid;Pre-covid
2018;11;Navarra;Cebollas;871.88;802.83;0.92;47.74;1.47;1.36;2018-11-01;Pre-covid;Pre-covid
2018;11;Navarra;Ajos;68.98;200.72;2.91;21.71;0.12;0.34;2018-11-01;Pre-covid;Pre-covid
2018;11;Navarra;Coles;217.74;264.27;1.21;45.82;0.37;0.45;2018-11-01;Pre-covid;Pre-covid
2018;11;Navarra;Pepinos;64.86;109.38;1.69;11.22;0.11;0.18;2018-11-01;Pre-covid;Pre-covid
2018;11;Navarra;Judias verdes;116.59;403.25;3.46;47.21;0.2;0.68;2018-11-01;Pre-covid;Pre-covid
2018;11;Navarra;Pimientos;243.25;561.04;2.31;52.28;0.41;0.95;2018-11-01;Pre-covid;Pre-covid
2018;11;Navarra;Champiñoneso setas;70.1;286.88;4.09;43.95;0.12;0.48;2018-11-01;Pre-covid;Pre-covid
2018;11;Navarra;Lechuga/esc /endivia;194.13;463.52;2.39;56.89;0.33;0.78;2018-11-01;Pre-covid;Pre-covid
2018;11;Navarra;Esparragos;12.42;51.2;4.12;4.47;0.02;0.09;2018-11-01;Pre-covid;Pre-covid
2018;11;Navarra;Verduras de hoja;140.61;236.0;1.68;37.95;0.24;0.4;2018-11-01;Pre-covid;Pre-covid
2018;11;Navarra;Berenjenas;133.39;222.43;1.67;18.44;0.23;0.38;2018-11-01;Pre-covid;Pre-covid
2018;11;Navarra;Zanahorias;92.1;77.29;0.84;31.72;0.16;0.13;2018-11-01;Pre-covid;Pre-covid
2018;11;Navarra;Calabacines;124.78;267.92;2.15;51.73;0.21;0.45;2018-11-01;Pre-covid;Pre-covid
2018;11;Navarra;Otr hortalizas/verd ;1201.35;2283.39;1.9;68.7;2.03;3.85;2018-11-01;Pre-covid;Pre-covid
2018;11;Navarra;Brocoli;172.6;157.83;0.91;30.51;0.29;0.27;2018-11-01;Pre-covid;Pre-covid
2018;11;Navarra;Alcachofas;29.82;65.39;2.19;8.65;0.05;0.11;2018-11-01;Pre-covid;Pre-covid
2018;11;Navarra;Verd /hort  iv gama;266.23;597.11;2.24;58.36;0.45;1.01;2018-11-01;Pre-covid;Pre-covid
2018;11;Pais vasco;Patatas;5549.84;4921.3;0.89;80.6;2.68;2.38;2018-11-01;Pre-covid;Pre-covid
2018;11;Pais vasco;Patatas frescas;4326.05;3443.44;0.8;71.35;2.09;1.66;2018-11-01;Pre-covid;Pre-covid
2018;11;Pais vasco;Patatas congeladas;54.83;73.08;1.33;4.08;0.03;0.04;2018-11-01;Pre-covid;Pre-covid
2018;11;Pais vasco;Patatas procesadas;233.79;1404.77;6.01;38.48;0.11;0.68;2018-11-01;Pre-covid;Pre-covid
2018;11;Pais vasco;Patatas fritas;204.81;1365.41;6.67;37.6;0.1;0.66;2018-11-01;Pre-covid;Pre-covid
2018;11;Pais vasco;Hortalizas frescas;10120.25;20119.67;1.99;96.77;4.89;9.72;2018-11-01;Pre-covid;Pre-covid
2018;11;Pais vasco;Omates;1904.15;3894.68;2.05;67.57;0.92;1.88;2018-11-01;Pre-covid;Pre-covid
2018;11;Pais vasco;Cebollas;1297.11;1633.88;1.26;72.25;0.63;0.79;2018-11-01;Pre-covid;Pre-covid
2018;11;Pais vasco;Ajos;97.94;525.27;5.36;38.11;0.05;0.25;2018-11-01;Pre-covid;Pre-covid
2018;11;Pais vasco;Coles;370.49;440.6;1.19;23.03;0.18;0.21;2018-11-01;Pre-covid;Pre-covid
2018;11;Pais vasco;Pepinos;122.85;234.48;1.91;14.11;0.06;0.11;2018-11-01;Pre-covid;Pre-covid
2018;11;Pais vasco;Judias verdes;522.2;1310.19;2.51;37.27;0.25;0.63;2018-11-01;Pre-covid;Pre-covid
2018;11;Pais vasco;Pimientos;1115.37;2034.65;1.82;67.56;0.54;0.98;2018-11-01;Pre-covid;Pre-covid
2018;11;Pais vasco;Champiñoneso setas;334.25;1401.63;4.19;46.13;0.16;0.68;2018-11-01;Pre-covid;Pre-covid
2018;11;Pais vasco;Lechuga/esc /endivia;728.72;1890.74;2.59;58.13;0.35;0.91;2018-11-01;Pre-covid;Pre-covid
2018;11;Pais vasco;Esparragos;21.16;111.61;5.27;5.44;0.01;0.05;2018-11-01;Pre-covid;Pre-covid
2018;11;Pais vasco;Verduras de hoja;245.53;540.82;2.2;28.09;0.12;0.26;2018-11-01;Pre-covid;Pre-covid
2018;11;Pais vasco;Berenjenas;209.28;359.73;1.72;23.02;0.1;0.17;2018-11-01;Pre-covid;Pre-covid
2018;11;Pais vasco;Zanahorias;740.09;657.53;0.89;66.39;0.36;0.32;2018-11-01;Pre-covid;Pre-covid
2018;11;Pais vasco;Calabacines;569.99;1024.73;1.8;35.4;0.28;0.5;2018-11-01;Pre-covid;Pre-covid
2018;11;Pais vasco;Otr hortalizas/verd ;1841.13;4059.12;2.2;77.21;0.89;1.96;2018-11-01;Pre-covid;Pre-covid
2018;11;Pais vasco;Brocoli;314.48;469.51;1.49;19.99;0.15;0.23;2018-11-01;Pre-covid;Pre-covid
2018;11;Pais vasco;Alcachofas;13.65;41.53;3.04;2.44;0.01;0.02;2018-11-01;Pre-covid;Pre-covid
2018;11;Pais vasco;Verd /hort  iv gama;1217.56;3150.62;2.59;62.5;0.59;1.52;2018-11-01;Pre-covid;Pre-covid
2018;11;Valencia;Patatas;11316.17;10153.77;0.9;84.16;2.39;2.15;2018-11-01;Pre-covid;Pre-covid
2018;11;Valencia;Patatas frescas;8199.98;6733.42;0.82;69.03;1.73;1.42;2018-11-01;Pre-covid;Pre-covid
2018;11;Valencia;Patatas congeladas;327.05;421.84;1.29;9.96;0.07;0.09;2018-11-01;Pre-covid;Pre-covid
2018;11;Valencia;Patatas procesadas;557.83;2998.52;5.38;53.34;0.12;0.63;2018-11-01;Pre-covid;Pre-covid
2018;11;Valencia;Patatas fritas;504.7;2918.34;5.78;52.47;0.11;0.62;2018-11-01;Pre-covid;Pre-covid
2018;11;Valencia;Hortalizas frescas;23192.62;45194.32;1.95;97.4;4.9;9.55;2018-11-01;Pre-covid;Pre-covid
2018;11;Valencia;Omates;4530.02;7838.85;1.73;79.21;0.96;1.66;2018-11-01;Pre-covid;Pre-covid
2018;11;Valencia;Cebollas;3152.82;3150.0;1.0;68.42;0.67;0.67;2018-11-01;Pre-covid;Pre-covid
2018;11;Valencia;Ajos;226.65;977.18;4.31;27.15;0.05;0.21;2018-11-01;Pre-covid;Pre-covid
2018;11;Valencia;Coles;441.71;574.83;1.3;13.78;0.09;0.12;2018-11-01;Pre-covid;Pre-covid
2018;11;Valencia;Pepinos;803.46;1326.6;1.65;33.14;0.17;0.28;2018-11-01;Pre-covid;Pre-covid
2018;11;Valencia;Judias verdes;650.74;2080.41;3.2;35.74;0.14;0.44;2018-11-01;Pre-covid;Pre-covid
2018;11;Valencia;Pimientos;1688.87;2892.07;1.71;56.85;0.36;0.61;2018-11-01;Pre-covid;Pre-covid
2018;11;Valencia;Champiñoneso setas;880.0;3883.65;4.41;54.62;0.19;0.82;2018-11-01;Pre-covid;Pre-covid
2018;11;Valencia;Lechuga/esc /endivia;1307.92;3787.56;2.9;56.41;0.28;0.8;2018-11-01;Pre-covid;Pre-covid
2018;11;Valencia;Esparragos;150.14;529.46;3.53;10.16;0.03;0.11;2018-11-01;Pre-covid;Pre-covid
2018;11;Valencia;Verduras de hoja;783.88;1736.14;2.21;34.23;0.17;0.37;2018-11-01;Pre-covid;Pre-covid
2018;11;Valencia;Berenjenas;880.69;1396.62;1.59;32.74;0.19;0.3;2018-11-01;Pre-covid;Pre-covid
2018;11;Valencia;Zanahorias;1394.05;1237.6;0.89;57.15;0.29;0.26;2018-11-01;Pre-covid;Pre-covid
2018;11;Valencia;Calabacines;1243.09;2305.47;1.85;46.46;0.26;0.49;2018-11-01;Pre-covid;Pre-covid
2018;11;Valencia;Otr hortalizas/verd ;5058.59;11477.88;2.27;84.43;1.07;2.43;2018-11-01;Pre-covid;Pre-covid
2018;11;Valencia;Brocoli;557.09;888.36;1.59;24.86;0.12;0.19;2018-11-01;Pre-covid;Pre-covid
2018;11;Valencia;Alcachofas;539.55;1624.56;3.01;17.9;0.11;0.34;2018-11-01;Pre-covid;Pre-covid
2018;11;Valencia;Verd /hort  iv gama;2452.01;7111.69;2.9;68.33;0.52;1.5;2018-11-01;Pre-covid;Pre-covid
2018;11;Nacional;Frutas frescas;317603.53;498882.17;1.57;94.54;6.96;10.93;2018-11-01;Pre-covid;Pre-covid
2018;11;Nacional;Naranjas;58300.7;58273.29;1.0;50.49;1.28;1.28;2018-11-01;Pre-covid;Pre-covid
2018;11;Nacional;Mandarinas;42572.29;54235.99;1.27;59.58;0.93;1.19;2018-11-01;Pre-covid;Pre-covid
2018;11;Nacional;Limones;8144.4;13980.26;1.72;38.11;0.18;0.31;2018-11-01;Pre-covid;Pre-covid
2018;11;Nacional;Platanos;46718.59;75210.79;1.61;77.07;1.02;1.65;2018-11-01;Pre-covid;Pre-covid
2018;11;Nacional;Manzanas;46056.3;67036.95;1.46;64.42;1.01;1.47;2018-11-01;Pre-covid;Pre-covid
2018;11;Nacional;Peras;21498.51;32607.88;1.52;49.03;0.47;0.71;2018-11-01;Pre-covid;Pre-covid
2018;11;Nacional;Melocotones;3106.42;6620.48;2.13;10.62;0.07;0.15;2018-11-01;Pre-covid;Pre-covid
2018;11;Nacional;Nectarinas;631.29;773.92;1.23;2.23;0.01;0.02;2018-11-01;Pre-covid;Pre-covid
2018;11;Nacional;Albaricoques;189.17;334.6;1.77;0.71;0.0;0.01;2018-11-01;Pre-covid;Pre-covid
2018;11;Nacional;Fresas/freson;932.63;2717.29;2.91;4.16;0.02;0.06;2018-11-01;Pre-covid;Pre-covid
2018;11;Nacional;Melon;9873.51;13743.22;1.39;14.65;0.22;0.3;2018-11-01;Pre-covid;Pre-covid
2018;11;Nacional;Sandia;1791.9;2415.03;1.35;2.15;0.04;0.05;2018-11-01;Pre-covid;Pre-covid
2018;11;Nacional;Ciruelas;2415.47;4490.52;1.86;13.01;0.05;0.1;2018-11-01;Pre-covid;Pre-covid
2018;11;Nacional;Cerezas;203.53;979.24;4.81;1.11;0.0;0.02;2018-11-01;Pre-covid;Pre-covid
2018;11;Nacional;Uvas;12991.17;32280.63;2.48;33.1;0.28;0.71;2018-11-01;Pre-covid;Pre-covid
2018;11;Nacional;Kiwi;13404.4;39308.67;2.93;36.82;0.29;0.86;2018-11-01;Pre-covid;Pre-covid
2018;11;Nacional;Aguacate;5146.95;16071.88;3.12;25.16;0.11;0.35;2018-11-01;Pre-covid;Pre-covid
2018;11;Nacional;Piña;7336.3;9518.25;1.3;17.51;0.16;0.21;2018-11-01;Pre-covid;Pre-covid
2018;11;Nacional;Otras frutas frescas;36290.01;68283.28;1.88;57.03;0.8;1.5;2018-11-01;Pre-covid;Pre-covid
2018;11;Nacional;Pomelo;1109.26;1913.15;1.72;3.2;0.02;0.04;2018-11-01;Pre-covid;Pre-covid
2018;11;Nacional;Chirimoya;11.81;24.86;2.11;0.08;0.0;0.0;2018-11-01;Pre-covid;Pre-covid
2018;11;Nacional;Frutas iv gama;15547.41;25874.5;1.66;26.23;0.34;0.57;2018-11-01;Pre-covid;Pre-covid
2018;11;Andalucia;Frutas frescas;49953.25;77894.97;1.56;93.06;5.75;8.97;2018-11-01;Pre-covid;Pre-covid
2018;11;Andalucia;Naranjas;8277.22;7808.92;0.94;49.75;0.95;0.9;2018-11-01;Pre-covid;Pre-covid
2018;11;Andalucia;Mandarinas;7072.86;8800.73;1.24;59.16;0.81;1.01;2018-11-01;Pre-covid;Pre-covid
2018;11;Andalucia;Limones;1244.18;2051.35;1.65;33.45;0.14;0.24;2018-11-01;Pre-covid;Pre-covid
2018;11;Andalucia;Platanos;7933.9;12101.29;1.53;79.15;0.91;1.39;2018-11-01;Pre-covid;Pre-covid
2018;11;Andalucia;Manzanas;6009.98;8774.05;1.46;62.83;0.69;1.01;2018-11-01;Pre-covid;Pre-covid
2018;11;Andalucia;Peras;3387.56;5061.2;1.49;47.88;0.39;0.58;2018-11-01;Pre-covid;Pre-covid
2018;11;Andalucia;Melocotones;378.47;783.51;2.07;7.92;0.04;0.09;2018-11-01;Pre-covid;Pre-covid
2018;11;Andalucia;Nectarinas;138.04;138.96;1.01;1.78;0.02;0.02;2018-11-01;Pre-covid;Pre-covid
2018;11;Andalucia;Albaricoques;44.7;111.62;2.5;1.16;0.01;0.01;2018-11-01;Pre-covid;Pre-covid
2018;11;Andalucia;Fresas/freson;124.92;370.92;2.97;2.72;0.01;0.04;2018-11-01;Pre-covid;Pre-covid
2018;11;Andalucia;Melon;1616.23;2053.03;1.27;13.55;0.19;0.24;2018-11-01;Pre-covid;Pre-covid
2018;11;Andalucia;Sandia;85.88;86.43;1.01;1.19;0.01;0.01;2018-11-01;Pre-covid;Pre-covid
2018;11;Andalucia;Ciruelas;421.34;699.63;1.66;14.58;0.05;0.08;2018-11-01;Pre-covid;Pre-covid
2018;11;Andalucia;Cerezas;39.82;220.93;5.55;1.57;0.0;0.03;2018-11-01;Pre-covid;Pre-covid
2018;11;Andalucia;Uvas;1984.31;5038.56;2.54;34.13;0.23;0.58;2018-11-01;Pre-covid;Pre-covid
2018;11;Andalucia;Kiwi;1788.98;5552.97;3.1;34.03;0.21;0.64;2018-11-01;Pre-covid;Pre-covid
2018;11;Andalucia;Aguacate;922.07;2691.86;2.92;25.91;0.11;0.31;2018-11-01;Pre-covid;Pre-covid
2018;11;Andalucia;Piña;1151.08;1489.92;1.29;18.21;0.13;0.17;2018-11-01;Pre-covid;Pre-covid
2018;11;Andalucia;Otras frutas frescas;7331.71;14059.1;1.92;62.23;0.84;1.62;2018-11-01;Pre-covid;Pre-covid
2018;11;Andalucia;Pomelo;141.49;259.36;1.83;5.0;0.02;0.03;2018-11-01;Pre-covid;Pre-covid
2018;11;Andalucia;Chirimoya;0.0;0.0;0.0;0.0;0.0;0.0;2018-11-01;Pre-covid;Pre-covid
2018;11;Andalucia;Frutas iv gama;2640.9;4165.09;1.58;27.46;0.3;0.48;2018-11-01;Pre-covid;Pre-covid
2018;11;Aragon;Frutas frescas;9326.92;13852.06;1.49;92.61;7.1;10.55;2018-11-01;Pre-covid;Pre-covid
2018;11;Aragon;Naranjas;1601.25;1564.09;0.98;53.74;1.22;1.19;2018-11-01;Pre-covid;Pre-covid
2018;11;Aragon;Mandarinas;1693.67;1940.36;1.15;71.6;1.29;1.48;2018-11-01;Pre-covid;Pre-covid
2018;11;Aragon;Limones;245.62;448.14;1.82;40.92;0.19;0.34;2018-11-01;Pre-covid;Pre-covid
2018;11;Aragon;Platanos;1165.92;1846.37;1.58;75.31;0.89;1.41;2018-11-01;Pre-covid;Pre-covid
2018;11;Aragon;Manzanas;1527.53;2074.74;1.36;70.13;1.16;1.58;2018-11-01;Pre-covid;Pre-covid
2018;11;Aragon;Peras;571.06;907.26;1.59;49.59;0.43;0.69;2018-11-01;Pre-covid;Pre-covid
2018;11;Aragon;Melocotones;185.16;378.6;2.04;15.28;0.14;0.29;2018-11-01;Pre-covid;Pre-covid
2018;11;Aragon;Nectarinas;15.86;15.56;0.98;1.2;0.01;0.01;2018-11-01;Pre-covid;Pre-covid
2018;11;Aragon;Albaricoques;9.37;9.95;1.06;1.33;0.01;0.01;2018-11-01;Pre-covid;Pre-covid
2018;11;Aragon;Fresas/freson;20.26;48.88;2.41;4.16;0.02;0.04;2018-11-01;Pre-covid;Pre-covid
2018;11;Aragon;Melon;230.51;292.05;1.27;13.24;0.18;0.22;2018-11-01;Pre-covid;Pre-covid
2018;11;Aragon;Sandia;10.57;10.7;1.01;1.1;0.01;0.01;2018-11-01;Pre-covid;Pre-covid
2018;11;Aragon;Ciruelas;68.28;127.37;1.87;13.81;0.05;0.1;2018-11-01;Pre-covid;Pre-covid
2018;11;Aragon;Cerezas;0.0;0.0;0.0;0.0;0.0;0.0;2018-11-01;Pre-covid;Pre-covid
2018;11;Aragon;Uvas;437.77;1052.78;2.4;35.17;0.33;0.8;2018-11-01;Pre-covid;Pre-covid
2018;11;Aragon;Kiwi;335.44;951.35;2.84;41.39;0.26;0.72;2018-11-01;Pre-covid;Pre-covid
2018;11;Aragon;Aguacate;117.77;377.44;3.2;23.61;0.09;0.29;2018-11-01;Pre-covid;Pre-covid
2018;11;Aragon;Piña;238.32;301.98;1.27;16.97;0.18;0.23;2018-11-01;Pre-covid;Pre-covid
2018;11;Aragon;Otras frutas frescas;852.55;1504.43;1.76;57.52;0.65;1.15;2018-11-01;Pre-covid;Pre-covid
2018;11;Aragon;Pomelo;15.82;22.37;1.41;2.72;0.01;0.02;2018-11-01;Pre-covid;Pre-covid
2018;11;Aragon;Chirimoya;0.0;0.0;0.0;0.0;0.0;0.0;2018-11-01;Pre-covid;Pre-covid
2018;11;Aragon;Frutas iv gama;380.95;595.75;1.56;20.8;0.29;0.45;2018-11-01;Pre-covid;Pre-covid
2018;11;Asturias;Frutas frescas;8334.04;13508.03;1.62;93.17;7.69;12.46;2018-11-01;Pre-covid;Pre-covid
2018;11;Asturias;Naranjas;1679.63;1673.49;1.0;53.28;1.55;1.54;2018-11-01;Pre-covid;Pre-covid
2018;11;Asturias;Mandarinas;999.09;1366.19;1.37;71.58;0.92;1.26;2018-11-01;Pre-covid;Pre-covid
2018;11;Asturias;Limones;218.06;423.28;1.94;36.55;0.2;0.39;2018-11-01;Pre-covid;Pre-covid
2018;11;Asturias;Platanos;1432.81;2314.87;1.62;78.5;1.32;2.14;2018-11-01;Pre-covid;Pre-covid
2018;11;Asturias;Manzanas;1474.07;2013.66;1.37;57.81;1.36;1.86;2018-11-01;Pre-covid;Pre-covid
2018;11;Asturias;Peras;551.32;864.0;1.57;57.36;0.51;0.8;2018-11-01;Pre-covid;Pre-covid
2018;11;Asturias;Melocotones;11.4;23.12;2.03;2.89;0.01;0.02;2018-11-01;Pre-covid;Pre-covid
2018;11;Asturias;Nectarinas;45.39;47.5;1.05;7.19;0.04;0.04;2018-11-01;Pre-covid;Pre-covid
2018;11;Asturias;Albaricoques;2.49;4.95;1.99;0.4;0.0;0.0;2018-11-01;Pre-covid;Pre-covid
2018;11;Asturias;Fresas/freson;48.28;166.17;3.44;8.28;0.04;0.15;2018-11-01;Pre-covid;Pre-covid
2018;11;Asturias;Melon;128.72;222.25;1.73;12.34;0.12;0.2;2018-11-01;Pre-covid;Pre-covid
2018;11;Asturias;Sandia;12.35;11.29;0.91;1.95;0.01;0.01;2018-11-01;Pre-covid;Pre-covid
2018;11;Asturias;Ciruelas;79.95;141.35;1.77;23.99;0.07;0.13;2018-11-01;Pre-covid;Pre-covid
2018;11;Asturias;Cerezas;2.5;29.45;11.79;1.05;0.0;0.03;2018-11-01;Pre-covid;Pre-covid
2018;11;Asturias;Uvas;374.06;962.08;2.57;41.87;0.34;0.89;2018-11-01;Pre-covid;Pre-covid
2018;11;Asturias;Kiwi;447.11;1459.89;3.27;40.83;0.41;1.35;2018-11-01;Pre-covid;Pre-covid
2018;11;Asturias;Aguacate;52.13;203.49;3.9;14.35;0.05;0.19;2018-11-01;Pre-covid;Pre-covid
2018;11;Asturias;Piña;177.16;230.97;1.3;14.67;0.16;0.21;2018-11-01;Pre-covid;Pre-covid
2018;11;Asturias;Otras frutas frescas;597.51;1350.03;2.26;51.78;0.55;1.25;2018-11-01;Pre-covid;Pre-covid
2018;11;Asturias;Pomelo;79.38;113.85;1.43;6.56;0.07;0.11;2018-11-01;Pre-covid;Pre-covid
2018;11;Asturias;Chirimoya;0.0;0.0;0.0;0.0;0.0;0.0;2018-11-01;Pre-covid;Pre-covid
2018;11;Asturias;Frutas iv gama;281.22;439.64;1.56;23.32;0.26;0.41;2018-11-01;Pre-covid;Pre-covid
2018;11;Baleares;Frutas frescas;7387.36;12679.98;1.72;96.73;7.17;12.31;2018-11-01;Pre-covid;Pre-covid
2018;11;Baleares;Naranjas;1156.94;1214.96;1.05;47.06;1.12;1.18;2018-11-01;Pre-covid;Pre-covid
2018;11;Baleares;Mandarinas;611.43;819.39;1.34;45.62;0.59;0.8;2018-11-01;Pre-covid;Pre-covid
2018;11;Baleares;Limones;185.03;288.02;1.56;39.91;0.18;0.28;2018-11-01;Pre-covid;Pre-covid
2018;11;Baleares;Platanos;1300.76;2102.13;1.62;77.68;1.26;2.04;2018-11-01;Pre-covid;Pre-covid
2018;11;Baleares;Manzanas;931.9;1467.36;1.57;71.32;0.9;1.42;2018-11-01;Pre-covid;Pre-covid
2018;11;Baleares;Peras;433.06;694.09;1.6;47.14;0.42;0.67;2018-11-01;Pre-covid;Pre-covid
2018;11;Baleares;Melocotones;35.96;117.96;3.28;9.51;0.03;0.11;2018-11-01;Pre-covid;Pre-covid
2018;11;Baleares;Nectarinas;35.07;51.19;1.46;9.49;0.03;0.05;2018-11-01;Pre-covid;Pre-covid
2018;11;Baleares;Albaricoques;0.0;0.0;0.0;0.0;0.0;0.0;2018-11-01;Pre-covid;Pre-covid
2018;11;Baleares;Fresas/freson;7.28;57.59;7.91;1.08;0.01;0.06;2018-11-01;Pre-covid;Pre-covid
2018;11;Baleares;Melon;308.05;353.18;1.15;16.61;0.3;0.34;2018-11-01;Pre-covid;Pre-covid
2018;11;Baleares;Sandia;15.98;12.61;0.79;2.04;0.02;0.01;2018-11-01;Pre-covid;Pre-covid
2018;11;Baleares;Ciruelas;57.23;88.69;1.55;17.65;0.06;0.09;2018-11-01;Pre-covid;Pre-covid
2018;11;Baleares;Cerezas;0.78;2.03;2.59;0.44;0.0;0.0;2018-11-01;Pre-covid;Pre-covid
2018;11;Baleares;Uvas;489.89;1426.87;2.91;37.55;0.48;1.39;2018-11-01;Pre-covid;Pre-covid
2018;11;Baleares;Kiwi;402.58;1049.0;2.61;40.22;0.39;1.02;2018-11-01;Pre-covid;Pre-covid
2018;11;Baleares;Aguacate;258.3;888.56;3.44;33.77;0.25;0.86;2018-11-01;Pre-covid;Pre-covid
2018;11;Baleares;Piña;264.11;323.55;1.23;17.56;0.26;0.31;2018-11-01;Pre-covid;Pre-covid
2018;11;Baleares;Otras frutas frescas;893.02;1722.81;1.93;60.93;0.87;1.67;2018-11-01;Pre-covid;Pre-covid
2018;11;Baleares;Pomelo;41.74;69.48;1.66;1.84;0.04;0.07;2018-11-01;Pre-covid;Pre-covid
2018;11;Baleares;Chirimoya;0.59;4.07;6.89;0.2;0.0;0.0;2018-11-01;Pre-covid;Pre-covid
2018;11;Baleares;Frutas iv gama;382.24;506.66;1.33;23.41;0.37;0.49;2018-11-01;Pre-covid;Pre-covid
2018;11;Canarias;Frutas frescas;13278.31;22351.59;1.68;96.41;6.07;10.22;2018-11-01;Pre-covid;Pre-covid
2018;11;Canarias;Naranjas;2349.25;2561.06;1.09;49.21;1.07;1.17;2018-11-01;Pre-covid;Pre-covid
2018;11;Canarias;Mandarinas;959.56;1292.66;1.35;47.76;0.44;0.59;2018-11-01;Pre-covid;Pre-covid
2018;11;Canarias;Limones;393.6;715.02;1.82;44.39;0.18;0.33;2018-11-01;Pre-covid;Pre-covid
2018;11;Canarias;Platanos;2423.95;3308.0;1.36;73.74;1.11;1.51;2018-11-01;Pre-covid;Pre-covid
2018;11;Canarias;Manzanas;2006.56;3171.32;1.58;62.97;0.92;1.45;2018-11-01;Pre-covid;Pre-covid
2018;11;Canarias;Peras;899.68;1501.86;1.67;45.73;0.41;0.69;2018-11-01;Pre-covid;Pre-covid
2018;11;Canarias;Melocotones;0.0;0.0;0.0;0.0;0.0;0.0;2018-11-01;Pre-covid;Pre-covid
2018;11;Canarias;Nectarinas;4.8;7.22;1.5;0.56;0.0;0.0;2018-11-01;Pre-covid;Pre-covid
2018;11;Canarias;Albaricoques;27.24;41.37;1.52;0.99;0.01;0.02;2018-11-01;Pre-covid;Pre-covid
2018;11;Canarias;Fresas/freson;8.74;33.19;3.8;0.85;0.0;0.02;2018-11-01;Pre-covid;Pre-covid
2018;11;Canarias;Melon;563.52;660.6;1.17;22.37;0.26;0.3;2018-11-01;Pre-covid;Pre-covid
2018;11;Canarias;Sandia;179.32;238.89;1.33;5.22;0.08;0.11;2018-11-01;Pre-covid;Pre-covid
2018;11;Canarias;Ciruelas;35.56;77.61;2.18;8.68;0.02;0.04;2018-11-01;Pre-covid;Pre-covid
2018;11;Canarias;Cerezas;10.42;45.42;4.36;0.68;0.0;0.02;2018-11-01;Pre-covid;Pre-covid
2018;11;Canarias;Uvas;577.82;1310.18;2.27;33.28;0.26;0.6;2018-11-01;Pre-covid;Pre-covid
2018;11;Canarias;Kiwi;654.13;1852.88;2.83;41.2;0.3;0.85;2018-11-01;Pre-covid;Pre-covid
2018;11;Canarias;Aguacate;372.37;1660.5;4.46;32.25;0.17;0.76;2018-11-01;Pre-covid;Pre-covid
2018;11;Canarias;Piña;49.73;104.68;2.11;5.22;0.02;0.05;2018-11-01;Pre-covid;Pre-covid
2018;11;Canarias;Otras frutas frescas;1762.07;3769.15;2.14;60.37;0.81;1.72;2018-11-01;Pre-covid;Pre-covid
2018;11;Canarias;Pomelo;72.66;155.03;2.13;3.12;0.03;0.07;2018-11-01;Pre-covid;Pre-covid
2018;11;Canarias;Chirimoya;0.0;0.0;0.0;0.0;0.0;0.0;2018-11-01;Pre-covid;Pre-covid
2018;11;Canarias;Frutas iv gama;1205.33;2088.09;1.73;25.02;0.55;0.96;2018-11-01;Pre-covid;Pre-covid
2018;11;Cantabria;Frutas frescas;3430.9;5144.03;1.5;88.62;6.16;9.24;2018-11-01;Pre-covid;Pre-covid
2018;11;Cantabria;Naranjas;942.18;993.82;1.05;49.33;1.69;1.79;2018-11-01;Pre-covid;Pre-covid
2018;11;Cantabria;Mandarinas;450.06;570.17;1.27;54.76;0.81;1.02;2018-11-01;Pre-covid;Pre-covid
2018;11;Cantabria;Limones;133.21;226.44;1.7;31.83;0.24;0.41;2018-11-01;Pre-covid;Pre-covid
2018;11;Cantabria;Platanos;544.09;841.35;1.55;68.67;0.98;1.51;2018-11-01;Pre-covid;Pre-covid
2018;11;Cantabria;Manzanas;571.34;737.21;1.29;64.21;1.03;1.32;2018-11-01;Pre-covid;Pre-covid
2018;11;Cantabria;Peras;141.77;229.48;1.62;43.61;0.25;0.41;2018-11-01;Pre-covid;Pre-covid
2018;11;Cantabria;Melocotones;6.47;19.22;2.97;3.35;0.01;0.03;2018-11-01;Pre-covid;Pre-covid
2018;11;Cantabria;Nectarinas;6.96;9.01;1.3;3.22;0.01;0.02;2018-11-01;Pre-covid;Pre-covid
2018;11;Cantabria;Albaricoques;0.0;0.0;0.0;0.0;0.0;0.0;2018-11-01;Pre-covid;Pre-covid
2018;11;Cantabria;Fresas/freson;2.88;19.22;6.68;2.89;0.01;0.03;2018-11-01;Pre-covid;Pre-covid
2018;11;Cantabria;Melon;23.83;34.09;1.43;8.46;0.04;0.06;2018-11-01;Pre-covid;Pre-covid
2018;11;Cantabria;Sandia;0.0;0.0;0.0;0.0;0.0;0.0;2018-11-01;Pre-covid;Pre-covid
2018;11;Cantabria;Ciruelas;7.67;12.17;1.59;6.17;0.01;0.02;2018-11-01;Pre-covid;Pre-covid
2018;11;Cantabria;Cerezas;0.0;0.0;0.0;0.0;0.0;0.0;2018-11-01;Pre-covid;Pre-covid
2018;11;Cantabria;Uvas;86.53;247.7;2.86;26.45;0.16;0.45;2018-11-01;Pre-covid;Pre-covid
2018;11;Cantabria;Kiwi;139.3;477.11;3.43;33.94;0.25;0.86;2018-11-01;Pre-covid;Pre-covid
2018;11;Cantabria;Aguacate;37.22;150.37;4.04;24.97;0.07;0.27;2018-11-01;Pre-covid;Pre-covid
2018;11;Cantabria;Piña;123.06;147.2;1.2;13.2;0.22;0.26;2018-11-01;Pre-covid;Pre-covid
2018;11;Cantabria;Otras frutas frescas;214.35;429.49;2.0;37.89;0.39;0.77;2018-11-01;Pre-covid;Pre-covid
2018;11;Cantabria;Pomelo;4.87;7.64;1.57;5.61;0.01;0.01;2018-11-01;Pre-covid;Pre-covid
2018;11;Cantabria;Chirimoya;0.0;0.0;0.0;0.0;0.0;0.0;2018-11-01;Pre-covid;Pre-covid
2018;11;Cantabria;Frutas iv gama;163.65;249.03;1.52;14.98;0.29;0.45;2018-11-01;Pre-covid;Pre-covid
2018;11;Castilla la mancha;Frutas frescas;12905.41;18760.06;1.45;93.66;6.15;8.94;2018-11-01;Pre-covid;Pre-covid
2018;11;Castilla la mancha;Naranjas;2427.76;2266.37;0.93;47.8;1.16;1.08;2018-11-01;Pre-covid;Pre-covid
2018;11;Castilla la mancha;Mandarinas;2104.93;2431.35;1.16;60.35;1.0;1.16;2018-11-01;Pre-covid;Pre-covid
2018;11;Castilla la mancha;Limones;297.2;497.22;1.67;43.09;0.14;0.24;2018-11-01;Pre-covid;Pre-covid
2018;11;Castilla la mancha;Platanos;2068.56;3319.32;1.6;74.33;0.99;1.58;2018-11-01;Pre-covid;Pre-covid
2018;11;Castilla la mancha;Manzanas;2077.82;2991.86;1.44;65.59;0.99;1.43;2018-11-01;Pre-covid;Pre-covid
2018;11;Castilla la mancha;Peras;1001.84;1437.63;1.43;46.93;0.48;0.69;2018-11-01;Pre-covid;Pre-covid
2018;11;Castilla la mancha;Melocotones;58.39;123.99;2.12;5.81;0.03;0.06;2018-11-01;Pre-covid;Pre-covid
2018;11;Castilla la mancha;Nectarinas;13.9;17.71;1.27;1.77;0.01;0.01;2018-11-01;Pre-covid;Pre-covid
2018;11;Castilla la mancha;Albaricoques;0.0;0.0;0.0;0.0;0.0;0.0;2018-11-01;Pre-covid;Pre-covid
2018;11;Castilla la mancha;Fresas/freson;47.59;95.79;2.01;5.89;0.02;0.05;2018-11-01;Pre-covid;Pre-covid
2018;11;Castilla la mancha;Melon;339.6;488.44;1.44;11.21;0.16;0.23;2018-11-01;Pre-covid;Pre-covid
2018;11;Castilla la mancha;Sandia;36.22;50.11;1.38;0.73;0.02;0.02;2018-11-01;Pre-covid;Pre-covid
2018;11;Castilla la mancha;Ciruelas;90.61;169.96;1.88;11.76;0.04;0.08;2018-11-01;Pre-covid;Pre-covid
2018;11;Castilla la mancha;Cerezas;0.51;7.43;14.51;0.3;0.0;0.0;2018-11-01;Pre-covid;Pre-covid
2018;11;Castilla la mancha;Uvas;336.02;812.9;2.42;30.23;0.16;0.39;2018-11-01;Pre-covid;Pre-covid
2018;11;Castilla la mancha;Kiwi;381.32;1226.66;3.22;31.07;0.18;0.58;2018-11-01;Pre-covid;Pre-covid
2018;11;Castilla la mancha;Aguacate;157.28;514.8;3.27;21.64;0.07;0.25;2018-11-01;Pre-covid;Pre-covid
2018;11;Castilla la mancha;Piña;291.5;312.74;1.07;16.82;0.14;0.15;2018-11-01;Pre-covid;Pre-covid
2018;11;Castilla la mancha;Otras frutas frescas;1174.35;1995.77;1.7;53.19;0.56;0.95;2018-11-01;Pre-covid;Pre-covid
2018;11;Castilla la mancha;Pomelo;18.1;31.14;1.72;2.11;0.01;0.01;2018-11-01;Pre-covid;Pre-covid
2018;11;Castilla la mancha;Chirimoya;0.0;0.0;0.0;0.0;0.0;0.0;2018-11-01;Pre-covid;Pre-covid
2018;11;Castilla la mancha;Frutas iv gama;473.73;619.97;1.31;24.39;0.23;0.3;2018-11-01;Pre-covid;Pre-covid
2018;11;Castilla leon;Frutas frescas;18968.18;27644.17;1.46;91.22;7.75;11.3;2018-11-01;Pre-covid;Pre-covid
2018;11;Castilla leon;Naranjas;4300.68;4080.16;0.95;56.76;1.76;1.67;2018-11-01;Pre-covid;Pre-covid
2018;11;Castilla leon;Mandarinas;2269.24;2627.72;1.16;63.94;0.93;1.07;2018-11-01;Pre-covid;Pre-covid
2018;11;Castilla leon;Limones;528.35;891.47;1.69;37.75;0.22;0.36;2018-11-01;Pre-covid;Pre-covid
2018;11;Castilla leon;Platanos;2302.63;3544.51;1.54;70.83;0.94;1.45;2018-11-01;Pre-covid;Pre-covid
2018;11;Castilla leon;Manzanas;2299.76;3093.34;1.35;56.7;0.94;1.26;2018-11-01;Pre-covid;Pre-covid
2018;11;Castilla leon;Peras;1497.55;2133.14;1.42;49.77;0.61;0.87;2018-11-01;Pre-covid;Pre-covid
2018;11;Castilla leon;Melocotones;141.13;320.08;2.27;10.17;0.06;0.13;2018-11-01;Pre-covid;Pre-covid
2018;11;Castilla leon;Nectarinas;22.78;22.99;1.01;2.02;0.01;0.01;2018-11-01;Pre-covid;Pre-covid
2018;11;Castilla leon;Albaricoques;7.96;9.93;1.25;0.6;0.0;0.0;2018-11-01;Pre-covid;Pre-covid
2018;11;Castilla leon;Fresas/freson;53.04;218.15;4.11;5.77;0.02;0.09;2018-11-01;Pre-covid;Pre-covid
2018;11;Castilla leon;Melon;764.54;1024.38;1.34;15.43;0.31;0.42;2018-11-01;Pre-covid;Pre-covid
2018;11;Castilla leon;Sandia;880.61;1302.52;1.48;1.98;0.36;0.53;2018-11-01;Pre-covid;Pre-covid
2018;11;Castilla leon;Ciruelas;86.61;177.3;2.05;9.04;0.04;0.07;2018-11-01;Pre-covid;Pre-covid
2018;11;Castilla leon;Cerezas;0.25;1.94;7.85;0.13;0.0;0.0;2018-11-01;Pre-covid;Pre-covid
2018;11;Castilla leon;Uvas;495.73;1253.08;2.53;28.55;0.2;0.51;2018-11-01;Pre-covid;Pre-covid
2018;11;Castilla leon;Kiwi;814.22;2436.21;2.99;34.63;0.33;1.0;2018-11-01;Pre-covid;Pre-covid
2018;11;Castilla leon;Aguacate;142.29;423.35;2.98;15.51;0.06;0.17;2018-11-01;Pre-covid;Pre-covid
2018;11;Castilla leon;Piña;495.82;542.97;1.1;19.74;0.2;0.22;2018-11-01;Pre-covid;Pre-covid
2018;11;Castilla leon;Otras frutas frescas;1864.99;3540.93;1.9;50.55;0.76;1.45;2018-11-01;Pre-covid;Pre-covid
2018;11;Castilla leon;Pomelo;20.86;33.07;1.59;2.04;0.01;0.01;2018-11-01;Pre-covid;Pre-covid
2018;11;Castilla leon;Chirimoya;3.52;3.7;1.05;0.37;0.0;0.0;2018-11-01;Pre-covid;Pre-covid
2018;11;Castilla leon;Frutas iv gama;660.28;1081.63;1.64;24.94;0.27;0.44;2018-11-01;Pre-covid;Pre-covid
2018;11;Cataluña;Frutas frescas;51193.56;84395.55;1.65;95.14;7.4;12.2;2018-11-01;Pre-covid;Pre-covid
2018;11;Cataluña;Naranjas;9715.31;10463.74;1.08;50.91;1.4;1.51;2018-11-01;Pre-covid;Pre-covid
2018;11;Cataluña;Mandarinas;7861.86;10384.16;1.32;62.81;1.14;1.5;2018-11-01;Pre-covid;Pre-covid
2018;11;Cataluña;Limones;1431.9;2541.45;1.77;42.01;0.21;0.37;2018-11-01;Pre-covid;Pre-covid
2018;11;Cataluña;Platanos;7351.97;12756.71;1.74;76.26;1.06;1.84;2018-11-01;Pre-covid;Pre-covid
2018;11;Cataluña;Manzanas;6769.52;10002.41;1.48;64.92;0.98;1.45;2018-11-01;Pre-covid;Pre-covid
2018;11;Cataluña;Peras;3113.15;4964.42;1.59;49.94;0.45;0.72;2018-11-01;Pre-covid;Pre-covid
2018;11;Cataluña;Melocotones;748.16;1735.95;2.32;15.09;0.11;0.25;2018-11-01;Pre-covid;Pre-covid
2018;11;Cataluña;Nectarinas;17.2;18.92;1.1;0.43;0.0;0.0;2018-11-01;Pre-covid;Pre-covid
2018;11;Cataluña;Albaricoques;51.04;90.2;1.77;0.86;0.01;0.01;2018-11-01;Pre-covid;Pre-covid
2018;11;Cataluña;Fresas/freson;196.6;508.23;2.59;6.42;0.03;0.07;2018-11-01;Pre-covid;Pre-covid
2018;11;Cataluña;Melon;1347.19;2257.32;1.68;12.54;0.19;0.33;2018-11-01;Pre-covid;Pre-covid
2018;11;Cataluña;Sandia;193.74;220.89;1.14;2.46;0.03;0.03;2018-11-01;Pre-covid;Pre-covid
2018;11;Cataluña;Ciruelas;395.87;794.23;2.01;11.44;0.06;0.11;2018-11-01;Pre-covid;Pre-covid
2018;11;Cataluña;Cerezas;85.33;481.02;5.64;1.65;0.01;0.07;2018-11-01;Pre-covid;Pre-covid
2018;11;Cataluña;Uvas;2493.07;6302.85;2.53;35.41;0.36;0.91;2018-11-01;Pre-covid;Pre-covid
2018;11;Cataluña;Kiwi;2003.19;6443.55;3.22;39.22;0.29;0.93;2018-11-01;Pre-covid;Pre-covid
2018;11;Cataluña;Aguacate;1036.21;2848.12;2.75;27.21;0.15;0.41;2018-11-01;Pre-covid;Pre-covid
2018;11;Cataluña;Piña;1172.4;1637.73;1.4;18.54;0.17;0.24;2018-11-01;Pre-covid;Pre-covid
2018;11;Cataluña;Otras frutas frescas;5209.83;9943.65;1.91;60.68;0.75;1.44;2018-11-01;Pre-covid;Pre-covid
2018;11;Cataluña;Pomelo;217.81;423.01;1.94;2.86;0.03;0.06;2018-11-01;Pre-covid;Pre-covid
2018;11;Cataluña;Chirimoya;0.0;0.0;0.0;0.0;0.0;0.0;2018-11-01;Pre-covid;Pre-covid
2018;11;Cataluña;Frutas iv gama;2754.34;5148.54;1.87;26.09;0.4;0.74;2018-11-01;Pre-covid;Pre-covid
2018;11;Extremadura;Frutas frescas;7431.3;10758.98;1.45;96.67;6.3;9.12;2018-11-01;Pre-covid;Pre-covid
2018;11;Extremadura;Naranjas;1461.62;1416.22;0.97;63.6;1.24;1.2;2018-11-01;Pre-covid;Pre-covid
2018;11;Extremadura;Mandarinas;833.43;1007.58;1.21;57.77;0.71;0.85;2018-11-01;Pre-covid;Pre-covid
2018;11;Extremadura;Limones;157.41;249.87;1.59;29.1;0.13;0.21;2018-11-01;Pre-covid;Pre-covid
2018;11;Extremadura;Platanos;1028.38;1539.55;1.5;77.24;0.87;1.31;2018-11-01;Pre-covid;Pre-covid
2018;11;Extremadura;Manzanas;1264.69;1841.89;1.46;70.37;1.07;1.56;2018-11-01;Pre-covid;Pre-covid
2018;11;Extremadura;Peras;661.02;1052.07;1.59;53.67;0.56;0.89;2018-11-01;Pre-covid;Pre-covid
2018;11;Extremadura;Melocotones;89.15;153.91;1.73;13.01;0.08;0.13;2018-11-01;Pre-covid;Pre-covid
2018;11;Extremadura;Nectarinas;37.15;61.47;1.65;1.97;0.03;0.05;2018-11-01;Pre-covid;Pre-covid
2018;11;Extremadura;Albaricoques;0.0;0.0;0.0;0.0;0.0;0.0;2018-11-01;Pre-covid;Pre-covid
2018;11;Extremadura;Fresas/freson;13.22;23.9;1.81;2.85;0.01;0.02;2018-11-01;Pre-covid;Pre-covid
2018;11;Extremadura;Melon;282.37;321.99;1.14;21.05;0.24;0.27;2018-11-01;Pre-covid;Pre-covid
2018;11;Extremadura;Sandia;17.52;9.26;0.53;1.31;0.01;0.01;2018-11-01;Pre-covid;Pre-covid
2018;11;Extremadura;Ciruelas;60.22;107.61;1.79;13.53;0.05;0.09;2018-11-01;Pre-covid;Pre-covid
2018;11;Extremadura;Cerezas;0.0;0.0;0.0;0.0;0.0;0.0;2018-11-01;Pre-covid;Pre-covid
2018;11;Extremadura;Uvas;232.09;575.2;2.48;34.39;0.2;0.49;2018-11-01;Pre-covid;Pre-covid
2018;11;Extremadura;Kiwi;210.74;588.74;2.79;37.44;0.18;0.5;2018-11-01;Pre-covid;Pre-covid
2018;11;Extremadura;Aguacate;70.37;235.77;3.35;20.93;0.06;0.2;2018-11-01;Pre-covid;Pre-covid
2018;11;Extremadura;Piña;172.91;223.42;1.29;21.34;0.15;0.19;2018-11-01;Pre-covid;Pre-covid
2018;11;Extremadura;Otras frutas frescas;839.0;1350.52;1.61;54.14;0.71;1.15;2018-11-01;Pre-covid;Pre-covid
2018;11;Extremadura;Pomelo;6.55;11.49;1.75;2.0;0.01;0.01;2018-11-01;Pre-covid;Pre-covid
2018;11;Extremadura;Chirimoya;0.79;5.44;6.89;0.36;0.0;0.0;2018-11-01;Pre-covid;Pre-covid
2018;11;Extremadura;Frutas iv gama;337.14;543.04;1.61;23.88;0.29;0.46;2018-11-01;Pre-covid;Pre-covid
2018;11;Galicia;Frutas frescas;25024.92;39389.61;1.57;98.29;9.03;14.22;2018-11-01;Pre-covid;Pre-covid
2018;11;Galicia;Naranjas;4767.99;4799.58;1.01;59.9;1.72;1.73;2018-11-01;Pre-covid;Pre-covid
2018;11;Galicia;Mandarinas;2490.2;3427.14;1.38;61.02;0.9;1.24;2018-11-01;Pre-covid;Pre-covid
2018;11;Galicia;Limones;414.01;747.59;1.81;36.4;0.15;0.27;2018-11-01;Pre-covid;Pre-covid
2018;11;Galicia;Platanos;3073.63;5284.08;1.72;83.32;1.11;1.91;2018-11-01;Pre-covid;Pre-covid
2018;11;Galicia;Manzanas;6515.02;9312.72;1.43;64.58;2.35;3.36;2018-11-01;Pre-covid;Pre-covid
2018;11;Galicia;Peras;1904.98;2841.45;1.49;47.05;0.69;1.03;2018-11-01;Pre-covid;Pre-covid
2018;11;Galicia;Melocotones;232.11;473.21;2.04;10.11;0.08;0.17;2018-11-01;Pre-covid;Pre-covid
2018;11;Galicia;Nectarinas;49.69;56.12;1.13;3.95;0.02;0.02;2018-11-01;Pre-covid;Pre-covid
2018;11;Galicia;Albaricoques;19.72;24.91;1.26;1.16;0.01;0.01;2018-11-01;Pre-covid;Pre-covid
2018;11;Galicia;Fresas/freson;43.9;176.78;4.03;4.09;0.02;0.06;2018-11-01;Pre-covid;Pre-covid
2018;11;Galicia;Melon;512.61;836.22;1.63;16.96;0.19;0.3;2018-11-01;Pre-covid;Pre-covid
2018;11;Galicia;Sandia;46.58;73.65;1.58;2.65;0.02;0.03;2018-11-01;Pre-covid;Pre-covid
2018;11;Galicia;Ciruelas;101.31;199.01;1.96;11.17;0.04;0.07;2018-11-01;Pre-covid;Pre-covid
2018;11;Galicia;Cerezas;0.0;0.0;0.0;0.0;0.0;0.0;2018-11-01;Pre-covid;Pre-covid
2018;11;Galicia;Uvas;752.13;1795.8;2.39;31.47;0.27;0.65;2018-11-01;Pre-covid;Pre-covid
2018;11;Galicia;Kiwi;1696.05;4369.12;2.58;36.79;0.61;1.58;2018-11-01;Pre-covid;Pre-covid
2018;11;Galicia;Aguacate;333.9;931.18;2.79;19.97;0.12;0.34;2018-11-01;Pre-covid;Pre-covid
2018;11;Galicia;Piña;333.61;431.66;1.29;12.53;0.12;0.16;2018-11-01;Pre-covid;Pre-covid
2018;11;Galicia;Otras frutas frescas;1737.49;3609.42;2.08;51.92;0.63;1.3;2018-11-01;Pre-covid;Pre-covid
2018;11;Galicia;Pomelo;103.6;148.3;1.43;3.52;0.04;0.05;2018-11-01;Pre-covid;Pre-covid
2018;11;Galicia;Chirimoya;0.0;0.0;0.0;0.0;0.0;0.0;2018-11-01;Pre-covid;Pre-covid
2018;11;Galicia;Frutas iv gama;835.69;1388.27;1.66;24.08;0.3;0.5;2018-11-01;Pre-covid;Pre-covid
2018;11;La rioja;Frutas frescas;2001.74;3252.56;1.62;94.8;6.33;10.28;2018-11-01;Pre-covid;Pre-covid
2018;11;La rioja;Naranjas;234.47;224.72;0.96;41.08;0.74;0.71;2018-11-01;Pre-covid;Pre-covid
2018;11;La rioja;Mandarinas;300.11;432.04;1.44;56.37;0.95;1.37;2018-11-01;Pre-covid;Pre-covid
2018;11;La rioja;Limones;62.3;91.64;1.47;29.37;0.2;0.29;2018-11-01;Pre-covid;Pre-covid
2018;11;La rioja;Platanos;288.67;511.51;1.77;79.66;0.91;1.62;2018-11-01;Pre-covid;Pre-covid
2018;11;La rioja;Manzanas;279.97;390.58;1.4;56.83;0.88;1.23;2018-11-01;Pre-covid;Pre-covid
2018;11;La rioja;Peras;74.31;99.21;1.34;31.75;0.23;0.31;2018-11-01;Pre-covid;Pre-covid
2018;11;La rioja;Melocotones;37.03;49.74;1.34;11.52;0.12;0.16;2018-11-01;Pre-covid;Pre-covid
2018;11;La rioja;Nectarinas;10.99;12.18;1.11;7.88;0.03;0.04;2018-11-01;Pre-covid;Pre-covid
2018;11;La rioja;Albaricoques;2.09;2.71;1.29;2.83;0.01;0.01;2018-11-01;Pre-covid;Pre-covid
2018;11;La rioja;Fresas/freson;0.65;5.89;9.0;0.99;0.0;0.02;2018-11-01;Pre-covid;Pre-covid
2018;11;La rioja;Melon;29.26;61.9;2.12;2.8;0.09;0.2;2018-11-01;Pre-covid;Pre-covid
2018;11;La rioja;Sandia;1.55;3.07;1.98;2.4;0.0;0.01;2018-11-01;Pre-covid;Pre-covid
2018;11;La rioja;Ciruelas;29.41;49.23;1.67;30.46;0.09;0.16;2018-11-01;Pre-covid;Pre-covid
2018;11;La rioja;Cerezas;3.14;2.79;0.89;1.87;0.01;0.01;2018-11-01;Pre-covid;Pre-covid
2018;11;La rioja;Uvas;79.99;240.35;3.0;14.95;0.25;0.76;2018-11-01;Pre-covid;Pre-covid
2018;11;La rioja;Kiwi;53.34;180.81;3.39;27.19;0.17;0.57;2018-11-01;Pre-covid;Pre-covid
2018;11;La rioja;Aguacate;19.1;55.84;2.92;29.72;0.06;0.18;2018-11-01;Pre-covid;Pre-covid
2018;11;La rioja;Piña;74.62;149.95;2.01;14.03;0.24;0.47;2018-11-01;Pre-covid;Pre-covid
2018;11;La rioja;Otras frutas frescas;420.73;688.39;1.64;40.82;1.33;2.18;2018-11-01;Pre-covid;Pre-covid
2018;11;La rioja;Pomelo;0.0;0.0;0.0;0.0;0.0;0.0;2018-11-01;Pre-covid;Pre-covid
2018;11;La rioja;Chirimoya;0.0;0.0;0.0;0.0;0.0;0.0;2018-11-01;Pre-covid;Pre-covid
2018;11;La rioja;Frutas iv gama;58.08;113.27;1.95;18.18;0.18;0.36;2018-11-01;Pre-covid;Pre-covid
2018;11;Madrid;Frutas frescas;44617.73;68936.71;1.55;94.86;7.17;11.08;2018-11-01;Pre-covid;Pre-covid
2018;11;Madrid;Naranjas;9209.62;9024.69;0.98;57.44;1.48;1.45;2018-11-01;Pre-covid;Pre-covid
2018;11;Madrid;Mandarinas;6152.46;7860.82;1.28;65.71;0.99;1.26;2018-11-01;Pre-covid;Pre-covid
2018;11;Madrid;Limones;1122.39;1924.67;1.71;42.52;0.18;0.31;2018-11-01;Pre-covid;Pre-covid
2018;11;Madrid;Platanos;6173.04;10305.34;1.67;75.37;0.99;1.66;2018-11-01;Pre-covid;Pre-covid
2018;11;Madrid;Manzanas;5324.31;7902.38;1.48;67.37;0.86;1.27;2018-11-01;Pre-covid;Pre-covid
2018;11;Madrid;Peras;3135.66;4648.39;1.48;50.13;0.5;0.75;2018-11-01;Pre-covid;Pre-covid
2018;11;Madrid;Melocotones;580.89;1224.8;2.11;14.05;0.09;0.2;2018-11-01;Pre-covid;Pre-covid
2018;11;Madrid;Nectarinas;119.31;170.57;1.43;2.87;0.02;0.03;2018-11-01;Pre-covid;Pre-covid
2018;11;Madrid;Albaricoques;8.62;12.79;1.48;0.55;0.0;0.0;2018-11-01;Pre-covid;Pre-covid
2018;11;Madrid;Fresas/freson;227.36;462.29;2.03;5.2;0.04;0.07;2018-11-01;Pre-covid;Pre-covid
2018;11;Madrid;Melon;1785.21;2324.65;1.3;17.13;0.29;0.37;2018-11-01;Pre-covid;Pre-covid
2018;11;Madrid;Sandia;179.12;162.83;0.91;3.45;0.03;0.03;2018-11-01;Pre-covid;Pre-covid
2018;11;Madrid;Ciruelas;535.34;1109.33;2.07;15.14;0.09;0.18;2018-11-01;Pre-covid;Pre-covid
2018;11;Madrid;Cerezas;22.08;113.55;5.14;1.39;0.0;0.02;2018-11-01;Pre-covid;Pre-covid
2018;11;Madrid;Uvas;1491.57;3666.31;2.46;29.28;0.24;0.59;2018-11-01;Pre-covid;Pre-covid
2018;11;Madrid;Kiwi;1804.87;4922.58;2.73;37.91;0.29;0.79;2018-11-01;Pre-covid;Pre-covid
2018;11;Madrid;Aguacate;736.53;2188.42;2.97;30.34;0.12;0.35;2018-11-01;Pre-covid;Pre-covid
2018;11;Madrid;Piña;871.28;1233.17;1.42;20.53;0.14;0.2;2018-11-01;Pre-covid;Pre-covid
2018;11;Madrid;Otras frutas frescas;5138.07;9679.14;1.88;59.1;0.83;1.56;2018-11-01;Pre-covid;Pre-covid
2018;11;Madrid;Pomelo;121.84;197.34;1.62;2.62;0.02;0.03;2018-11-01;Pre-covid;Pre-covid
2018;11;Madrid;Chirimoya;5.33;8.51;1.6;0.23;0.0;0.0;2018-11-01;Pre-covid;Pre-covid
2018;11;Madrid;Frutas iv gama;2098.02;3463.34;1.65;33.05;0.34;0.56;2018-11-01;Pre-covid;Pre-covid
2018;11;Murcia;Frutas frescas;10420.59;16475.73;1.58;92.87;7.32;11.57;2018-11-01;Pre-covid;Pre-covid
2018;11;Murcia;Naranjas;1416.88;1364.53;0.96;45.48;0.99;0.96;2018-11-01;Pre-covid;Pre-covid
2018;11;Murcia;Mandarinas;1239.9;1787.18;1.44;44.7;0.87;1.25;2018-11-01;Pre-covid;Pre-covid
2018;11;Murcia;Limones;430.25;641.02;1.49;35.08;0.3;0.45;2018-11-01;Pre-covid;Pre-covid
2018;11;Murcia;Platanos;1543.25;2337.13;1.51;80.99;1.08;1.64;2018-11-01;Pre-covid;Pre-covid
2018;11;Murcia;Manzanas;1257.56;1864.48;1.48;63.62;0.88;1.31;2018-11-01;Pre-covid;Pre-covid
2018;11;Murcia;Peras;734.43;1089.12;1.48;58.16;0.52;0.76;2018-11-01;Pre-covid;Pre-covid
2018;11;Murcia;Melocotones;55.9;103.44;1.85;9.09;0.04;0.07;2018-11-01;Pre-covid;Pre-covid
2018;11;Murcia;Nectarinas;2.38;3.58;1.5;0.54;0.0;0.0;2018-11-01;Pre-covid;Pre-covid
2018;11;Murcia;Albaricoques;2.44;9.42;3.87;0.99;0.0;0.01;2018-11-01;Pre-covid;Pre-covid
2018;11;Murcia;Fresas/freson;33.55;108.89;3.25;6.9;0.02;0.08;2018-11-01;Pre-covid;Pre-covid
2018;11;Murcia;Melon;281.11;381.54;1.36;18.41;0.2;0.27;2018-11-01;Pre-covid;Pre-covid
2018;11;Murcia;Sandia;17.33;36.39;2.1;0.62;0.01;0.03;2018-11-01;Pre-covid;Pre-covid
2018;11;Murcia;Ciruelas;84.31;144.89;1.72;20.06;0.06;0.1;2018-11-01;Pre-covid;Pre-covid
2018;11;Murcia;Cerezas;0.0;0.0;0.0;0.0;0.0;0.0;2018-11-01;Pre-covid;Pre-covid
2018;11;Murcia;Uvas;509.99;1284.21;2.52;42.7;0.36;0.9;2018-11-01;Pre-covid;Pre-covid
2018;11;Murcia;Kiwi;289.94;936.71;3.23;36.7;0.2;0.66;2018-11-01;Pre-covid;Pre-covid
2018;11;Murcia;Aguacate;106.49;361.17;3.39;26.16;0.07;0.25;2018-11-01;Pre-covid;Pre-covid
2018;11;Murcia;Piña;315.65;397.3;1.26;16.56;0.22;0.28;2018-11-01;Pre-covid;Pre-covid
2018;11;Murcia;Otras frutas frescas;2099.24;3624.73;1.73;59.7;1.47;2.55;2018-11-01;Pre-covid;Pre-covid
2018;11;Murcia;Pomelo;26.97;47.47;1.76;5.06;0.02;0.03;2018-11-01;Pre-covid;Pre-covid
2018;11;Murcia;Chirimoya;1.58;3.15;1.99;0.33;0.0;0.0;2018-11-01;Pre-covid;Pre-covid
2018;11;Murcia;Frutas iv gama;249.2;520.6;2.09;18.33;0.17;0.37;2018-11-01;Pre-covid;Pre-covid
2018;11;Navarra;Frutas frescas;4456.57;7289.82;1.64;89.23;7.52;12.31;2018-11-01;Pre-covid;Pre-covid
2018;11;Navarra;Naranjas;816.56;740.08;0.91;41.55;1.38;1.25;2018-11-01;Pre-covid;Pre-covid
2018;11;Navarra;Mandarinas;752.62;948.94;1.26;61.5;1.27;1.6;2018-11-01;Pre-covid;Pre-covid
2018;11;Navarra;Limones;99.49;163.49;1.64;30.13;0.17;0.28;2018-11-01;Pre-covid;Pre-covid
2018;11;Navarra;Platanos;529.94;832.48;1.57;63.49;0.89;1.41;2018-11-01;Pre-covid;Pre-covid
2018;11;Navarra;Manzanas;633.45;1035.65;1.63;54.51;1.07;1.75;2018-11-01;Pre-covid;Pre-covid
2018;11;Navarra;Peras;133.08;227.19;1.71;33.83;0.22;0.38;2018-11-01;Pre-covid;Pre-covid
2018;11;Navarra;Melocotones;16.52;36.79;2.23;6.95;0.03;0.06;2018-11-01;Pre-covid;Pre-covid
2018;11;Navarra;Nectarinas;3.58;5.34;1.49;0.99;0.01;0.01;2018-11-01;Pre-covid;Pre-covid
2018;11;Navarra;Albaricoques;0.0;0.0;0.0;0.0;0.0;0.0;2018-11-01;Pre-covid;Pre-covid
2018;11;Navarra;Fresas/freson;1.36;10.22;7.52;2.31;0.0;0.02;2018-11-01;Pre-covid;Pre-covid
2018;11;Navarra;Melon;110.27;174.34;1.58;15.59;0.19;0.29;2018-11-01;Pre-covid;Pre-covid
2018;11;Navarra;Sandia;0.0;0.0;0.0;0.0;0.0;0.0;2018-11-01;Pre-covid;Pre-covid
2018;11;Navarra;Ciruelas;9.3;18.62;2.0;4.91;0.02;0.03;2018-11-01;Pre-covid;Pre-covid
2018;11;Navarra;Cerezas;4.32;15.78;3.66;1.94;0.01;0.03;2018-11-01;Pre-covid;Pre-covid
2018;11;Navarra;Uvas;634.4;1563.09;2.46;33.95;1.07;2.64;2018-11-01;Pre-covid;Pre-covid
2018;11;Navarra;Kiwi;170.66;517.3;3.03;37.72;0.29;0.87;2018-11-01;Pre-covid;Pre-covid
2018;11;Navarra;Aguacate;65.04;298.19;4.58;38.0;0.11;0.5;2018-11-01;Pre-covid;Pre-covid
2018;11;Navarra;Piña;237.51;258.31;1.09;27.92;0.4;0.44;2018-11-01;Pre-covid;Pre-covid
2018;11;Navarra;Otras frutas frescas;238.48;444.01;1.86;29.44;0.4;0.75;2018-11-01;Pre-covid;Pre-covid
2018;11;Navarra;Pomelo;6.14;6.77;1.1;1.58;0.01;0.01;2018-11-01;Pre-covid;Pre-covid
2018;11;Navarra;Chirimoya;0.0;0.0;0.0;0.0;0.0;0.0;2018-11-01;Pre-covid;Pre-covid
2018;11;Navarra;Frutas iv gama;196.81;363.26;1.85;23.67;0.33;0.61;2018-11-01;Pre-covid;Pre-covid
2018;11;Pais vasco;Frutas frescas;18615.83;29837.94;1.6;96.42;8.99;14.41;2018-11-01;Pre-covid;Pre-covid
2018;11;Pais vasco;Naranjas;4209.54;4559.53;1.08;57.75;2.03;2.2;2018-11-01;Pre-covid;Pre-covid
2018;11;Pais vasco;Mandarinas;2715.54;3787.18;1.39;70.83;1.31;1.83;2018-11-01;Pre-covid;Pre-covid
2018;11;Pais vasco;Limones;480.2;912.82;1.9;48.55;0.23;0.44;2018-11-01;Pre-covid;Pre-covid
2018;11;Pais vasco;Platanos;2479.79;4290.31;1.73;81.17;1.2;2.07;2018-11-01;Pre-covid;Pre-covid
2018;11;Pais vasco;Manzanas;2835.23;4254.09;1.5;71.47;1.37;2.06;2018-11-01;Pre-covid;Pre-covid
2018;11;Pais vasco;Peras;1301.0;1993.23;1.53;55.06;0.63;0.96;2018-11-01;Pre-covid;Pre-covid
2018;11;Pais vasco;Melocotones;174.68;362.07;2.07;13.3;0.08;0.17;2018-11-01;Pre-covid;Pre-covid
2018;11;Pais vasco;Nectarinas;57.93;75.17;1.3;4.3;0.03;0.04;2018-11-01;Pre-covid;Pre-covid
2018;11;Pais vasco;Albaricoques;10.84;10.76;0.99;0.34;0.01;0.01;2018-11-01;Pre-covid;Pre-covid
2018;11;Pais vasco;Fresas/freson;23.34;85.2;3.65;2.33;0.01;0.04;2018-11-01;Pre-covid;Pre-covid
2018;11;Pais vasco;Melon;361.29;575.2;1.59;12.49;0.17;0.28;2018-11-01;Pre-covid;Pre-covid
2018;11;Pais vasco;Sandia;24.22;47.88;1.98;1.77;0.01;0.02;2018-11-01;Pre-covid;Pre-covid
2018;11;Pais vasco;Ciruelas;102.37;170.3;1.66;14.74;0.05;0.08;2018-11-01;Pre-covid;Pre-covid
2018;11;Pais vasco;Cerezas;4.28;3.36;0.79;0.6;0.0;0.0;2018-11-01;Pre-covid;Pre-covid
2018;11;Pais vasco;Uvas;504.55;1175.98;2.33;30.36;0.24;0.57;2018-11-01;Pre-covid;Pre-covid
2018;11;Pais vasco;Kiwi;1177.83;3289.89;2.79;36.52;0.57;1.59;2018-11-01;Pre-covid;Pre-covid
2018;11;Pais vasco;Aguacate;234.18;739.37;3.16;24.31;0.11;0.36;2018-11-01;Pre-covid;Pre-covid
2018;11;Pais vasco;Piña;404.34;551.16;1.36;17.69;0.2;0.27;2018-11-01;Pre-covid;Pre-covid
2018;11;Pais vasco;Otras frutas frescas;1514.69;2954.44;1.95;51.72;0.73;1.43;2018-11-01;Pre-covid;Pre-covid
2018;11;Pais vasco;Pomelo;104.48;190.25;1.82;5.54;0.05;0.09;2018-11-01;Pre-covid;Pre-covid
2018;11;Pais vasco;Chirimoya;0.0;0.0;0.0;0.0;0.0;0.0;2018-11-01;Pre-covid;Pre-covid
2018;11;Pais vasco;Frutas iv gama;1049.72;1653.74;1.58;30.81;0.51;0.8;2018-11-01;Pre-covid;Pre-covid
2018;11;Valencia;Frutas frescas;30256.91;46710.38;1.54;95.0;6.39;9.87;2018-11-01;Pre-covid;Pre-covid
2018;11;Valencia;Naranjas;3733.79;3517.33;0.94;35.4;0.79;0.74;2018-11-01;Pre-covid;Pre-covid
2018;11;Valencia;Mandarinas;4065.35;4752.4;1.17;47.19;0.86;1.0;2018-11-01;Pre-covid;Pre-covid
2018;11;Valencia;Limones;701.21;1166.77;1.66;31.17;0.15;0.25;2018-11-01;Pre-covid;Pre-covid
2018;11;Valencia;Platanos;5077.31;7975.84;1.57;78.96;1.07;1.69;2018-11-01;Pre-covid;Pre-covid
2018;11;Valencia;Manzanas;4277.6;6109.21;1.43;63.51;0.9;1.29;2018-11-01;Pre-covid;Pre-covid
2018;11;Valencia;Peras;1957.04;2864.14;1.46;47.95;0.41;0.61;2018-11-01;Pre-covid;Pre-covid
2018;11;Valencia;Melocotones;354.99;714.08;2.01;11.58;0.08;0.15;2018-11-01;Pre-covid;Pre-covid
2018;11;Valencia;Nectarinas;50.27;60.43;1.2;1.52;0.01;0.01;2018-11-01;Pre-covid;Pre-covid
2018;11;Valencia;Albaricoques;2.65;5.99;2.26;0.2;0.0;0.0;2018-11-01;Pre-covid;Pre-covid
2018;11;Valencia;Fresas/freson;79.66;325.97;4.09;3.72;0.02;0.07;2018-11-01;Pre-covid;Pre-covid
2018;11;Valencia;Melon;1189.2;1682.03;1.41;15.09;0.25;0.36;2018-11-01;Pre-covid;Pre-covid
2018;11;Valencia;Sandia;90.9;148.52;1.63;1.66;0.02;0.03;2018-11-01;Pre-covid;Pre-covid
2018;11;Valencia;Ciruelas;250.09;403.23;1.61;10.32;0.05;0.09;2018-11-01;Pre-covid;Pre-covid
2018;11;Valencia;Cerezas;30.12;55.54;1.84;1.91;0.01;0.01;2018-11-01;Pre-covid;Pre-covid
2018;11;Valencia;Uvas;1511.23;3572.69;2.36;36.43;0.32;0.75;2018-11-01;Pre-covid;Pre-covid
2018;11;Valencia;Kiwi;1034.69;3053.91;2.95;36.56;0.22;0.65;2018-11-01;Pre-covid;Pre-covid
2018;11;Valencia;Aguacate;485.71;1503.46;3.1;24.07;0.1;0.32;2018-11-01;Pre-covid;Pre-covid
2018;11;Valencia;Piña;963.19;1181.54;1.23;20.1;0.2;0.25;2018-11-01;Pre-covid;Pre-covid
2018;11;Valencia;Otras frutas frescas;4401.92;7617.27;1.73;56.66;0.93;1.61;2018-11-01;Pre-covid;Pre-covid
2018;11;Valencia;Pomelo;126.96;196.59;1.55;2.56;0.03;0.04;2018-11-01;Pre-covid;Pre-covid
2018;11;Valencia;Chirimoya;0.0;0.0;0.0;0.0;0.0;0.0;2018-11-01;Pre-covid;Pre-covid
2018;11;Valencia;Frutas iv gama;1780.12;2934.59;1.65;27.24;0.38;0.62;2018-11-01;Pre-covid;Pre-covid
2018;12;Nacional;Patatas;111273.02;102110.23;0.92;79.08;2.44;2.24;2018-12-01;Pre-covid;Pre-covid
2018;12;Nacional;Patatas frescas;78220.3;65669.19;0.84;65.31;1.71;1.44;2018-12-01;Pre-covid;Pre-covid
2018;12;Nacional;Patatas congeladas;3751.81;4946.54;1.32;11.19;0.08;0.11;2018-12-01;Pre-covid;Pre-covid
2018;12;Nacional;Patatas procesadas;5860.18;31494.5;5.37;49.93;0.13;0.69;2018-12-01;Pre-covid;Pre-covid
2018;12;Nacional;Patatas fritas;4755.75;29840.5;6.27;48.1;0.1;0.65;2018-12-01;Pre-covid;Pre-covid
2018;12;Nacional;Hortalizas frescas;189799.11;365492.02;1.93;95.52;4.16;8.01;2018-12-01;Pre-covid;Pre-covid
2018;12;Nacional;Omates;37937.21;68158.81;1.8;76.1;0.83;1.49;2018-12-01;Pre-covid;Pre-covid
2018;12;Nacional;Cebollas;25814.98;29395.15;1.14;65.38;0.57;0.64;2018-12-01;Pre-covid;Pre-covid
2018;12;Nacional;Ajos;2690.42;11107.07;4.13;35.99;0.06;0.24;2018-12-01;Pre-covid;Pre-covid
2018;12;Nacional;Coles;6494.95;8034.18;1.24;21.08;0.14;0.18;2018-12-01;Pre-covid;Pre-covid
2018;12;Nacional;Pepinos;3899.22;5950.79;1.53;19.61;0.09;0.13;2018-12-01;Pre-covid;Pre-covid
2018;12;Nacional;Judias verdes;5926.22;16652.32;2.81;28.44;0.13;0.36;2018-12-01;Pre-covid;Pre-covid
2018;12;Nacional;Pimientos;13950.54;27056.2;1.94;59.58;0.31;0.59;2018-12-01;Pre-covid;Pre-covid
2018;12;Nacional;Champiñoneso setas;5785.83;25837.42;4.47;39.71;0.13;0.57;2018-12-01;Pre-covid;Pre-covid
2018;12;Nacional;Lechuga/esc /endivia;12606.24;35629.11;2.83;56.78;0.28;0.78;2018-12-01;Pre-covid;Pre-covid
2018;12;Nacional;Esparragos;1180.25;3382.38;2.87;6.19;0.03;0.07;2018-12-01;Pre-covid;Pre-covid
2018;12;Nacional;Verduras de hoja;4184.41;10332.17;2.47;21.98;0.09;0.23;2018-12-01;Pre-covid;Pre-covid
2018;12;Nacional;Berenjenas;3845.98;6521.06;1.7;23.17;0.08;0.14;2018-12-01;Pre-covid;Pre-covid
2018;12;Nacional;Zanahorias;12123.87;10940.78;0.9;52.54;0.27;0.24;2018-12-01;Pre-covid;Pre-covid
2018;12;Nacional;Calabacines;11395.31;17904.26;1.57;43.5;0.25;0.39;2018-12-01;Pre-covid;Pre-covid
2018;12;Nacional;Otr hortalizas/verd ;41963.67;88590.32;2.11;78.46;0.92;1.94;2018-12-01;Pre-covid;Pre-covid
2018;12;Nacional;Brocoli;5110.96;7416.66;1.45;22.3;0.11;0.16;2018-12-01;Pre-covid;Pre-covid
2018;12;Nacional;Alcachofas;4510.1;9811.06;2.18;16.19;0.1;0.21;2018-12-01;Pre-covid;Pre-covid
2018;12;Nacional;Verd /hort  iv gama;22156.79;59785.92;2.7;65.58;0.49;1.31;2018-12-01;Pre-covid;Pre-covid
2018;12;Andalucia;Patatas;19505.56;17688.87;0.91;81.99;2.24;2.04;2018-12-01;Pre-covid;Pre-covid
2018;12;Andalucia;Patatas frescas;12546.12;10131.0;0.81;65.02;1.44;1.17;2018-12-01;Pre-covid;Pre-covid
2018;12;Andalucia;Patatas congeladas;936.49;1170.12;1.25;14.11;0.11;0.13;2018-12-01;Pre-covid;Pre-covid
2018;12;Andalucia;Patatas procesadas;1204.59;6387.75;5.3;56.48;0.14;0.74;2018-12-01;Pre-covid;Pre-covid
2018;12;Andalucia;Patatas fritas;1001.89;6078.18;6.07;54.67;0.12;0.7;2018-12-01;Pre-covid;Pre-covid
2018;12;Andalucia;Hortalizas frescas;29204.91;51780.39;1.77;94.8;3.36;5.96;2018-12-01;Pre-covid;Pre-covid
2018;12;Andalucia;Omates;6561.68;10320.62;1.57;75.01;0.76;1.19;2018-12-01;Pre-covid;Pre-covid
2018;12;Andalucia;Cebollas;4142.9;4315.68;1.04;65.81;0.48;0.5;2018-12-01;Pre-covid;Pre-covid
2018;12;Andalucia;Ajos;460.46;1811.31;3.93;33.75;0.05;0.21;2018-12-01;Pre-covid;Pre-covid
2018;12;Andalucia;Coles;673.44;867.72;1.29;16.23;0.08;0.1;2018-12-01;Pre-covid;Pre-covid
2018;12;Andalucia;Pepinos;605.53;851.33;1.41;20.12;0.07;0.1;2018-12-01;Pre-covid;Pre-covid
2018;12;Andalucia;Judias verdes;638.82;1693.49;2.65;23.98;0.07;0.19;2018-12-01;Pre-covid;Pre-covid
2018;12;Andalucia;Pimientos;2177.9;4018.94;1.85;62.32;0.25;0.46;2018-12-01;Pre-covid;Pre-covid
2018;12;Andalucia;Champiñoneso setas;662.9;2810.22;4.24;34.31;0.08;0.32;2018-12-01;Pre-covid;Pre-covid
2018;12;Andalucia;Lechuga/esc /endivia;1839.99;5317.52;2.89;58.24;0.21;0.61;2018-12-01;Pre-covid;Pre-covid
2018;12;Andalucia;Esparragos;194.39;525.81;2.7;5.75;0.02;0.06;2018-12-01;Pre-covid;Pre-covid
2018;12;Andalucia;Verduras de hoja;551.03;1294.71;2.35;16.89;0.06;0.15;2018-12-01;Pre-covid;Pre-covid
2018;12;Andalucia;Berenjenas;679.35;1142.3;1.68;27.36;0.08;0.13;2018-12-01;Pre-covid;Pre-covid
2018;12;Andalucia;Zanahorias;2039.35;1720.68;0.84;51.6;0.23;0.2;2018-12-01;Pre-covid;Pre-covid
2018;12;Andalucia;Calabacines;1743.84;2681.22;1.54;44.54;0.2;0.31;2018-12-01;Pre-covid;Pre-covid
2018;12;Andalucia;Otr hortalizas/verd ;6233.33;12408.84;1.99;76.18;0.72;1.43;2018-12-01;Pre-covid;Pre-covid
2018;12;Andalucia;Brocoli;664.37;1025.48;1.54;22.47;0.08;0.12;2018-12-01;Pre-covid;Pre-covid
2018;12;Andalucia;Alcachofas;636.41;1248.45;1.96;12.4;0.07;0.14;2018-12-01;Pre-covid;Pre-covid
2018;12;Andalucia;Verd /hort  iv gama;3484.17;8991.49;2.58;63.11;0.4;1.03;2018-12-01;Pre-covid;Pre-covid
2018;12;Aragon;Patatas;2922.79;2538.88;0.87;79.87;2.23;1.93;2018-12-01;Pre-covid;Pre-covid
2018;12;Aragon;Patatas frescas;2304.2;1835.0;0.8;62.3;1.76;1.4;2018-12-01;Pre-covid;Pre-covid
2018;12;Aragon;Patatas congeladas;38.77;72.2;1.86;8.52;0.03;0.05;2018-12-01;Pre-covid;Pre-covid
2018;12;Aragon;Patatas procesadas;115.97;631.68;5.45;37.4;0.09;0.48;2018-12-01;Pre-covid;Pre-covid
2018;12;Aragon;Patatas fritas;96.86;607.59;6.27;35.78;0.07;0.46;2018-12-01;Pre-covid;Pre-covid
2018;12;Aragon;Hortalizas frescas;7149.7;13766.14;1.93;97.3;5.45;10.49;2018-12-01;Pre-covid;Pre-covid
2018;12;Aragon;Omates;1066.16;2041.34;1.91;73.83;0.81;1.55;2018-12-01;Pre-covid;Pre-covid
2018;12;Aragon;Cebollas;862.27;916.38;1.06;60.55;0.66;0.7;2018-12-01;Pre-covid;Pre-covid
2018;12;Aragon;Ajos;73.47;327.92;4.46;35.95;0.06;0.25;2018-12-01;Pre-covid;Pre-covid
2018;12;Aragon;Coles;153.9;200.5;1.3;14.8;0.12;0.15;2018-12-01;Pre-covid;Pre-covid
2018;12;Aragon;Pepinos;122.24;200.98;1.64;15.99;0.09;0.15;2018-12-01;Pre-covid;Pre-covid
2018;12;Aragon;Judias verdes;264.1;688.44;2.61;39.75;0.2;0.52;2018-12-01;Pre-covid;Pre-covid
2018;12;Aragon;Pimientos;522.82;999.39;1.91;65.15;0.4;0.76;2018-12-01;Pre-covid;Pre-covid
2018;12;Aragon;Champiñoneso setas;239.44;944.87;3.95;49.81;0.18;0.72;2018-12-01;Pre-covid;Pre-covid
2018;12;Aragon;Lechuga/esc /endivia;636.39;1687.7;2.65;64.7;0.48;1.29;2018-12-01;Pre-covid;Pre-covid
2018;12;Aragon;Esparragos;122.07;292.52;2.4;12.35;0.09;0.22;2018-12-01;Pre-covid;Pre-covid
2018;12;Aragon;Verduras de hoja;384.45;696.67;1.81;25.73;0.29;0.53;2018-12-01;Pre-covid;Pre-covid
2018;12;Aragon;Berenjenas;62.3;123.68;1.99;20.06;0.05;0.09;2018-12-01;Pre-covid;Pre-covid
2018;12;Aragon;Zanahorias;356.11;316.53;0.89;54.29;0.27;0.24;2018-12-01;Pre-covid;Pre-covid
2018;12;Aragon;Calabacines;328.11;503.9;1.54;41.37;0.25;0.38;2018-12-01;Pre-covid;Pre-covid
2018;12;Aragon;Otr hortalizas/verd ;1955.84;3825.34;1.96;84.95;1.49;2.91;2018-12-01;Pre-covid;Pre-covid
2018;12;Aragon;Brocoli;314.28;351.69;1.12;25.65;0.24;0.27;2018-12-01;Pre-covid;Pre-covid
2018;12;Aragon;Alcachofas;161.15;360.09;2.23;20.22;0.12;0.27;2018-12-01;Pre-covid;Pre-covid
2018;12;Aragon;Verd /hort  iv gama;998.41;2215.36;2.22;71.28;0.76;1.69;2018-12-01;Pre-covid;Pre-covid
2018;12;Asturias;Patatas;2837.92;2565.81;0.9;63.88;2.62;2.37;2018-12-01;Pre-covid;Pre-covid
2018;12;Asturias;Patatas frescas;2274.1;1960.65;0.86;56.7;2.1;1.81;2018-12-01;Pre-covid;Pre-covid
2018;12;Asturias;Patatas congeladas;77.76;99.42;1.28;7.96;0.07;0.09;2018-12-01;Pre-covid;Pre-covid
2018;12;Asturias;Patatas procesadas;97.21;505.73;5.2;30.93;0.09;0.47;2018-12-01;Pre-covid;Pre-covid
2018;12;Asturias;Patatas fritas;78.72;478.13;6.07;28.92;0.07;0.44;2018-12-01;Pre-covid;Pre-covid
2018;12;Asturias;Hortalizas frescas;3362.99;6580.38;1.96;92.84;3.1;6.07;2018-12-01;Pre-covid;Pre-covid
2018;12;Asturias;Omates;633.84;1196.79;1.89;70.59;0.58;1.1;2018-12-01;Pre-covid;Pre-covid
2018;12;Asturias;Cebollas;689.17;707.31;1.03;70.44;0.64;0.65;2018-12-01;Pre-covid;Pre-covid
2018;12;Asturias;Ajos;110.93;474.52;4.28;55.32;0.1;0.44;2018-12-01;Pre-covid;Pre-covid
2018;12;Asturias;Coles;84.16;117.73;1.4;16.02;0.08;0.11;2018-12-01;Pre-covid;Pre-covid
2018;12;Asturias;Pepinos;83.24;144.04;1.73;20.92;0.08;0.13;2018-12-01;Pre-covid;Pre-covid
2018;12;Asturias;Judias verdes;90.13;205.88;2.28;18.67;0.08;0.19;2018-12-01;Pre-covid;Pre-covid
2018;12;Asturias;Pimientos;330.78;735.76;2.22;60.29;0.31;0.68;2018-12-01;Pre-covid;Pre-covid
2018;12;Asturias;Champiñoneso setas;74.98;295.06;3.94;27.74;0.07;0.27;2018-12-01;Pre-covid;Pre-covid
2018;12;Asturias;Lechuga/esc /endivia;183.72;482.07;2.62;40.83;0.17;0.44;2018-12-01;Pre-covid;Pre-covid
2018;12;Asturias;Esparragos;17.23;56.62;3.29;3.73;0.02;0.05;2018-12-01;Pre-covid;Pre-covid
2018;12;Asturias;Verduras de hoja;25.92;84.39;3.26;14.63;0.02;0.08;2018-12-01;Pre-covid;Pre-covid
2018;12;Asturias;Berenjenas;46.95;87.97;1.87;15.94;0.04;0.08;2018-12-01;Pre-covid;Pre-covid
2018;12;Asturias;Zanahorias;223.84;209.49;0.94;46.07;0.21;0.19;2018-12-01;Pre-covid;Pre-covid
2018;12;Asturias;Calabacines;208.14;349.98;1.68;36.32;0.19;0.32;2018-12-01;Pre-covid;Pre-covid
2018;12;Asturias;Otr hortalizas/verd ;559.96;1432.76;2.56;67.82;0.52;1.32;2018-12-01;Pre-covid;Pre-covid
2018;12;Asturias;Brocoli;59.89;116.89;1.95;16.82;0.06;0.11;2018-12-01;Pre-covid;Pre-covid
2018;12;Asturias;Alcachofas;20.97;48.88;2.33;5.05;0.02;0.05;2018-12-01;Pre-covid;Pre-covid
2018;12;Asturias;Verd /hort  iv gama;407.34;1140.48;2.8;53.17;0.38;1.05;2018-12-01;Pre-covid;Pre-covid
2018;12;Baleares;Patatas;3869.63;3701.82;0.96;82.1;3.76;3.59;2018-12-01;Pre-covid;Pre-covid
2018;12;Baleares;Patatas frescas;2832.45;2497.62;0.88;71.34;2.75;2.42;2018-12-01;Pre-covid;Pre-covid
2018;12;Baleares;Patatas congeladas;123.37;173.56;1.41;16.79;0.12;0.17;2018-12-01;Pre-covid;Pre-covid
2018;12;Baleares;Patatas procesadas;182.76;1030.64;5.64;53.65;0.18;1.0;2018-12-01;Pre-covid;Pre-covid
2018;12;Baleares;Patatas fritas;155.87;991.53;6.36;51.88;0.15;0.96;2018-12-01;Pre-covid;Pre-covid
2018;12;Baleares;Hortalizas frescas;4972.68;10526.5;2.12;96.74;4.83;10.22;2018-12-01;Pre-covid;Pre-covid
2018;12;Baleares;Omates;994.66;1931.24;1.94;81.95;0.97;1.87;2018-12-01;Pre-covid;Pre-covid
2018;12;Baleares;Cebollas;746.21;962.18;1.29;71.41;0.72;0.93;2018-12-01;Pre-covid;Pre-covid
2018;12;Baleares;Ajos;65.55;213.16;3.25;34.16;0.06;0.21;2018-12-01;Pre-covid;Pre-covid
2018;12;Baleares;Coles;129.12;202.04;1.56;16.71;0.13;0.2;2018-12-01;Pre-covid;Pre-covid
2018;12;Baleares;Pepinos;72.44;139.95;1.93;16.83;0.07;0.14;2018-12-01;Pre-covid;Pre-covid
2018;12;Baleares;Judias verdes;109.09;302.14;2.77;25.32;0.11;0.29;2018-12-01;Pre-covid;Pre-covid
2018;12;Baleares;Pimientos;326.02;661.06;2.03;60.58;0.32;0.64;2018-12-01;Pre-covid;Pre-covid
2018;12;Baleares;Champiñoneso setas;157.97;831.74;5.27;50.52;0.15;0.81;2018-12-01;Pre-covid;Pre-covid
2018;12;Baleares;Lechuga/esc /endivia;361.81;1155.02;3.19;66.86;0.35;1.12;2018-12-01;Pre-covid;Pre-covid
2018;12;Baleares;Esparragos;8.07;60.98;7.56;4.51;0.01;0.06;2018-12-01;Pre-covid;Pre-covid
2018;12;Baleares;Verduras de hoja;87.1;266.48;3.06;28.87;0.08;0.26;2018-12-01;Pre-covid;Pre-covid
2018;12;Baleares;Berenjenas;75.05;142.88;1.9;25.53;0.07;0.14;2018-12-01;Pre-covid;Pre-covid
2018;12;Baleares;Zanahorias;356.6;337.35;0.95;57.91;0.35;0.33;2018-12-01;Pre-covid;Pre-covid
2018;12;Baleares;Calabacines;198.09;332.65;1.68;47.24;0.19;0.32;2018-12-01;Pre-covid;Pre-covid
2018;12;Baleares;Otr hortalizas/verd ;1284.9;2987.62;2.33;89.62;1.25;2.9;2018-12-01;Pre-covid;Pre-covid
2018;12;Baleares;Brocoli;97.04;176.06;1.81;24.64;0.09;0.17;2018-12-01;Pre-covid;Pre-covid
2018;12;Baleares;Alcachofas;105.32;259.12;2.46;21.34;0.1;0.25;2018-12-01;Pre-covid;Pre-covid
2018;12;Baleares;Verd /hort  iv gama;653.85;2116.88;3.24;76.36;0.63;2.05;2018-12-01;Pre-covid;Pre-covid
2018;12;Canarias;Patatas;5189.6;5304.94;1.02;79.4;2.37;2.43;2018-12-01;Pre-covid;Pre-covid
2018;12;Canarias;Patatas frescas;4003.43;4096.29;1.02;62.87;1.83;1.87;2018-12-01;Pre-covid;Pre-covid
2018;12;Canarias;Patatas congeladas;342.7;356.27;1.04;11.63;0.16;0.16;2018-12-01;Pre-covid;Pre-covid
2018;12;Canarias;Patatas procesadas;168.69;852.37;5.05;36.29;0.08;0.39;2018-12-01;Pre-covid;Pre-covid
2018;12;Canarias;Patatas fritas;143.35;817.19;5.7;35.28;0.07;0.37;2018-12-01;Pre-covid;Pre-covid
2018;12;Canarias;Hortalizas frescas;8335.43;16198.93;1.94;96.93;3.81;7.41;2018-12-01;Pre-covid;Pre-covid
2018;12;Canarias;Omates;1372.97;2201.53;1.6;78.27;0.63;1.01;2018-12-01;Pre-covid;Pre-covid
2018;12;Canarias;Cebollas;1463.78;1620.99;1.11;76.55;0.67;0.74;2018-12-01;Pre-covid;Pre-covid
2018;12;Canarias;Ajos;139.28;562.97;4.04;47.6;0.06;0.26;2018-12-01;Pre-covid;Pre-covid
2018;12;Canarias;Coles;278.21;326.26;1.17;28.73;0.13;0.15;2018-12-01;Pre-covid;Pre-covid
2018;12;Canarias;Pepinos;235.61;363.46;1.54;26.65;0.11;0.17;2018-12-01;Pre-covid;Pre-covid
2018;12;Canarias;Judias verdes;107.46;397.31;3.7;17.68;0.05;0.18;2018-12-01;Pre-covid;Pre-covid
2018;12;Canarias;Pimientos;920.7;1742.68;1.89;64.62;0.42;0.8;2018-12-01;Pre-covid;Pre-covid
2018;12;Canarias;Champiñoneso setas;193.56;713.79;3.69;29.33;0.09;0.33;2018-12-01;Pre-covid;Pre-covid
2018;12;Canarias;Lechuga/esc /endivia;268.73;1102.17;4.1;43.25;0.12;0.5;2018-12-01;Pre-covid;Pre-covid
2018;12;Canarias;Esparragos;5.02;59.87;11.92;0.96;0.0;0.03;2018-12-01;Pre-covid;Pre-covid
2018;12;Canarias;Verduras de hoja;79.72;291.49;3.66;14.08;0.04;0.13;2018-12-01;Pre-covid;Pre-covid
2018;12;Canarias;Berenjenas;67.57;122.85;1.82;11.45;0.03;0.06;2018-12-01;Pre-covid;Pre-covid
2018;12;Canarias;Zanahorias;699.94;739.34;1.06;59.72;0.32;0.34;2018-12-01;Pre-covid;Pre-covid
2018;12;Canarias;Calabacines;750.74;1234.3;1.64;56.57;0.34;0.56;2018-12-01;Pre-covid;Pre-covid
2018;12;Canarias;Otr hortalizas/verd ;1752.12;4719.92;2.69;79.0;0.8;2.16;2018-12-01;Pre-covid;Pre-covid
2018;12;Canarias;Brocoli;32.02;101.42;3.17;8.64;0.01;0.05;2018-12-01;Pre-covid;Pre-covid
2018;12;Canarias;Alcachofas;21.01;55.0;2.62;0.43;0.01;0.03;2018-12-01;Pre-covid;Pre-covid
2018;12;Canarias;Verd /hort  iv gama;1484.21;3818.3;2.57;65.73;0.68;1.75;2018-12-01;Pre-covid;Pre-covid
2018;12;Cantabria;Patatas;1457.13;1122.13;0.77;78.66;2.62;2.02;2018-12-01;Pre-covid;Pre-covid
2018;12;Cantabria;Patatas frescas;1099.88;829.34;0.75;67.83;1.98;1.49;2018-12-01;Pre-covid;Pre-covid
2018;12;Cantabria;Patatas congeladas;22.78;38.47;1.69;4.57;0.04;0.07;2018-12-01;Pre-covid;Pre-covid
2018;12;Cantabria;Patatas procesadas;66.89;254.32;3.8;38.45;0.12;0.46;2018-12-01;Pre-covid;Pre-covid
2018;12;Cantabria;Patatas fritas;29.68;191.17;6.44;36.48;0.05;0.34;2018-12-01;Pre-covid;Pre-covid
2018;12;Cantabria;Hortalizas frescas;3136.1;5578.23;1.78;96.59;5.63;10.02;2018-12-01;Pre-covid;Pre-covid
2018;12;Cantabria;Omates;832.53;1384.01;1.66;67.68;1.5;2.49;2018-12-01;Pre-covid;Pre-covid
2018;12;Cantabria;Cebollas;392.68;414.11;1.05;60.24;0.71;0.74;2018-12-01;Pre-covid;Pre-covid
2018;12;Cantabria;Ajos;30.79;133.67;4.34;23.82;0.06;0.24;2018-12-01;Pre-covid;Pre-covid
2018;12;Cantabria;Coles;140.57;178.09;1.27;18.77;0.25;0.32;2018-12-01;Pre-covid;Pre-covid
2018;12;Cantabria;Pepinos;66.76;109.04;1.63;21.29;0.12;0.2;2018-12-01;Pre-covid;Pre-covid
2018;12;Cantabria;Judias verdes;58.58;176.51;3.01;21.21;0.11;0.32;2018-12-01;Pre-covid;Pre-covid
2018;12;Cantabria;Pimientos;446.95;836.04;1.87;61.44;0.8;1.5;2018-12-01;Pre-covid;Pre-covid
2018;12;Cantabria;Champiñoneso setas;39.76;165.65;4.17;32.36;0.07;0.3;2018-12-01;Pre-covid;Pre-covid
2018;12;Cantabria;Lechuga/esc /endivia;103.25;306.9;2.97;49.83;0.19;0.55;2018-12-01;Pre-covid;Pre-covid
2018;12;Cantabria;Esparragos;2.35;15.73;6.7;3.34;0.0;0.03;2018-12-01;Pre-covid;Pre-covid
2018;12;Cantabria;Verduras de hoja;21.13;51.52;2.44;13.95;0.04;0.09;2018-12-01;Pre-covid;Pre-covid
2018;12;Cantabria;Berenjenas;15.27;25.09;1.64;11.24;0.03;0.05;2018-12-01;Pre-covid;Pre-covid
2018;12;Cantabria;Zanahorias;218.22;159.67;0.73;56.03;0.39;0.29;2018-12-01;Pre-covid;Pre-covid
2018;12;Cantabria;Calabacines;163.63;261.05;1.6;33.66;0.29;0.47;2018-12-01;Pre-covid;Pre-covid
2018;12;Cantabria;Otr hortalizas/verd ;603.64;1361.16;2.25;71.56;1.08;2.45;2018-12-01;Pre-covid;Pre-covid
2018;12;Cantabria;Brocoli;48.74;78.05;1.6;22.02;0.09;0.14;2018-12-01;Pre-covid;Pre-covid
2018;12;Cantabria;Alcachofas;19.01;29.52;1.55;9.38;0.03;0.05;2018-12-01;Pre-covid;Pre-covid
2018;12;Cantabria;Verd /hort  iv gama;228.62;552.12;2.42;59.3;0.41;0.99;2018-12-01;Pre-covid;Pre-covid
2018;12;Castilla la mancha;Patatas;4472.52;3854.31;0.86;78.66;2.13;1.84;2018-12-01;Pre-covid;Pre-covid
2018;12;Castilla la mancha;Patatas frescas;3169.04;2375.46;0.75;56.8;1.51;1.13;2018-12-01;Pre-covid;Pre-covid
2018;12;Castilla la mancha;Patatas congeladas;218.92;244.14;1.12;18.27;0.1;0.12;2018-12-01;Pre-covid;Pre-covid
2018;12;Castilla la mancha;Patatas procesadas;216.91;1234.71;5.69;57.02;0.1;0.59;2018-12-01;Pre-covid;Pre-covid
2018;12;Castilla la mancha;Patatas fritas;204.37;1218.59;5.96;56.67;0.1;0.58;2018-12-01;Pre-covid;Pre-covid
2018;12;Castilla la mancha;Hortalizas frescas;6871.99;12831.23;1.87;91.42;3.28;6.12;2018-12-01;Pre-covid;Pre-covid
2018;12;Castilla la mancha;Omates;1532.59;2511.32;1.64;71.64;0.73;1.2;2018-12-01;Pre-covid;Pre-covid
2018;12;Castilla la mancha;Cebollas;710.7;752.09;1.06;53.75;0.34;0.36;2018-12-01;Pre-covid;Pre-covid
2018;12;Castilla la mancha;Ajos;111.18;374.69;3.37;29.19;0.05;0.18;2018-12-01;Pre-covid;Pre-covid
2018;12;Castilla la mancha;Coles;257.91;324.23;1.26;17.04;0.12;0.15;2018-12-01;Pre-covid;Pre-covid
2018;12;Castilla la mancha;Pepinos;176.61;251.36;1.42;23.96;0.08;0.12;2018-12-01;Pre-covid;Pre-covid
2018;12;Castilla la mancha;Judias verdes;193.58;450.11;2.33;26.75;0.09;0.21;2018-12-01;Pre-covid;Pre-covid
2018;12;Castilla la mancha;Pimientos;577.72;1056.34;1.83;57.03;0.28;0.5;2018-12-01;Pre-covid;Pre-covid
2018;12;Castilla la mancha;Champiñoneso setas;349.95;1453.57;4.15;47.9;0.17;0.69;2018-12-01;Pre-covid;Pre-covid
2018;12;Castilla la mancha;Lechuga/esc /endivia;342.3;1023.05;2.99;45.23;0.16;0.49;2018-12-01;Pre-covid;Pre-covid
2018;12;Castilla la mancha;Esparragos;53.27;144.79;2.72;7.14;0.03;0.07;2018-12-01;Pre-covid;Pre-covid
2018;12;Castilla la mancha;Verduras de hoja;153.35;422.64;2.76;23.22;0.07;0.2;2018-12-01;Pre-covid;Pre-covid
2018;12;Castilla la mancha;Berenjenas;371.94;591.47;1.59;17.28;0.18;0.28;2018-12-01;Pre-covid;Pre-covid
2018;12;Castilla la mancha;Zanahorias;380.69;307.9;0.81;45.17;0.18;0.15;2018-12-01;Pre-covid;Pre-covid
2018;12;Castilla la mancha;Calabacines;448.34;727.01;1.62;44.72;0.21;0.35;2018-12-01;Pre-covid;Pre-covid
2018;12;Castilla la mancha;Otr hortalizas/verd ;1211.86;2440.66;2.01;69.71;0.58;1.16;2018-12-01;Pre-covid;Pre-covid
2018;12;Castilla la mancha;Brocoli;114.1;165.24;1.45;15.55;0.05;0.08;2018-12-01;Pre-covid;Pre-covid
2018;12;Castilla la mancha;Alcachofas;102.19;211.58;2.07;14.37;0.05;0.1;2018-12-01;Pre-covid;Pre-covid
2018;12;Castilla la mancha;Verd /hort  iv gama;860.76;2147.25;2.49;62.61;0.41;1.02;2018-12-01;Pre-covid;Pre-covid
2018;12;Castilla leon;Patatas;4347.98;4086.67;0.94;71.81;1.78;1.67;2018-12-01;Pre-covid;Pre-covid
2018;12;Castilla leon;Patatas frescas;3219.14;2802.28;0.87;52.26;1.32;1.15;2018-12-01;Pre-covid;Pre-covid
2018;12;Castilla leon;Patatas congeladas;106.55;145.74;1.37;6.95;0.04;0.06;2018-12-01;Pre-covid;Pre-covid
2018;12;Castilla leon;Patatas procesadas;204.46;1138.65;5.57;40.54;0.08;0.47;2018-12-01;Pre-covid;Pre-covid
2018;12;Castilla leon;Patatas fritas;168.67;1088.5;6.45;39.42;0.07;0.44;2018-12-01;Pre-covid;Pre-covid
2018;12;Castilla leon;Hortalizas frescas;8512.12;15673.41;1.84;92.74;3.48;6.41;2018-12-01;Pre-covid;Pre-covid
2018;12;Castilla leon;Omates;1554.3;2800.18;1.8;66.36;0.64;1.14;2018-12-01;Pre-covid;Pre-covid
2018;12;Castilla leon;Cebollas;1212.45;1346.0;1.11;61.57;0.5;0.55;2018-12-01;Pre-covid;Pre-covid
2018;12;Castilla leon;Ajos;161.08;626.77;3.89;32.31;0.07;0.26;2018-12-01;Pre-covid;Pre-covid
2018;12;Castilla leon;Coles;435.37;465.7;1.07;25.2;0.18;0.19;2018-12-01;Pre-covid;Pre-covid
2018;12;Castilla leon;Pepinos;181.2;290.52;1.6;15.79;0.07;0.12;2018-12-01;Pre-covid;Pre-covid
2018;12;Castilla leon;Judias verdes;225.36;580.66;2.58;20.58;0.09;0.24;2018-12-01;Pre-covid;Pre-covid
2018;12;Castilla leon;Pimientos;739.79;1415.1;1.91;58.74;0.3;0.58;2018-12-01;Pre-covid;Pre-covid
2018;12;Castilla leon;Champiñoneso setas;202.0;805.58;3.99;32.93;0.08;0.33;2018-12-01;Pre-covid;Pre-covid
2018;12;Castilla leon;Lechuga/esc /endivia;796.41;2011.87;2.53;56.27;0.33;0.82;2018-12-01;Pre-covid;Pre-covid
2018;12;Castilla leon;Esparragos;25.52;123.67;4.85;5.01;0.01;0.05;2018-12-01;Pre-covid;Pre-covid
2018;12;Castilla leon;Verduras de hoja;121.38;351.85;2.9;18.57;0.05;0.14;2018-12-01;Pre-covid;Pre-covid
2018;12;Castilla leon;Berenjenas;144.16;229.34;1.59;15.04;0.06;0.09;2018-12-01;Pre-covid;Pre-covid
2018;12;Castilla leon;Zanahorias;714.23;606.83;0.85;53.37;0.29;0.25;2018-12-01;Pre-covid;Pre-covid
2018;12;Castilla leon;Calabacines;498.09;743.6;1.49;37.26;0.2;0.3;2018-12-01;Pre-covid;Pre-covid
2018;12;Castilla leon;Otr hortalizas/verd ;1500.76;3275.74;2.18;74.33;0.61;1.34;2018-12-01;Pre-covid;Pre-covid
2018;12;Castilla leon;Brocoli;162.49;243.24;1.5;15.94;0.07;0.1;2018-12-01;Pre-covid;Pre-covid
2018;12;Castilla leon;Alcachofas;63.96;172.03;2.69;7.71;0.03;0.07;2018-12-01;Pre-covid;Pre-covid
2018;12;Castilla leon;Verd /hort  iv gama;907.56;2626.43;2.89;61.58;0.37;1.07;2018-12-01;Pre-covid;Pre-covid
2018;12;Cataluña;Patatas;19833.67;19415.18;0.98;84.43;2.87;2.81;2018-12-01;Pre-covid;Pre-covid
2018;12;Cataluña;Patatas frescas;12738.5;10993.48;0.86;71.91;1.84;1.59;2018-12-01;Pre-covid;Pre-covid
2018;12;Cataluña;Patatas congeladas;547.7;969.34;1.77;13.13;0.08;0.14;2018-12-01;Pre-covid;Pre-covid
2018;12;Cataluña;Patatas procesadas;1309.49;7452.36;5.69;61.25;0.19;1.08;2018-12-01;Pre-covid;Pre-covid
2018;12;Cataluña;Patatas fritas;1042.62;7016.34;6.73;59.71;0.15;1.01;2018-12-01;Pre-covid;Pre-covid
2018;12;Cataluña;Hortalizas frescas;34541.07;71055.21;2.06;96.53;4.99;10.27;2018-12-01;Pre-covid;Pre-covid
2018;12;Cataluña;Omates;7098.48;14329.6;2.02;83.06;1.03;2.07;2018-12-01;Pre-covid;Pre-covid
2018;12;Cataluña;Cebollas;4831.61;5802.74;1.2;71.11;0.7;0.84;2018-12-01;Pre-covid;Pre-covid
2018;12;Cataluña;Ajos;390.4;1760.54;4.51;37.48;0.06;0.25;2018-12-01;Pre-covid;Pre-covid
2018;12;Cataluña;Coles;1139.97;1457.54;1.28;23.62;0.16;0.21;2018-12-01;Pre-covid;Pre-covid
2018;12;Cataluña;Pepinos;525.73;855.76;1.63;20.89;0.08;0.12;2018-12-01;Pre-covid;Pre-covid
2018;12;Cataluña;Judias verdes;1190.63;3837.67;3.22;34.62;0.17;0.55;2018-12-01;Pre-covid;Pre-covid
2018;12;Cataluña;Pimientos;2144.9;4479.46;2.09;57.51;0.31;0.65;2018-12-01;Pre-covid;Pre-covid
2018;12;Cataluña;Champiñoneso setas;1065.05;6128.67;5.75;37.97;0.15;0.89;2018-12-01;Pre-covid;Pre-covid
2018;12;Cataluña;Lechuga/esc /endivia;2313.45;6781.04;2.93;63.12;0.33;0.98;2018-12-01;Pre-covid;Pre-covid
2018;12;Cataluña;Esparragos;246.58;532.75;2.16;5.58;0.04;0.08;2018-12-01;Pre-covid;Pre-covid
2018;12;Cataluña;Verduras de hoja;855.25;2235.39;2.61;25.2;0.12;0.32;2018-12-01;Pre-covid;Pre-covid
2018;12;Cataluña;Berenjenas;774.69;1314.13;1.7;28.94;0.11;0.19;2018-12-01;Pre-covid;Pre-covid
2018;12;Cataluña;Zanahorias;1836.41;1890.84;1.03;52.37;0.27;0.27;2018-12-01;Pre-covid;Pre-covid
2018;12;Cataluña;Calabacines;1944.7;3251.95;1.67;47.71;0.28;0.47;2018-12-01;Pre-covid;Pre-covid
2018;12;Cataluña;Otr hortalizas/verd ;8183.23;16397.12;2.0;81.12;1.18;2.37;2018-12-01;Pre-covid;Pre-covid
2018;12;Cataluña;Brocoli;1215.53;1640.47;1.35;28.47;0.18;0.24;2018-12-01;Pre-covid;Pre-covid
2018;12;Cataluña;Alcachofas;1196.68;2802.55;2.34;27.4;0.17;0.41;2018-12-01;Pre-covid;Pre-covid
2018;12;Cataluña;Verd /hort  iv gama;4064.76;10861.11;2.67;70.26;0.59;1.57;2018-12-01;Pre-covid;Pre-covid
2018;12;Extremadura;Patatas;2181.35;1785.38;0.82;70.83;1.85;1.51;2018-12-01;Pre-covid;Pre-covid
2018;12;Extremadura;Patatas frescas;1484.0;1166.7;0.79;59.43;1.26;0.99;2018-12-01;Pre-covid;Pre-covid
2018;12;Extremadura;Patatas congeladas;65.61;81.71;1.25;8.85;0.06;0.07;2018-12-01;Pre-covid;Pre-covid
2018;12;Extremadura;Patatas procesadas;126.35;536.97;4.25;45.45;0.11;0.46;2018-12-01;Pre-covid;Pre-covid
2018;12;Extremadura;Patatas fritas;92.6;499.99;5.4;44.96;0.08;0.42;2018-12-01;Pre-covid;Pre-covid
2018;12;Extremadura;Hortalizas frescas;3704.48;7092.53;1.91;96.86;3.14;6.02;2018-12-01;Pre-covid;Pre-covid
2018;12;Extremadura;Omates;853.94;1379.49;1.62;74.38;0.72;1.17;2018-12-01;Pre-covid;Pre-covid
2018;12;Extremadura;Cebollas;471.81;543.35;1.15;67.08;0.4;0.46;2018-12-01;Pre-covid;Pre-covid
2018;12;Extremadura;Ajos;64.62;273.6;4.23;36.53;0.05;0.23;2018-12-01;Pre-covid;Pre-covid
2018;12;Extremadura;Coles;142.54;198.89;1.4;19.53;0.12;0.17;2018-12-01;Pre-covid;Pre-covid
2018;12;Extremadura;Pepinos;72.48;113.03;1.56;20.74;0.06;0.1;2018-12-01;Pre-covid;Pre-covid
2018;12;Extremadura;Judias verdes;67.82;177.86;2.62;23.67;0.06;0.15;2018-12-01;Pre-covid;Pre-covid
2018;12;Extremadura;Pimientos;351.79;667.46;1.9;60.81;0.3;0.57;2018-12-01;Pre-covid;Pre-covid
2018;12;Extremadura;Champiñoneso setas;96.29;381.43;3.96;35.46;0.08;0.32;2018-12-01;Pre-covid;Pre-covid
2018;12;Extremadura;Lechuga/esc /endivia;198.09;672.71;3.4;49.23;0.17;0.57;2018-12-01;Pre-covid;Pre-covid
2018;12;Extremadura;Esparragos;6.21;44.75;7.21;5.91;0.01;0.04;2018-12-01;Pre-covid;Pre-covid
2018;12;Extremadura;Verduras de hoja;99.86;262.67;2.63;30.13;0.08;0.22;2018-12-01;Pre-covid;Pre-covid
2018;12;Extremadura;Berenjenas;72.32;118.88;1.64;24.37;0.06;0.1;2018-12-01;Pre-covid;Pre-covid
2018;12;Extremadura;Zanahorias;239.76;206.8;0.86;42.85;0.2;0.18;2018-12-01;Pre-covid;Pre-covid
2018;12;Extremadura;Calabacines;213.07;359.05;1.69;36.0;0.18;0.3;2018-12-01;Pre-covid;Pre-covid
2018;12;Extremadura;Otr hortalizas/verd ;753.86;1692.54;2.25;76.95;0.64;1.44;2018-12-01;Pre-covid;Pre-covid
2018;12;Extremadura;Brocoli;68.84;128.44;1.87;21.7;0.06;0.11;2018-12-01;Pre-covid;Pre-covid
2018;12;Extremadura;Alcachofas;98.71;224.96;2.28;16.18;0.08;0.19;2018-12-01;Pre-covid;Pre-covid
2018;12;Extremadura;Verd /hort  iv gama;486.36;1290.85;2.65;62.84;0.41;1.09;2018-12-01;Pre-covid;Pre-covid
2018;12;Galicia;Patatas;7499.58;6631.62;0.88;68.55;2.71;2.39;2018-12-01;Pre-covid;Pre-covid
2018;12;Galicia;Patatas frescas;6021.95;5103.11;0.85;54.82;2.17;1.84;2018-12-01;Pre-covid;Pre-covid
2018;12;Galicia;Patatas congeladas;158.31;215.31;1.36;7.21;0.06;0.08;2018-12-01;Pre-covid;Pre-covid
2018;12;Galicia;Patatas procesadas;263.86;1313.19;4.98;35.26;0.1;0.47;2018-12-01;Pre-covid;Pre-covid
2018;12;Galicia;Patatas fritas;192.81;1231.64;6.39;32.73;0.07;0.44;2018-12-01;Pre-covid;Pre-covid
2018;12;Galicia;Hortalizas frescas;12100.55;23507.01;1.94;93.79;4.37;8.49;2018-12-01;Pre-covid;Pre-covid
2018;12;Galicia;Omates;2074.51;4041.56;1.95;68.89;0.75;1.46;2018-12-01;Pre-covid;Pre-covid
2018;12;Galicia;Cebollas;1449.59;1929.26;1.33;45.97;0.52;0.7;2018-12-01;Pre-covid;Pre-covid
2018;12;Galicia;Ajos;234.35;998.12;4.26;39.66;0.08;0.36;2018-12-01;Pre-covid;Pre-covid
2018;12;Galicia;Coles;1100.81;1208.37;1.1;28.51;0.4;0.44;2018-12-01;Pre-covid;Pre-covid
2018;12;Galicia;Pepinos;152.38;284.63;1.87;6.3;0.06;0.1;2018-12-01;Pre-covid;Pre-covid
2018;12;Galicia;Judias verdes;412.63;1526.94;3.7;19.94;0.15;0.55;2018-12-01;Pre-covid;Pre-covid
2018;12;Galicia;Pimientos;706.73;1485.98;2.1;52.14;0.26;0.54;2018-12-01;Pre-covid;Pre-covid
2018;12;Galicia;Champiñoneso setas;281.27;1412.47;5.02;29.57;0.1;0.51;2018-12-01;Pre-covid;Pre-covid
2018;12;Galicia;Lechuga/esc /endivia;1369.11;3072.86;2.24;47.45;0.49;1.11;2018-12-01;Pre-covid;Pre-covid
2018;12;Galicia;Esparragos;18.83;53.47;2.84;2.18;0.01;0.02;2018-12-01;Pre-covid;Pre-covid
2018;12;Galicia;Verduras de hoja;249.41;593.11;2.38;15.36;0.09;0.21;2018-12-01;Pre-covid;Pre-covid
2018;12;Galicia;Berenjenas;138.79;246.27;1.77;11.26;0.05;0.09;2018-12-01;Pre-covid;Pre-covid
2018;12;Galicia;Zanahorias;856.88;731.56;0.85;46.73;0.31;0.26;2018-12-01;Pre-covid;Pre-covid
2018;12;Galicia;Calabacines;557.89;870.34;1.56;29.31;0.2;0.31;2018-12-01;Pre-covid;Pre-covid
2018;12;Galicia;Otr hortalizas/verd ;2497.37;5052.07;2.02;70.59;0.9;1.82;2018-12-01;Pre-covid;Pre-covid
2018;12;Galicia;Brocoli;373.17;598.91;1.6;23.79;0.13;0.22;2018-12-01;Pre-covid;Pre-covid
2018;12;Galicia;Alcachofas;53.22;115.66;2.17;5.08;0.02;0.04;2018-12-01;Pre-covid;Pre-covid
2018;12;Galicia;Verd /hort  iv gama;790.97;2247.3;2.84;54.91;0.29;0.81;2018-12-01;Pre-covid;Pre-covid
2018;12;La rioja;Patatas;509.89;459.06;0.9;58.1;1.61;1.45;2018-12-01;Pre-covid;Pre-covid
2018;12;La rioja;Patatas frescas;418.27;338.77;0.81;54.43;1.32;1.07;2018-12-01;Pre-covid;Pre-covid
2018;12;La rioja;Patatas congeladas;2.41;4.72;1.96;2.37;0.01;0.01;2018-12-01;Pre-covid;Pre-covid
2018;12;La rioja;Patatas procesadas;17.84;115.57;6.48;36.98;0.06;0.37;2018-12-01;Pre-covid;Pre-covid
2018;12;La rioja;Patatas fritas;16.38;114.55;6.99;36.08;0.05;0.36;2018-12-01;Pre-covid;Pre-covid
2018;12;La rioja;Hortalizas frescas;959.59;2073.56;2.16;89.05;3.03;6.55;2018-12-01;Pre-covid;Pre-covid
2018;12;La rioja;Omates;133.71;309.73;2.32;52.38;0.42;0.98;2018-12-01;Pre-covid;Pre-covid
2018;12;La rioja;Cebollas;109.68;183.76;1.68;40.32;0.35;0.58;2018-12-01;Pre-covid;Pre-covid
2018;12;La rioja;Ajos;6.95;30.07;4.33;17.54;0.02;0.1;2018-12-01;Pre-covid;Pre-covid
2018;12;La rioja;Coles;59.44;65.26;1.1;21.62;0.19;0.21;2018-12-01;Pre-covid;Pre-covid
2018;12;La rioja;Pepinos;3.65;5.36;1.47;8.08;0.01;0.02;2018-12-01;Pre-covid;Pre-covid
2018;12;La rioja;Judias verdes;34.03;95.76;2.81;22.59;0.11;0.3;2018-12-01;Pre-covid;Pre-covid
2018;12;La rioja;Pimientos;37.82;83.66;2.21;44.78;0.12;0.26;2018-12-01;Pre-covid;Pre-covid
2018;12;La rioja;Champiñoneso setas;33.06;154.88;4.68;57.73;0.1;0.49;2018-12-01;Pre-covid;Pre-covid
2018;12;La rioja;Lechuga/esc /endivia;95.41;298.34;3.13;45.7;0.3;0.94;2018-12-01;Pre-covid;Pre-covid
2018;12;La rioja;Esparragos;0.43;3.14;7.25;1.16;0.0;0.01;2018-12-01;Pre-covid;Pre-covid
2018;12;La rioja;Verduras de hoja;13.75;30.08;2.19;15.92;0.04;0.1;2018-12-01;Pre-covid;Pre-covid
2018;12;La rioja;Berenjenas;12.71;28.41;2.23;20.84;0.04;0.09;2018-12-01;Pre-covid;Pre-covid
2018;12;La rioja;Zanahorias;61.77;54.38;0.88;51.82;0.2;0.17;2018-12-01;Pre-covid;Pre-covid
2018;12;La rioja;Calabacines;58.87;112.15;1.9;44.98;0.19;0.35;2018-12-01;Pre-covid;Pre-covid
2018;12;La rioja;Otr hortalizas/verd ;298.3;618.57;2.07;68.91;0.94;1.95;2018-12-01;Pre-covid;Pre-covid
2018;12;La rioja;Brocoli;26.41;67.29;2.55;20.17;0.08;0.21;2018-12-01;Pre-covid;Pre-covid
2018;12;La rioja;Alcachofas;23.64;54.5;2.31;8.85;0.07;0.17;2018-12-01;Pre-covid;Pre-covid
2018;12;La rioja;Verd /hort  iv gama;109.05;391.98;3.59;50.86;0.34;1.24;2018-12-01;Pre-covid;Pre-covid
2018;12;Madrid;Patatas;14676.71;13428.01;0.91;80.89;2.36;2.16;2018-12-01;Pre-covid;Pre-covid
2018;12;Madrid;Patatas frescas;10491.47;8909.73;0.85;69.9;1.69;1.43;2018-12-01;Pre-covid;Pre-covid
2018;12;Madrid;Patatas congeladas;511.29;631.17;1.23;10.3;0.08;0.1;2018-12-01;Pre-covid;Pre-covid
2018;12;Madrid;Patatas procesadas;734.79;3887.11;5.29;48.45;0.12;0.62;2018-12-01;Pre-covid;Pre-covid
2018;12;Madrid;Patatas fritas;564.72;3623.71;6.42;45.84;0.09;0.58;2018-12-01;Pre-covid;Pre-covid
2018;12;Madrid;Hortalizas frescas;25787.12;49673.76;1.93;95.8;4.14;7.98;2018-12-01;Pre-covid;Pre-covid
2018;12;Madrid;Omates;5376.73;9560.46;1.78;79.74;0.86;1.54;2018-12-01;Pre-covid;Pre-covid
2018;12;Madrid;Cebollas;3316.15;3950.3;1.19;68.37;0.53;0.63;2018-12-01;Pre-covid;Pre-covid
2018;12;Madrid;Ajos;335.88;1458.77;4.34;38.91;0.05;0.23;2018-12-01;Pre-covid;Pre-covid
2018;12;Madrid;Coles;786.73;965.17;1.23;21.01;0.13;0.16;2018-12-01;Pre-covid;Pre-covid
2018;12;Madrid;Pepinos;521.35;776.13;1.49;19.05;0.08;0.12;2018-12-01;Pre-covid;Pre-covid
2018;12;Madrid;Judias verdes;1145.72;2498.41;2.18;30.27;0.18;0.4;2018-12-01;Pre-covid;Pre-covid
2018;12;Madrid;Pimientos;1897.42;3741.91;1.97;64.15;0.3;0.6;2018-12-01;Pre-covid;Pre-covid
2018;12;Madrid;Champiñoneso setas;969.32;3907.17;4.03;46.09;0.16;0.63;2018-12-01;Pre-covid;Pre-covid
2018;12;Madrid;Lechuga/esc /endivia;1287.96;4053.26;3.15;57.93;0.21;0.65;2018-12-01;Pre-covid;Pre-covid
2018;12;Madrid;Esparragos;169.14;619.59;3.66;8.67;0.03;0.1;2018-12-01;Pre-covid;Pre-covid
2018;12;Madrid;Verduras de hoja;537.71;1467.5;2.73;22.89;0.09;0.24;2018-12-01;Pre-covid;Pre-covid
2018;12;Madrid;Berenjenas;476.36;779.25;1.64;23.95;0.08;0.13;2018-12-01;Pre-covid;Pre-covid
2018;12;Madrid;Zanahorias;1685.44;1498.16;0.89;55.69;0.27;0.24;2018-12-01;Pre-covid;Pre-covid
2018;12;Madrid;Calabacines;1988.11;2943.0;1.48;47.9;0.32;0.47;2018-12-01;Pre-covid;Pre-covid
2018;12;Madrid;Otr hortalizas/verd ;5293.1;11454.69;2.16;81.71;0.85;1.84;2018-12-01;Pre-covid;Pre-covid
2018;12;Madrid;Brocoli;727.93;1050.5;1.44;23.72;0.12;0.17;2018-12-01;Pre-covid;Pre-covid
2018;12;Madrid;Alcachofas;372.63;817.23;2.19;12.44;0.06;0.13;2018-12-01;Pre-covid;Pre-covid
2018;12;Madrid;Verd /hort  iv gama;3036.04;9087.11;2.99;69.32;0.49;1.46;2018-12-01;Pre-covid;Pre-covid
2018;12;Murcia;Patatas;3142.4;2879.36;0.92;75.89;2.21;2.02;2018-12-01;Pre-covid;Pre-covid
2018;12;Murcia;Patatas frescas;2227.29;1835.69;0.82;61.59;1.56;1.29;2018-12-01;Pre-covid;Pre-covid
2018;12;Murcia;Patatas congeladas;86.04;101.81;1.18;11.26;0.06;0.07;2018-12-01;Pre-covid;Pre-covid
2018;12;Murcia;Patatas procesadas;165.81;941.86;5.68;48.64;0.12;0.66;2018-12-01;Pre-covid;Pre-covid
2018;12;Murcia;Patatas fritas;155.54;929.52;5.98;48.41;0.11;0.65;2018-12-01;Pre-covid;Pre-covid
2018;12;Murcia;Hortalizas frescas;6261.78;11405.96;1.82;96.21;4.4;8.01;2018-12-01;Pre-covid;Pre-covid
2018;12;Murcia;Omates;1342.96;2334.03;1.74;79.97;0.94;1.64;2018-12-01;Pre-covid;Pre-covid
2018;12;Murcia;Cebollas;755.72;840.62;1.11;65.58;0.53;0.59;2018-12-01;Pre-covid;Pre-covid
2018;12;Murcia;Ajos;59.41;254.47;4.28;26.23;0.04;0.18;2018-12-01;Pre-covid;Pre-covid
2018;12;Murcia;Coles;125.58;171.2;1.36;19.09;0.09;0.12;2018-12-01;Pre-covid;Pre-covid
2018;12;Murcia;Pepinos;239.68;307.5;1.28;23.05;0.17;0.22;2018-12-01;Pre-covid;Pre-covid
2018;12;Murcia;Judias verdes;203.42;583.32;2.87;30.57;0.14;0.41;2018-12-01;Pre-covid;Pre-covid
2018;12;Murcia;Pimientos;398.36;710.93;1.78;56.35;0.28;0.5;2018-12-01;Pre-covid;Pre-covid
2018;12;Murcia;Champiñoneso setas;167.89;643.97;3.84;46.18;0.12;0.45;2018-12-01;Pre-covid;Pre-covid
2018;12;Murcia;Lechuga/esc /endivia;418.76;1060.83;2.53;47.78;0.29;0.74;2018-12-01;Pre-covid;Pre-covid
2018;12;Murcia;Esparragos;125.32;239.41;1.91;16.13;0.09;0.17;2018-12-01;Pre-covid;Pre-covid
2018;12;Murcia;Verduras de hoja;120.68;270.28;2.24;20.83;0.08;0.19;2018-12-01;Pre-covid;Pre-covid
2018;12;Murcia;Berenjenas;169.59;289.02;1.7;34.9;0.12;0.2;2018-12-01;Pre-covid;Pre-covid
2018;12;Murcia;Zanahorias;285.85;251.61;0.88;52.65;0.2;0.18;2018-12-01;Pre-covid;Pre-covid
2018;12;Murcia;Calabacines;335.86;527.89;1.57;51.77;0.24;0.37;2018-12-01;Pre-covid;Pre-covid
2018;12;Murcia;Otr hortalizas/verd ;1512.7;2920.88;1.93;83.48;1.06;2.05;2018-12-01;Pre-covid;Pre-covid
2018;12;Murcia;Brocoli;246.11;313.61;1.27;21.35;0.17;0.22;2018-12-01;Pre-covid;Pre-covid
2018;12;Murcia;Alcachofas;205.72;448.67;2.18;24.46;0.14;0.32;2018-12-01;Pre-covid;Pre-covid
2018;12;Murcia;Verd /hort  iv gama;635.93;1721.25;2.71;62.22;0.45;1.21;2018-12-01;Pre-covid;Pre-covid
2018;12;Navarra;Patatas;1435.04;1236.18;0.86;72.38;2.42;2.09;2018-12-01;Pre-covid;Pre-covid
2018;12;Navarra;Patatas frescas;1042.27;942.99;0.9;67.24;1.76;1.59;2018-12-01;Pre-covid;Pre-covid
2018;12;Navarra;Patatas congeladas;10.18;14.64;1.44;4.48;0.02;0.02;2018-12-01;Pre-covid;Pre-covid
2018;12;Navarra;Patatas procesadas;76.52;278.55;3.64;34.0;0.13;0.47;2018-12-01;Pre-covid;Pre-covid
2018;12;Navarra;Patatas fritas;35.46;220.22;6.21;30.81;0.06;0.37;2018-12-01;Pre-covid;Pre-covid
2018;12;Navarra;Hortalizas frescas;3237.99;6401.43;1.98;97.73;5.47;10.81;2018-12-01;Pre-covid;Pre-covid
2018;12;Navarra;Omates;474.51;870.27;1.83;53.55;0.8;1.47;2018-12-01;Pre-covid;Pre-covid
2018;12;Navarra;Cebollas;347.35;504.83;1.45;48.04;0.59;0.85;2018-12-01;Pre-covid;Pre-covid
2018;12;Navarra;Ajos;44.87;189.56;4.22;25.99;0.08;0.32;2018-12-01;Pre-covid;Pre-covid
2018;12;Navarra;Coles;147.94;235.7;1.59;27.52;0.25;0.4;2018-12-01;Pre-covid;Pre-covid
2018;12;Navarra;Pepinos;47.95;90.51;1.89;10.12;0.08;0.15;2018-12-01;Pre-covid;Pre-covid
2018;12;Navarra;Judias verdes;159.97;650.46;4.07;43.41;0.27;1.1;2018-12-01;Pre-covid;Pre-covid
2018;12;Navarra;Pimientos;210.13;354.84;1.69;58.07;0.35;0.6;2018-12-01;Pre-covid;Pre-covid
2018;12;Navarra;Champiñoneso setas;59.87;247.91;4.14;43.44;0.1;0.42;2018-12-01;Pre-covid;Pre-covid
2018;12;Navarra;Lechuga/esc /endivia;449.37;1067.25;2.37;64.48;0.76;1.8;2018-12-01;Pre-covid;Pre-covid
2018;12;Navarra;Esparragos;1.72;6.88;4.0;1.38;0.0;0.01;2018-12-01;Pre-covid;Pre-covid
2018;12;Navarra;Verduras de hoja;70.51;165.37;2.35;25.2;0.12;0.28;2018-12-01;Pre-covid;Pre-covid
2018;12;Navarra;Berenjenas;72.5;122.83;1.69;13.43;0.12;0.21;2018-12-01;Pre-covid;Pre-covid
2018;12;Navarra;Zanahorias;165.86;130.0;0.78;47.85;0.28;0.22;2018-12-01;Pre-covid;Pre-covid
2018;12;Navarra;Calabacines;198.43;305.62;1.54;33.62;0.34;0.52;2018-12-01;Pre-covid;Pre-covid
2018;12;Navarra;Otr hortalizas/verd ;787.01;1459.4;1.85;75.85;1.33;2.46;2018-12-01;Pre-covid;Pre-covid
2018;12;Navarra;Brocoli;231.39;212.68;0.92;19.61;0.39;0.36;2018-12-01;Pre-covid;Pre-covid
2018;12;Navarra;Alcachofas;14.29;32.32;2.26;5.42;0.02;0.05;2018-12-01;Pre-covid;Pre-covid
2018;12;Navarra;Verd /hort  iv gama;335.12;844.29;2.52;76.76;0.57;1.43;2018-12-01;Pre-covid;Pre-covid
2018;12;Pais vasco;Patatas;4951.29;4462.76;0.9;79.1;2.39;2.16;2018-12-01;Pre-covid;Pre-covid
2018;12;Pais vasco;Patatas frescas;3794.54;3163.09;0.83;67.36;1.83;1.53;2018-12-01;Pre-covid;Pre-covid
2018;12;Pais vasco;Patatas congeladas;102.58;125.37;1.22;6.1;0.05;0.06;2018-12-01;Pre-covid;Pre-covid
2018;12;Pais vasco;Patatas procesadas;210.83;1174.3;5.57;38.91;0.1;0.57;2018-12-01;Pre-covid;Pre-covid
2018;12;Pais vasco;Patatas fritas;156.92;1088.18;6.93;35.09;0.08;0.53;2018-12-01;Pre-covid;Pre-covid
2018;12;Pais vasco;Hortalizas frescas;8850.38;17902.3;2.02;95.45;4.28;8.65;2018-12-01;Pre-covid;Pre-covid
2018;12;Pais vasco;Omates;1768.38;3537.56;2.0;71.86;0.85;1.71;2018-12-01;Pre-covid;Pre-covid
2018;12;Pais vasco;Cebollas;1275.06;1613.07;1.27;68.96;0.62;0.78;2018-12-01;Pre-covid;Pre-covid
2018;12;Pais vasco;Ajos;120.57;575.54;4.77;41.79;0.06;0.28;2018-12-01;Pre-covid;Pre-covid
2018;12;Pais vasco;Coles;329.16;430.49;1.31;29.4;0.16;0.21;2018-12-01;Pre-covid;Pre-covid
2018;12;Pais vasco;Pepinos;121.43;196.46;1.62;12.66;0.06;0.09;2018-12-01;Pre-covid;Pre-covid
2018;12;Pais vasco;Judias verdes;395.35;982.63;2.49;32.99;0.19;0.47;2018-12-01;Pre-covid;Pre-covid
2018;12;Pais vasco;Pimientos;635.29;1232.74;1.94;62.62;0.31;0.6;2018-12-01;Pre-covid;Pre-covid
2018;12;Pais vasco;Champiñoneso setas;361.81;1452.74;4.02;47.37;0.17;0.7;2018-12-01;Pre-covid;Pre-covid
2018;12;Pais vasco;Lechuga/esc /endivia;736.96;1923.93;2.61;63.07;0.36;0.93;2018-12-01;Pre-covid;Pre-covid
2018;12;Pais vasco;Esparragos;17.24;92.37;5.36;2.75;0.01;0.04;2018-12-01;Pre-covid;Pre-covid
2018;12;Pais vasco;Verduras de hoja;200.21;472.15;2.36;27.46;0.1;0.23;2018-12-01;Pre-covid;Pre-covid
2018;12;Pais vasco;Berenjenas;84.36;161.09;1.91;10.46;0.04;0.08;2018-12-01;Pre-covid;Pre-covid
2018;12;Pais vasco;Zanahorias;582.24;529.49;0.91;58.22;0.28;0.26;2018-12-01;Pre-covid;Pre-covid
2018;12;Pais vasco;Calabacines;595.28;902.3;1.52;44.16;0.29;0.44;2018-12-01;Pre-covid;Pre-covid
2018;12;Pais vasco;Otr hortalizas/verd ;1627.04;3799.73;2.34;73.29;0.79;1.84;2018-12-01;Pre-covid;Pre-covid
2018;12;Pais vasco;Brocoli;272.33;422.94;1.55;21.69;0.13;0.2;2018-12-01;Pre-covid;Pre-covid
2018;12;Pais vasco;Alcachofas;85.7;195.49;2.28;7.65;0.04;0.09;2018-12-01;Pre-covid;Pre-covid
2018;12;Pais vasco;Verd /hort  iv gama;977.42;2756.42;2.82;62.56;0.47;1.33;2018-12-01;Pre-covid;Pre-covid
2018;12;Valencia;Patatas;12439.94;10949.26;0.88;82.7;2.63;2.31;2018-12-01;Pre-covid;Pre-covid
2018;12;Valencia;Patatas frescas;8553.66;6687.99;0.78;70.27;1.81;1.41;2018-12-01;Pre-covid;Pre-covid
2018;12;Valencia;Patatas congeladas;400.36;502.55;1.26;11.93;0.08;0.11;2018-12-01;Pre-covid;Pre-covid
2018;12;Valencia;Patatas procesadas;697.18;3758.72;5.39;58.01;0.15;0.79;2018-12-01;Pre-covid;Pre-covid
2018;12;Valencia;Patatas fritas;619.29;3645.5;5.89;56.17;0.13;0.77;2018-12-01;Pre-covid;Pre-covid
2018;12;Valencia;Hortalizas frescas;22810.25;43445.05;1.9;97.27;4.82;9.18;2018-12-01;Pre-covid;Pre-covid
2018;12;Valencia;Omates;4265.25;7409.09;1.74;79.91;0.9;1.57;2018-12-01;Pre-covid;Pre-covid
2018;12;Valencia;Cebollas;3037.84;2992.48;0.99;66.49;0.64;0.63;2018-12-01;Pre-covid;Pre-covid
2018;12;Valencia;Ajos;280.62;1041.38;3.71;31.27;0.06;0.22;2018-12-01;Pre-covid;Pre-covid
2018;12;Valencia;Coles;510.12;619.27;1.21;20.41;0.11;0.13;2018-12-01;Pre-covid;Pre-covid
2018;12;Valencia;Pepinos;670.94;970.73;1.45;28.51;0.14;0.21;2018-12-01;Pre-covid;Pre-covid
2018;12;Valencia;Judias verdes;629.53;1804.74;2.87;37.46;0.13;0.38;2018-12-01;Pre-covid;Pre-covid
2018;12;Valencia;Pimientos;1525.41;2833.9;1.86;55.52;0.32;0.6;2018-12-01;Pre-covid;Pre-covid
2018;12;Valencia;Champiñoneso setas;830.7;3487.69;4.2;47.81;0.18;0.74;2018-12-01;Pre-covid;Pre-covid
2018;12;Valencia;Lechuga/esc /endivia;1204.53;3612.59;3.0;59.25;0.25;0.76;2018-12-01;Pre-covid;Pre-covid
2018;12;Valencia;Esparragos;166.88;510.04;3.06;8.94;0.04;0.11;2018-12-01;Pre-covid;Pre-covid
2018;12;Valencia;Verduras de hoja;612.94;1375.86;2.24;29.1;0.13;0.29;2018-12-01;Pre-covid;Pre-covid
2018;12;Valencia;Berenjenas;582.05;995.6;1.71;33.8;0.12;0.21;2018-12-01;Pre-covid;Pre-covid
2018;12;Valencia;Zanahorias;1420.67;1250.15;0.88;52.31;0.3;0.26;2018-12-01;Pre-covid;Pre-covid
2018;12;Valencia;Calabacines;1164.1;1798.25;1.54;39.12;0.25;0.38;2018-12-01;Pre-covid;Pre-covid
2018;12;Valencia;Otr hortalizas/verd ;5908.67;12743.28;2.16;84.51;1.25;2.69;2018-12-01;Pre-covid;Pre-covid
2018;12;Valencia;Brocoli;456.31;723.75;1.59;24.06;0.1;0.15;2018-12-01;Pre-covid;Pre-covid
2018;12;Valencia;Alcachofas;1329.5;2735.0;2.06;34.44;0.28;0.58;2018-12-01;Pre-covid;Pre-covid
2018;12;Valencia;Verd /hort  iv gama;2696.21;6977.31;2.59;68.56;0.57;1.47;2018-12-01;Pre-covid;Pre-covid
2018;12;Nacional;Frutas frescas;294882.98;450714.28;1.53;94.18;6.46;9.88;2018-12-01;Pre-covid;Pre-covid
2018;12;Nacional;Naranjas;66397.9;61723.71;0.93;51.13;1.46;1.35;2018-12-01;Pre-covid;Pre-covid
2018;12;Nacional;Mandarinas;44941.35;54528.09;1.21;59.62;0.98;1.19;2018-12-01;Pre-covid;Pre-covid
2018;12;Nacional;Limones;9008.91;13628.38;1.51;39.37;0.2;0.3;2018-12-01;Pre-covid;Pre-covid
2018;12;Nacional;Platanos;42540.82;70350.74;1.65;75.08;0.93;1.54;2018-12-01;Pre-covid;Pre-covid
2018;12;Nacional;Manzanas;34623.41;50875.99;1.47;61.42;0.76;1.11;2018-12-01;Pre-covid;Pre-covid
2018;12;Nacional;Peras;17945.58;26627.78;1.48;43.98;0.39;0.58;2018-12-01;Pre-covid;Pre-covid
2018;12;Nacional;Melocotones;172.38;266.11;1.54;0.5;0.0;0.01;2018-12-01;Pre-covid;Pre-covid
2018;12;Nacional;Nectarinas;796.09;825.22;1.04;1.84;0.02;0.02;2018-12-01;Pre-covid;Pre-covid
2018;12;Nacional;Albaricoques;156.73;256.04;1.63;0.76;0.0;0.01;2018-12-01;Pre-covid;Pre-covid
2018;12;Nacional;Fresas/freson;1130.95;4505.21;3.98;5.99;0.02;0.1;2018-12-01;Pre-covid;Pre-covid
2018;12;Nacional;Melon;6896.06;11056.15;1.6;11.16;0.15;0.24;2018-12-01;Pre-covid;Pre-covid
2018;12;Nacional;Sandia;207.32;416.12;2.01;0.75;0.0;0.01;2018-12-01;Pre-covid;Pre-covid
2018;12;Nacional;Ciruelas;596.01;1066.33;1.79;3.63;0.01;0.02;2018-12-01;Pre-covid;Pre-covid
2018;12;Nacional;Cerezas;685.99;2995.5;4.37;2.02;0.02;0.07;2018-12-01;Pre-covid;Pre-covid
2018;12;Nacional;Uvas;10876.07;28989.45;2.67;40.46;0.24;0.64;2018-12-01;Pre-covid;Pre-covid
2018;12;Nacional;Kiwi;12206.34;33039.17;2.71;35.08;0.27;0.72;2018-12-01;Pre-covid;Pre-covid
2018;12;Nacional;Aguacate;5288.58;16717.11;3.16;27.23;0.12;0.37;2018-12-01;Pre-covid;Pre-covid
2018;12;Nacional;Piña;14555.96;18935.19;1.3;31.83;0.32;0.41;2018-12-01;Pre-covid;Pre-covid
2018;12;Nacional;Otras frutas frescas;25856.52;53911.98;2.09;51.66;0.57;1.18;2018-12-01;Pre-covid;Pre-covid
2018;12;Nacional;Pomelo;1069.47;1881.55;1.76;2.79;0.02;0.04;2018-12-01;Pre-covid;Pre-covid
2018;12;Nacional;Chirimoya;14.19;69.62;4.91;0.1;0.0;0.0;2018-12-01;Pre-covid;Pre-covid
2018;12;Nacional;Frutas iv gama;12739.61;22506.8;1.77;26.02;0.28;0.49;2018-12-01;Pre-covid;Pre-covid
2018;12;Andalucia;Frutas frescas;45171.31;67656.57;1.5;93.03;5.2;7.79;2018-12-01;Pre-covid;Pre-covid
2018;12;Andalucia;Naranjas;9455.03;8273.71;0.88;43.71;1.09;0.95;2018-12-01;Pre-covid;Pre-covid
2018;12;Andalucia;Mandarinas;6461.36;7589.8;1.17;55.07;0.74;0.87;2018-12-01;Pre-covid;Pre-covid
2018;12;Andalucia;Limones;1379.97;1923.23;1.39;32.22;0.16;0.22;2018-12-01;Pre-covid;Pre-covid
2018;12;Andalucia;Platanos;6876.25;10716.59;1.56;76.13;0.79;1.23;2018-12-01;Pre-covid;Pre-covid
2018;12;Andalucia;Manzanas;4980.33;7281.73;1.46;57.23;0.57;0.84;2018-12-01;Pre-covid;Pre-covid
2018;12;Andalucia;Peras;2573.66;3705.62;1.44;42.27;0.3;0.43;2018-12-01;Pre-covid;Pre-covid
2018;12;Andalucia;Melocotones;22.61;54.46;2.41;0.89;0.0;0.01;2018-12-01;Pre-covid;Pre-covid
2018;12;Andalucia;Nectarinas;269.17;218.86;0.81;2.96;0.03;0.03;2018-12-01;Pre-covid;Pre-covid
2018;12;Andalucia;Albaricoques;51.07;120.64;2.36;1.5;0.01;0.01;2018-12-01;Pre-covid;Pre-covid
2018;12;Andalucia;Fresas/freson;176.09;853.33;4.85;7.18;0.02;0.1;2018-12-01;Pre-covid;Pre-covid
2018;12;Andalucia;Melon;1659.78;2073.19;1.25;8.6;0.19;0.24;2018-12-01;Pre-covid;Pre-covid
2018;12;Andalucia;Sandia;2.14;4.45;2.08;0.14;0.0;0.0;2018-12-01;Pre-covid;Pre-covid
2018;12;Andalucia;Ciruelas;93.04;187.73;2.02;3.33;0.01;0.02;2018-12-01;Pre-covid;Pre-covid
2018;12;Andalucia;Cerezas;38.69;138.25;3.57;1.91;0.0;0.02;2018-12-01;Pre-covid;Pre-covid
2018;12;Andalucia;Uvas;1708.02;4337.78;2.54;36.5;0.2;0.5;2018-12-01;Pre-covid;Pre-covid
2018;12;Andalucia;Kiwi;1522.09;4476.24;2.94;32.9;0.18;0.52;2018-12-01;Pre-covid;Pre-covid
2018;12;Andalucia;Aguacate;893.55;2705.02;3.03;25.77;0.1;0.31;2018-12-01;Pre-covid;Pre-covid
2018;12;Andalucia;Piña;1997.51;2325.69;1.16;27.22;0.23;0.27;2018-12-01;Pre-covid;Pre-covid
2018;12;Andalucia;Otras frutas frescas;5010.94;10670.26;2.13;49.79;0.58;1.23;2018-12-01;Pre-covid;Pre-covid
2018;12;Andalucia;Pomelo;121.97;227.01;1.86;2.12;0.01;0.03;2018-12-01;Pre-covid;Pre-covid
2018;12;Andalucia;Chirimoya;0.98;6.75;6.89;0.03;0.0;0.0;2018-12-01;Pre-covid;Pre-covid
2018;12;Andalucia;Frutas iv gama;2110.9;3534.7;1.67;27.49;0.24;0.41;2018-12-01;Pre-covid;Pre-covid
2018;12;Aragon;Frutas frescas;8881.22;12526.8;1.41;95.3;6.76;9.54;2018-12-01;Pre-covid;Pre-covid
2018;12;Aragon;Naranjas;2210.7;2040.4;0.92;58.64;1.68;1.55;2018-12-01;Pre-covid;Pre-covid
2018;12;Aragon;Mandarinas;1627.01;1764.16;1.08;66.84;1.24;1.34;2018-12-01;Pre-covid;Pre-covid
2018;12;Aragon;Limones;257.13;359.31;1.4;42.28;0.2;0.27;2018-12-01;Pre-covid;Pre-covid
2018;12;Aragon;Platanos;1096.4;1803.79;1.65;74.45;0.84;1.37;2018-12-01;Pre-covid;Pre-covid
2018;12;Aragon;Manzanas;1044.91;1469.39;1.41;56.24;0.8;1.12;2018-12-01;Pre-covid;Pre-covid
2018;12;Aragon;Peras;483.92;727.91;1.5;43.17;0.37;0.55;2018-12-01;Pre-covid;Pre-covid
2018;12;Aragon;Melocotones;0.0;0.0;0.0;0.0;0.0;0.0;2018-12-01;Pre-covid;Pre-covid
2018;12;Aragon;Nectarinas;9.07;4.56;0.5;1.14;0.01;0.0;2018-12-01;Pre-covid;Pre-covid
2018;12;Aragon;Albaricoques;5.4;11.62;2.15;0.83;0.0;0.01;2018-12-01;Pre-covid;Pre-covid
2018;12;Aragon;Fresas/freson;13.85;121.84;8.8;2.9;0.01;0.09;2018-12-01;Pre-covid;Pre-covid
2018;12;Aragon;Melon;261.42;487.19;1.86;11.04;0.2;0.37;2018-12-01;Pre-covid;Pre-covid
2018;12;Aragon;Sandia;18.16;37.97;2.09;2.0;0.01;0.03;2018-12-01;Pre-covid;Pre-covid
2018;12;Aragon;Ciruelas;14.13;26.13;1.85;5.04;0.01;0.02;2018-12-01;Pre-covid;Pre-covid
2018;12;Aragon;Cerezas;0.0;0.0;0.0;0.0;0.0;0.0;2018-12-01;Pre-covid;Pre-covid
2018;12;Aragon;Uvas;266.22;612.16;2.3;42.53;0.2;0.47;2018-12-01;Pre-covid;Pre-covid
2018;12;Aragon;Kiwi;277.05;779.09;2.81;31.69;0.21;0.59;2018-12-01;Pre-covid;Pre-covid
2018;12;Aragon;Aguacate;147.34;415.04;2.82;33.4;0.11;0.32;2018-12-01;Pre-covid;Pre-covid
2018;12;Aragon;Piña;639.41;728.43;1.14;35.88;0.49;0.55;2018-12-01;Pre-covid;Pre-covid
2018;12;Aragon;Otras frutas frescas;509.1;1137.81;2.23;40.06;0.39;0.87;2018-12-01;Pre-covid;Pre-covid
2018;12;Aragon;Pomelo;8.68;15.17;1.75;1.34;0.01;0.01;2018-12-01;Pre-covid;Pre-covid
2018;12;Aragon;Chirimoya;0.0;0.0;0.0;0.0;0.0;0.0;2018-12-01;Pre-covid;Pre-covid
2018;12;Aragon;Frutas iv gama;368.57;586.23;1.59;25.49;0.28;0.45;2018-12-01;Pre-covid;Pre-covid
2018;12;Asturias;Frutas frescas;7796.84;11907.32;1.53;94.75;7.19;10.98;2018-12-01;Pre-covid;Pre-covid
2018;12;Asturias;Naranjas;1737.39;1532.11;0.88;52.38;1.6;1.41;2018-12-01;Pre-covid;Pre-covid
2018;12;Asturias;Mandarinas;1117.94;1408.57;1.26;62.38;1.03;1.3;2018-12-01;Pre-covid;Pre-covid
2018;12;Asturias;Limones;209.5;354.46;1.69;42.47;0.19;0.33;2018-12-01;Pre-covid;Pre-covid
2018;12;Asturias;Platanos;1236.01;2130.05;1.72;75.51;1.14;1.96;2018-12-01;Pre-covid;Pre-covid
2018;12;Asturias;Manzanas;1291.96;1841.96;1.43;66.16;1.19;1.7;2018-12-01;Pre-covid;Pre-covid
2018;12;Asturias;Peras;426.12;704.82;1.65;40.66;0.39;0.65;2018-12-01;Pre-covid;Pre-covid
2018;12;Asturias;Melocotones;0.0;0.0;0.0;0.0;0.0;0.0;2018-12-01;Pre-covid;Pre-covid
2018;12;Asturias;Nectarinas;11.1;25.28;2.28;2.42;0.01;0.02;2018-12-01;Pre-covid;Pre-covid
2018;12;Asturias;Albaricoques;2.2;2.84;1.29;0.41;0.0;0.0;2018-12-01;Pre-covid;Pre-covid
2018;12;Asturias;Fresas/freson;73.75;269.01;3.65;10.46;0.07;0.25;2018-12-01;Pre-covid;Pre-covid
2018;12;Asturias;Melon;117.61;215.85;1.84;13.36;0.11;0.2;2018-12-01;Pre-covid;Pre-covid
2018;12;Asturias;Sandia;21.87;56.87;2.6;4.72;0.02;0.05;2018-12-01;Pre-covid;Pre-covid
2018;12;Asturias;Ciruelas;12.95;16.0;1.24;1.4;0.01;0.01;2018-12-01;Pre-covid;Pre-covid
2018;12;Asturias;Cerezas;0.0;0.0;0.0;0.0;0.0;0.0;2018-12-01;Pre-covid;Pre-covid
2018;12;Asturias;Uvas;295.33;809.14;2.74;45.67;0.27;0.75;2018-12-01;Pre-covid;Pre-covid
2018;12;Asturias;Kiwi;337.12;752.03;2.23;33.32;0.31;0.69;2018-12-01;Pre-covid;Pre-covid
2018;12;Asturias;Aguacate;66.36;293.13;4.42;16.35;0.06;0.27;2018-12-01;Pre-covid;Pre-covid
2018;12;Asturias;Piña;287.25;440.19;1.53;21.57;0.26;0.41;2018-12-01;Pre-covid;Pre-covid
2018;12;Asturias;Otras frutas frescas;552.39;1055.01;1.91;46.64;0.51;0.97;2018-12-01;Pre-covid;Pre-covid
2018;12;Asturias;Pomelo;69.67;132.08;1.9;6.63;0.06;0.12;2018-12-01;Pre-covid;Pre-covid
2018;12;Asturias;Chirimoya;0.0;0.0;0.0;0.0;0.0;0.0;2018-12-01;Pre-covid;Pre-covid
2018;12;Asturias;Frutas iv gama;162.38;272.98;1.68;23.77;0.15;0.25;2018-12-01;Pre-covid;Pre-covid
2018;12;Baleares;Frutas frescas;6765.86;11402.78;1.69;96.96;6.57;11.07;2018-12-01;Pre-covid;Pre-covid
2018;12;Baleares;Naranjas;885.83;862.51;0.97;38.52;0.86;0.84;2018-12-01;Pre-covid;Pre-covid
2018;12;Baleares;Mandarinas;894.93;1088.0;1.22;52.12;0.87;1.06;2018-12-01;Pre-covid;Pre-covid
2018;12;Baleares;Limones;301.86;392.44;1.3;31.88;0.29;0.38;2018-12-01;Pre-covid;Pre-covid
2018;12;Baleares;Platanos;1088.39;1849.33;1.7;75.06;1.06;1.8;2018-12-01;Pre-covid;Pre-covid
2018;12;Baleares;Manzanas;804.56;1215.36;1.51;72.81;0.78;1.18;2018-12-01;Pre-covid;Pre-covid
2018;12;Baleares;Peras;417.27;691.76;1.66;38.1;0.41;0.67;2018-12-01;Pre-covid;Pre-covid
2018;12;Baleares;Melocotones;0.0;0.0;0.0;0.0;0.0;0.0;2018-12-01;Pre-covid;Pre-covid
2018;12;Baleares;Nectarinas;24.14;25.78;1.07;3.68;0.02;0.03;2018-12-01;Pre-covid;Pre-covid
2018;12;Baleares;Albaricoques;0.0;0.0;0.0;0.0;0.0;0.0;2018-12-01;Pre-covid;Pre-covid
2018;12;Baleares;Fresas/freson;9.99;43.26;4.33;2.31;0.01;0.04;2018-12-01;Pre-covid;Pre-covid
2018;12;Baleares;Melon;54.81;99.22;1.81;5.87;0.05;0.1;2018-12-01;Pre-covid;Pre-covid
2018;12;Baleares;Sandia;0.0;0.0;0.0;0.0;0.0;0.0;2018-12-01;Pre-covid;Pre-covid
2018;12;Baleares;Ciruelas;9.71;30.68;3.16;3.58;0.01;0.03;2018-12-01;Pre-covid;Pre-covid
2018;12;Baleares;Cerezas;5.53;8.43;1.52;3.21;0.01;0.01;2018-12-01;Pre-covid;Pre-covid
2018;12;Baleares;Uvas;273.25;895.39;3.28;39.14;0.27;0.87;2018-12-01;Pre-covid;Pre-covid
2018;12;Baleares;Kiwi;576.81;1378.89;2.39;36.33;0.56;1.34;2018-12-01;Pre-covid;Pre-covid
2018;12;Baleares;Aguacate;165.11;569.82;3.45;30.38;0.16;0.55;2018-12-01;Pre-covid;Pre-covid
2018;12;Baleares;Piña;410.32;549.28;1.34;43.71;0.4;0.53;2018-12-01;Pre-covid;Pre-covid
2018;12;Baleares;Otras frutas frescas;843.35;1702.65;2.02;61.63;0.82;1.65;2018-12-01;Pre-covid;Pre-covid
2018;12;Baleares;Pomelo;61.85;124.45;2.01;3.27;0.06;0.12;2018-12-01;Pre-covid;Pre-covid
2018;12;Baleares;Chirimoya;0.0;0.0;0.0;0.0;0.0;0.0;2018-12-01;Pre-covid;Pre-covid
2018;12;Baleares;Frutas iv gama;353.49;629.18;1.78;21.91;0.34;0.61;2018-12-01;Pre-covid;Pre-covid
2018;12;Canarias;Frutas frescas;12003.69;19612.94;1.63;95.41;5.49;8.97;2018-12-01;Pre-covid;Pre-covid
2018;12;Canarias;Naranjas;2417.37;2348.11;0.97;44.68;1.11;1.07;2018-12-01;Pre-covid;Pre-covid
2018;12;Canarias;Mandarinas;1316.8;1529.77;1.16;50.28;0.6;0.7;2018-12-01;Pre-covid;Pre-covid
2018;12;Canarias;Limones;561.76;859.19;1.53;46.76;0.26;0.39;2018-12-01;Pre-covid;Pre-covid
2018;12;Canarias;Platanos;2146.8;3245.82;1.51;74.13;0.98;1.48;2018-12-01;Pre-covid;Pre-covid
2018;12;Canarias;Manzanas;1535.07;2456.98;1.6;63.46;0.7;1.12;2018-12-01;Pre-covid;Pre-covid
2018;12;Canarias;Peras;760.34;1221.18;1.61;46.89;0.35;0.56;2018-12-01;Pre-covid;Pre-covid
2018;12;Canarias;Melocotones;1.46;5.09;3.48;0.38;0.0;0.0;2018-12-01;Pre-covid;Pre-covid
2018;12;Canarias;Nectarinas;37.28;37.05;0.99;2.65;0.02;0.02;2018-12-01;Pre-covid;Pre-covid
2018;12;Canarias;Albaricoques;4.3;8.18;1.9;1.56;0.0;0.0;2018-12-01;Pre-covid;Pre-covid
2018;12;Canarias;Fresas/freson;7.77;32.93;4.24;2.05;0.0;0.02;2018-12-01;Pre-covid;Pre-covid
2018;12;Canarias;Melon;100.47;245.17;2.44;9.47;0.05;0.11;2018-12-01;Pre-covid;Pre-covid
2018;12;Canarias;Sandia;22.69;37.9;1.67;2.26;0.01;0.02;2018-12-01;Pre-covid;Pre-covid
2018;12;Canarias;Ciruelas;23.89;59.53;2.49;4.8;0.01;0.03;2018-12-01;Pre-covid;Pre-covid
2018;12;Canarias;Cerezas;14.15;84.44;5.97;4.11;0.01;0.04;2018-12-01;Pre-covid;Pre-covid
2018;12;Canarias;Uvas;365.12;869.14;2.38;32.81;0.17;0.4;2018-12-01;Pre-covid;Pre-covid
2018;12;Canarias;Kiwi;552.17;1414.51;2.56;35.75;0.25;0.65;2018-12-01;Pre-covid;Pre-covid
2018;12;Canarias;Aguacate;609.75;2041.87;3.35;43.31;0.28;0.93;2018-12-01;Pre-covid;Pre-covid
2018;12;Canarias;Piña;61.08;118.53;1.94;5.75;0.03;0.05;2018-12-01;Pre-covid;Pre-covid
2018;12;Canarias;Otras frutas frescas;1465.41;2997.55;2.05;45.94;0.67;1.37;2018-12-01;Pre-covid;Pre-covid
2018;12;Canarias;Pomelo;49.47;94.69;1.91;2.36;0.02;0.04;2018-12-01;Pre-covid;Pre-covid
2018;12;Canarias;Chirimoya;0.0;0.0;0.0;0.0;0.0;0.0;2018-12-01;Pre-covid;Pre-covid
2018;12;Canarias;Frutas iv gama;989.74;1836.53;1.86;27.82;0.45;0.84;2018-12-01;Pre-covid;Pre-covid
2018;12;Cantabria;Frutas frescas;3800.91;6676.75;1.76;95.06;6.83;12.0;2018-12-01;Pre-covid;Pre-covid
2018;12;Cantabria;Naranjas;843.69;758.36;0.9;51.84;1.52;1.36;2018-12-01;Pre-covid;Pre-covid
2018;12;Cantabria;Mandarinas;444.51;562.4;1.27;62.64;0.8;1.01;2018-12-01;Pre-covid;Pre-covid
2018;12;Cantabria;Limones;81.28;121.88;1.5;25.57;0.15;0.22;2018-12-01;Pre-covid;Pre-covid
2018;12;Cantabria;Platanos;441.04;762.56;1.73;61.82;0.79;1.37;2018-12-01;Pre-covid;Pre-covid
2018;12;Cantabria;Manzanas;532.6;747.41;1.4;65.69;0.96;1.34;2018-12-01;Pre-covid;Pre-covid
2018;12;Cantabria;Peras;157.42;243.88;1.55;37.33;0.28;0.44;2018-12-01;Pre-covid;Pre-covid
2018;12;Cantabria;Melocotones;0.0;0.0;0.0;0.0;0.0;0.0;2018-12-01;Pre-covid;Pre-covid
2018;12;Cantabria;Nectarinas;0.0;0.0;0.0;0.0;0.0;0.0;2018-12-01;Pre-covid;Pre-covid
2018;12;Cantabria;Albaricoques;2.44;1.92;0.79;1.14;0.0;0.0;2018-12-01;Pre-covid;Pre-covid
2018;12;Cantabria;Fresas/freson;17.63;42.04;2.38;7.33;0.03;0.08;2018-12-01;Pre-covid;Pre-covid
2018;12;Cantabria;Melon;10.43;15.42;1.48;3.38;0.02;0.03;2018-12-01;Pre-covid;Pre-covid
2018;12;Cantabria;Sandia;0.0;0.0;0.0;0.0;0.0;0.0;2018-12-01;Pre-covid;Pre-covid
2018;12;Cantabria;Ciruelas;1.18;4.31;3.67;1.55;0.0;0.01;2018-12-01;Pre-covid;Pre-covid
2018;12;Cantabria;Cerezas;389.71;1553.38;3.99;6.69;0.7;2.79;2018-12-01;Pre-covid;Pre-covid
2018;12;Cantabria;Uvas;111.27;301.37;2.71;41.66;0.2;0.54;2018-12-01;Pre-covid;Pre-covid
2018;12;Cantabria;Kiwi;134.12;441.69;3.29;37.35;0.24;0.79;2018-12-01;Pre-covid;Pre-covid
2018;12;Cantabria;Aguacate;27.19;111.52;4.1;16.37;0.05;0.2;2018-12-01;Pre-covid;Pre-covid
2018;12;Cantabria;Piña;175.96;188.93;1.07;22.7;0.32;0.34;2018-12-01;Pre-covid;Pre-covid
2018;12;Cantabria;Otras frutas frescas;430.44;819.68;1.9;38.67;0.77;1.47;2018-12-01;Pre-covid;Pre-covid
2018;12;Cantabria;Pomelo;8.17;7.74;0.95;4.21;0.01;0.01;2018-12-01;Pre-covid;Pre-covid
2018;12;Cantabria;Chirimoya;0.0;0.0;0.0;0.0;0.0;0.0;2018-12-01;Pre-covid;Pre-covid
2018;12;Cantabria;Frutas iv gama;185.16;310.18;1.68;17.47;0.33;0.56;2018-12-01;Pre-covid;Pre-covid
2018;12;Castilla la mancha;Frutas frescas;12464.34;17507.62;1.4;93.75;5.94;8.35;2018-12-01;Pre-covid;Pre-covid
2018;12;Castilla la mancha;Naranjas;3269.51;3199.04;0.98;56.2;1.56;1.52;2018-12-01;Pre-covid;Pre-covid
2018;12;Castilla la mancha;Mandarinas;1867.98;2039.94;1.09;65.25;0.89;0.97;2018-12-01;Pre-covid;Pre-covid
2018;12;Castilla la mancha;Limones;330.39;453.71;1.37;43.88;0.16;0.22;2018-12-01;Pre-covid;Pre-covid
2018;12;Castilla la mancha;Platanos;2015.59;3189.83;1.58;75.5;0.96;1.52;2018-12-01;Pre-covid;Pre-covid
2018;12;Castilla la mancha;Manzanas;1176.16;1594.42;1.36;62.78;0.56;0.76;2018-12-01;Pre-covid;Pre-covid
2018;12;Castilla la mancha;Peras;734.85;1040.58;1.42;46.38;0.35;0.5;2018-12-01;Pre-covid;Pre-covid
2018;12;Castilla la mancha;Melocotones;0.0;0.0;0.0;0.0;0.0;0.0;2018-12-01;Pre-covid;Pre-covid
2018;12;Castilla la mancha;Nectarinas;54.31;66.6;1.23;3.03;0.03;0.03;2018-12-01;Pre-covid;Pre-covid
2018;12;Castilla la mancha;Albaricoques;2.41;2.38;0.99;0.35;0.0;0.0;2018-12-01;Pre-covid;Pre-covid
2018;12;Castilla la mancha;Fresas/freson;50.02;260.19;5.2;7.61;0.02;0.12;2018-12-01;Pre-covid;Pre-covid
2018;12;Castilla la mancha;Melon;266.71;390.93;1.47;14.62;0.13;0.19;2018-12-01;Pre-covid;Pre-covid
2018;12;Castilla la mancha;Sandia;0.0;0.0;0.0;0.0;0.0;0.0;2018-12-01;Pre-covid;Pre-covid
2018;12;Castilla la mancha;Ciruelas;40.22;46.4;1.15;3.61;0.02;0.02;2018-12-01;Pre-covid;Pre-covid
2018;12;Castilla la mancha;Cerezas;44.22;75.29;1.7;2.97;0.02;0.04;2018-12-01;Pre-covid;Pre-covid
2018;12;Castilla la mancha;Uvas;335.09;852.25;2.54;35.52;0.16;0.41;2018-12-01;Pre-covid;Pre-covid
2018;12;Castilla la mancha;Kiwi;398.61;1036.94;2.6;32.08;0.19;0.49;2018-12-01;Pre-covid;Pre-covid
2018;12;Castilla la mancha;Aguacate;174.65;514.35;2.95;25.47;0.08;0.25;2018-12-01;Pre-covid;Pre-covid
2018;12;Castilla la mancha;Piña;642.27;702.4;1.09;30.28;0.31;0.33;2018-12-01;Pre-covid;Pre-covid
2018;12;Castilla la mancha;Otras frutas frescas;1061.37;2042.37;1.92;50.76;0.51;0.97;2018-12-01;Pre-covid;Pre-covid
2018;12;Castilla la mancha;Pomelo;20.27;34.87;1.72;1.21;0.01;0.02;2018-12-01;Pre-covid;Pre-covid
2018;12;Castilla la mancha;Chirimoya;0.0;0.0;0.0;0.0;0.0;0.0;2018-12-01;Pre-covid;Pre-covid
2018;12;Castilla la mancha;Frutas iv gama;492.06;750.2;1.52;22.54;0.23;0.36;2018-12-01;Pre-covid;Pre-covid
2018;12;Castilla leon;Frutas frescas;18130.17;25239.47;1.39;91.7;7.41;10.32;2018-12-01;Pre-covid;Pre-covid
2018;12;Castilla leon;Naranjas;4996.44;4287.89;0.86;60.62;2.04;1.75;2018-12-01;Pre-covid;Pre-covid
2018;12;Castilla leon;Mandarinas;2761.3;3128.68;1.13;69.58;1.13;1.28;2018-12-01;Pre-covid;Pre-covid
2018;12;Castilla leon;Limones;565.99;874.2;1.54;51.83;0.23;0.36;2018-12-01;Pre-covid;Pre-covid
2018;12;Castilla leon;Platanos;2251.92;3628.21;1.61;70.75;0.92;1.48;2018-12-01;Pre-covid;Pre-covid
2018;12;Castilla leon;Manzanas;1904.53;2547.22;1.34;58.35;0.78;1.04;2018-12-01;Pre-covid;Pre-covid
2018;12;Castilla leon;Peras;1094.79;1584.4;1.45;44.59;0.45;0.65;2018-12-01;Pre-covid;Pre-covid
2018;12;Castilla leon;Melocotones;3.54;9.01;2.54;0.21;0.0;0.0;2018-12-01;Pre-covid;Pre-covid
2018;12;Castilla leon;Nectarinas;45.77;46.2;1.01;2.94;0.02;0.02;2018-12-01;Pre-covid;Pre-covid
2018;12;Castilla leon;Albaricoques;2.25;2.23;0.99;0.18;0.0;0.0;2018-12-01;Pre-covid;Pre-covid
2018;12;Castilla leon;Fresas/freson;26.21;117.49;4.48;3.46;0.01;0.05;2018-12-01;Pre-covid;Pre-covid
2018;12;Castilla leon;Melon;371.97;608.47;1.64;10.64;0.15;0.25;2018-12-01;Pre-covid;Pre-covid
2018;12;Castilla leon;Sandia;2.25;2.91;1.29;0.18;0.0;0.0;2018-12-01;Pre-covid;Pre-covid
2018;12;Castilla leon;Ciruelas;13.48;30.97;2.3;2.13;0.01;0.01;2018-12-01;Pre-covid;Pre-covid
2018;12;Castilla leon;Cerezas;12.39;75.09;6.06;1.2;0.01;0.03;2018-12-01;Pre-covid;Pre-covid
2018;12;Castilla leon;Uvas;540.99;1411.77;2.61;41.7;0.22;0.58;2018-12-01;Pre-covid;Pre-covid
2018;12;Castilla leon;Kiwi;699.86;1973.01;2.82;32.78;0.29;0.81;2018-12-01;Pre-covid;Pre-covid
2018;12;Castilla leon;Aguacate;204.0;699.78;3.43;23.23;0.08;0.29;2018-12-01;Pre-covid;Pre-covid
2018;12;Castilla leon;Piña;1082.33;1236.87;1.14;34.85;0.44;0.51;2018-12-01;Pre-covid;Pre-covid
2018;12;Castilla leon;Otras frutas frescas;1550.15;2975.07;1.92;58.48;0.63;1.22;2018-12-01;Pre-covid;Pre-covid
2018;12;Castilla leon;Pomelo;54.58;75.37;1.38;3.54;0.02;0.03;2018-12-01;Pre-covid;Pre-covid
2018;12;Castilla leon;Chirimoya;0.0;0.0;0.0;0.0;0.0;0.0;2018-12-01;Pre-covid;Pre-covid
2018;12;Castilla leon;Frutas iv gama;630.49;1152.44;1.83;26.22;0.26;0.47;2018-12-01;Pre-covid;Pre-covid
2018;12;Cataluña;Frutas frescas;49381.69;78962.37;1.6;94.65;7.14;11.41;2018-12-01;Pre-covid;Pre-covid
2018;12;Cataluña;Naranjas;10774.46;11117.04;1.03;56.19;1.56;1.61;2018-12-01;Pre-covid;Pre-covid
2018;12;Cataluña;Mandarinas;8691.06;10589.84;1.22;66.23;1.26;1.53;2018-12-01;Pre-covid;Pre-covid
2018;12;Cataluña;Limones;1463.99;2358.15;1.61;37.65;0.21;0.34;2018-12-01;Pre-covid;Pre-covid
2018;12;Cataluña;Platanos;6851.32;12109.89;1.77;74.68;0.99;1.75;2018-12-01;Pre-covid;Pre-covid
2018;12;Cataluña;Manzanas;5971.23;8556.73;1.43;64.61;0.86;1.24;2018-12-01;Pre-covid;Pre-covid
2018;12;Cataluña;Peras;2880.28;4423.23;1.54;46.37;0.42;0.64;2018-12-01;Pre-covid;Pre-covid
2018;12;Cataluña;Melocotones;80.68;93.04;1.15;0.8;0.01;0.01;2018-12-01;Pre-covid;Pre-covid
2018;12;Cataluña;Nectarinas;100.91;119.63;1.19;1.55;0.01;0.02;2018-12-01;Pre-covid;Pre-covid
2018;12;Cataluña;Albaricoques;5.8;11.17;1.93;0.25;0.0;0.0;2018-12-01;Pre-covid;Pre-covid
2018;12;Cataluña;Fresas/freson;237.2;779.79;3.29;7.36;0.03;0.11;2018-12-01;Pre-covid;Pre-covid
2018;12;Cataluña;Melon;1629.1;2836.02;1.74;14.5;0.24;0.41;2018-12-01;Pre-covid;Pre-covid
2018;12;Cataluña;Sandia;28.31;28.41;1.0;0.32;0.0;0.0;2018-12-01;Pre-covid;Pre-covid
2018;12;Cataluña;Ciruelas;94.89;183.38;1.93;3.98;0.01;0.03;2018-12-01;Pre-covid;Pre-covid
2018;12;Cataluña;Cerezas;34.74;258.43;7.44;1.14;0.01;0.04;2018-12-01;Pre-covid;Pre-covid
2018;12;Cataluña;Uvas;1977.78;5842.23;2.95;44.12;0.29;0.84;2018-12-01;Pre-covid;Pre-covid
2018;12;Cataluña;Kiwi;1745.04;5275.02;3.02;35.6;0.25;0.76;2018-12-01;Pre-covid;Pre-covid
2018;12;Cataluña;Aguacate;784.02;2504.09;3.19;26.68;0.11;0.36;2018-12-01;Pre-covid;Pre-covid
2018;12;Cataluña;Piña;2636.49;3976.16;1.51;37.73;0.38;0.57;2018-12-01;Pre-covid;Pre-covid
2018;12;Cataluña;Otras frutas frescas;3394.39;7900.12;2.33;51.8;0.49;1.14;2018-12-01;Pre-covid;Pre-covid
2018;12;Cataluña;Pomelo;205.18;327.84;1.6;1.99;0.03;0.05;2018-12-01;Pre-covid;Pre-covid
2018;12;Cataluña;Chirimoya;1.48;2.37;1.6;0.06;0.0;0.0;2018-12-01;Pre-covid;Pre-covid
2018;12;Cataluña;Frutas iv gama;2147.64;3948.59;1.84;27.26;0.31;0.57;2018-12-01;Pre-covid;Pre-covid
2018;12;Extremadura;Frutas frescas;7195.99;10404.86;1.45;94.13;6.1;8.82;2018-12-01;Pre-covid;Pre-covid
2018;12;Extremadura;Naranjas;2200.06;1979.01;0.9;48.49;1.87;1.68;2018-12-01;Pre-covid;Pre-covid
2018;12;Extremadura;Mandarinas;1388.98;1841.74;1.33;56.3;1.18;1.56;2018-12-01;Pre-covid;Pre-covid
2018;12;Extremadura;Limones;151.82;224.0;1.48;30.51;0.13;0.19;2018-12-01;Pre-covid;Pre-covid
2018;12;Extremadura;Platanos;793.17;1237.66;1.56;72.7;0.67;1.05;2018-12-01;Pre-covid;Pre-covid
2018;12;Extremadura;Manzanas;677.01;1010.93;1.49;60.75;0.57;0.86;2018-12-01;Pre-covid;Pre-covid
2018;12;Extremadura;Peras;357.22;531.19;1.49;44.06;0.3;0.45;2018-12-01;Pre-covid;Pre-covid
2018;12;Extremadura;Melocotones;0.0;0.0;0.0;0.0;0.0;0.0;2018-12-01;Pre-covid;Pre-covid
2018;12;Extremadura;Nectarinas;13.13;12.84;0.98;3.56;0.01;0.01;2018-12-01;Pre-covid;Pre-covid
2018;12;Extremadura;Albaricoques;8.23;10.28;1.25;1.0;0.01;0.01;2018-12-01;Pre-covid;Pre-covid
2018;12;Extremadura;Fresas/freson;15.54;92.69;5.96;2.16;0.01;0.08;2018-12-01;Pre-covid;Pre-covid
2018;12;Extremadura;Melon;119.41;133.39;1.12;12.81;0.1;0.11;2018-12-01;Pre-covid;Pre-covid
2018;12;Extremadura;Sandia;1.7;0.86;0.5;0.42;0.0;0.0;2018-12-01;Pre-covid;Pre-covid
2018;12;Extremadura;Ciruelas;20.94;44.83;2.14;9.49;0.02;0.04;2018-12-01;Pre-covid;Pre-covid
2018;12;Extremadura;Cerezas;57.28;220.99;3.86;2.08;0.05;0.19;2018-12-01;Pre-covid;Pre-covid
2018;12;Extremadura;Uvas;149.99;384.75;2.57;38.28;0.13;0.33;2018-12-01;Pre-covid;Pre-covid
2018;12;Extremadura;Kiwi;344.26;896.46;2.6;44.53;0.29;0.76;2018-12-01;Pre-covid;Pre-covid
2018;12;Extremadura;Aguacate;84.45;214.56;2.54;28.49;0.07;0.18;2018-12-01;Pre-covid;Pre-covid
2018;12;Extremadura;Piña;228.64;339.51;1.48;27.95;0.19;0.29;2018-12-01;Pre-covid;Pre-covid
2018;12;Extremadura;Otras frutas frescas;584.16;1229.15;2.1;48.67;0.5;1.04;2018-12-01;Pre-covid;Pre-covid
2018;12;Extremadura;Pomelo;24.45;45.29;1.85;3.56;0.02;0.04;2018-12-01;Pre-covid;Pre-covid
2018;12;Extremadura;Chirimoya;0.0;0.0;0.0;0.0;0.0;0.0;2018-12-01;Pre-covid;Pre-covid
2018;12;Extremadura;Frutas iv gama;344.45;653.87;1.9;18.32;0.29;0.55;2018-12-01;Pre-covid;Pre-covid
2018;12;Galicia;Frutas frescas;20326.9;33008.19;1.62;96.09;7.34;11.92;2018-12-01;Pre-covid;Pre-covid
2018;12;Galicia;Naranjas;4480.56;4547.32;1.01;61.22;1.62;1.64;2018-12-01;Pre-covid;Pre-covid
2018;12;Galicia;Mandarinas;2517.7;3422.46;1.36;52.87;0.91;1.24;2018-12-01;Pre-covid;Pre-covid
2018;12;Galicia;Limones;596.11;922.38;1.55;41.96;0.22;0.33;2018-12-01;Pre-covid;Pre-covid
2018;12;Galicia;Platanos;2936.54;5143.25;1.75;81.13;1.06;1.86;2018-12-01;Pre-covid;Pre-covid
2018;12;Galicia;Manzanas;2999.95;4738.71;1.58;65.03;1.08;1.71;2018-12-01;Pre-covid;Pre-covid
2018;12;Galicia;Peras;1143.57;1782.2;1.56;37.07;0.41;0.64;2018-12-01;Pre-covid;Pre-covid
2018;12;Galicia;Melocotones;1.1;3.72;3.38;0.24;0.0;0.0;2018-12-01;Pre-covid;Pre-covid
2018;12;Galicia;Nectarinas;60.25;83.51;1.39;2.18;0.02;0.03;2018-12-01;Pre-covid;Pre-covid
2018;12;Galicia;Albaricoques;0.0;0.0;0.0;0.0;0.0;0.0;2018-12-01;Pre-covid;Pre-covid
2018;12;Galicia;Fresas/freson;65.33;278.41;4.26;7.62;0.02;0.1;2018-12-01;Pre-covid;Pre-covid
2018;12;Galicia;Melon;300.11;557.94;1.86;8.46;0.11;0.2;2018-12-01;Pre-covid;Pre-covid
2018;12;Galicia;Sandia;0.0;0.0;0.0;0.0;0.0;0.0;2018-12-01;Pre-covid;Pre-covid
2018;12;Galicia;Ciruelas;10.96;18.04;1.65;2.41;0.0;0.01;2018-12-01;Pre-covid;Pre-covid
2018;12;Galicia;Cerezas;26.37;181.32;6.88;4.22;0.01;0.07;2018-12-01;Pre-covid;Pre-covid
2018;12;Galicia;Uvas;1048.5;2817.11;2.69;51.92;0.38;1.02;2018-12-01;Pre-covid;Pre-covid
2018;12;Galicia;Kiwi;1638.98;3571.4;2.18;37.97;0.59;1.29;2018-12-01;Pre-covid;Pre-covid
2018;12;Galicia;Aguacate;368.76;1082.56;2.94;23.21;0.13;0.39;2018-12-01;Pre-covid;Pre-covid
2018;12;Galicia;Piña;864.29;1108.31;1.28;33.13;0.31;0.4;2018-12-01;Pre-covid;Pre-covid
2018;12;Galicia;Otras frutas frescas;1267.81;2749.53;2.17;49.1;0.46;0.99;2018-12-01;Pre-covid;Pre-covid
2018;12;Galicia;Pomelo;86.74;168.51;1.94;3.54;0.03;0.06;2018-12-01;Pre-covid;Pre-covid
2018;12;Galicia;Chirimoya;0.0;0.0;0.0;0.0;0.0;0.0;2018-12-01;Pre-covid;Pre-covid
2018;12;Galicia;Frutas iv gama;654.33;1231.4;1.88;25.06;0.24;0.44;2018-12-01;Pre-covid;Pre-covid
2018;12;La rioja;Frutas frescas;1602.65;2704.87;1.69;96.63;5.06;8.55;2018-12-01;Pre-covid;Pre-covid
2018;12;La rioja;Naranjas;355.85;295.36;0.83;53.61;1.12;0.93;2018-12-01;Pre-covid;Pre-covid
2018;12;La rioja;Mandarinas;300.97;439.61;1.46;79.87;0.95;1.39;2018-12-01;Pre-covid;Pre-covid
2018;12;La rioja;Limones;44.14;69.24;1.57;38.69;0.14;0.22;2018-12-01;Pre-covid;Pre-covid
2018;12;La rioja;Platanos;263.85;508.53;1.93;76.17;0.83;1.61;2018-12-01;Pre-covid;Pre-covid
2018;12;La rioja;Manzanas;198.71;319.17;1.61;60.17;0.63;1.01;2018-12-01;Pre-covid;Pre-covid
2018;12;La rioja;Peras;85.26;148.51;1.74;32.59;0.27;0.47;2018-12-01;Pre-covid;Pre-covid
2018;12;La rioja;Melocotones;0.0;0.0;0.0;0.0;0.0;0.0;2018-12-01;Pre-covid;Pre-covid
2018;12;La rioja;Nectarinas;0.0;0.0;0.0;0.0;0.0;0.0;2018-12-01;Pre-covid;Pre-covid
2018;12;La rioja;Albaricoques;0.0;0.0;0.0;0.0;0.0;0.0;2018-12-01;Pre-covid;Pre-covid
2018;12;La rioja;Fresas/freson;0.15;0.55;3.56;0.5;0.0;0.0;2018-12-01;Pre-covid;Pre-covid
2018;12;La rioja;Melon;11.98;23.65;1.97;6.92;0.04;0.07;2018-12-01;Pre-covid;Pre-covid
2018;12;La rioja;Sandia;3.18;12.55;3.95;1.71;0.01;0.04;2018-12-01;Pre-covid;Pre-covid
2018;12;La rioja;Ciruelas;0.0;0.0;0.0;0.0;0.0;0.0;2018-12-01;Pre-covid;Pre-covid
2018;12;La rioja;Cerezas;0.0;0.0;0.0;0.0;0.0;0.0;2018-12-01;Pre-covid;Pre-covid
2018;12;La rioja;Uvas;37.86;120.22;3.18;30.25;0.12;0.38;2018-12-01;Pre-covid;Pre-covid
2018;12;La rioja;Kiwi;98.75;342.12;3.46;27.32;0.31;1.08;2018-12-01;Pre-covid;Pre-covid
2018;12;La rioja;Aguacate;24.25;108.69;4.48;22.6;0.08;0.34;2018-12-01;Pre-covid;Pre-covid
2018;12;La rioja;Piña;86.48;151.23;1.75;36.41;0.27;0.48;2018-12-01;Pre-covid;Pre-covid
2018;12;La rioja;Otras frutas frescas;91.22;165.43;1.81;38.07;0.29;0.52;2018-12-01;Pre-covid;Pre-covid
2018;12;La rioja;Pomelo;5.43;8.63;1.59;2.0;0.02;0.03;2018-12-01;Pre-covid;Pre-covid
2018;12;La rioja;Chirimoya;0.0;0.0;0.0;0.0;0.0;0.0;2018-12-01;Pre-covid;Pre-covid
2018;12;La rioja;Frutas iv gama;17.6;32.52;1.85;12.87;0.06;0.1;2018-12-01;Pre-covid;Pre-covid
2018;12;Madrid;Frutas frescas;45751.39;69324.05;1.52;95.71;7.35;11.14;2018-12-01;Pre-covid;Pre-covid
2018;12;Madrid;Naranjas;10517.43;9414.4;0.9;58.66;1.69;1.51;2018-12-01;Pre-covid;Pre-covid
2018;12;Madrid;Mandarinas;7399.38;9262.7;1.25;68.63;1.19;1.49;2018-12-01;Pre-covid;Pre-covid
2018;12;Madrid;Limones;1344.47;2111.02;1.57;46.99;0.22;0.34;2018-12-01;Pre-covid;Pre-covid
2018;12;Madrid;Platanos;6015.33;10139.78;1.69;77.27;0.97;1.63;2018-12-01;Pre-covid;Pre-covid
2018;12;Madrid;Manzanas;5232.54;7823.23;1.5;64.47;0.84;1.26;2018-12-01;Pre-covid;Pre-covid
2018;12;Madrid;Peras;3297.29;4631.95;1.4;49.41;0.53;0.74;2018-12-01;Pre-covid;Pre-covid
2018;12;Madrid;Melocotones;11.26;30.82;2.74;0.62;0.0;0.0;2018-12-01;Pre-covid;Pre-covid
2018;12;Madrid;Nectarinas;81.39;97.45;1.2;1.36;0.01;0.02;2018-12-01;Pre-covid;Pre-covid
2018;12;Madrid;Albaricoques;61.22;62.88;1.03;1.22;0.01;0.01;2018-12-01;Pre-covid;Pre-covid
2018;12;Madrid;Fresas/freson;170.73;674.48;3.95;5.39;0.03;0.11;2018-12-01;Pre-covid;Pre-covid
2018;12;Madrid;Melon;911.98;1581.46;1.73;14.24;0.15;0.25;2018-12-01;Pre-covid;Pre-covid
2018;12;Madrid;Sandia;17.99;27.06;1.5;0.51;0.0;0.0;2018-12-01;Pre-covid;Pre-covid
2018;12;Madrid;Ciruelas;127.07;214.83;1.69;3.86;0.02;0.03;2018-12-01;Pre-covid;Pre-covid
2018;12;Madrid;Cerezas;34.97;267.22;7.64;3.01;0.01;0.04;2018-12-01;Pre-covid;Pre-covid
2018;12;Madrid;Uvas;1615.88;4104.82;2.54;45.57;0.26;0.66;2018-12-01;Pre-covid;Pre-covid
2018;12;Madrid;Kiwi;1677.19;4575.17;2.73;38.11;0.27;0.74;2018-12-01;Pre-covid;Pre-covid
2018;12;Madrid;Aguacate;763.43;2355.26;3.09;30.98;0.12;0.38;2018-12-01;Pre-covid;Pre-covid
2018;12;Madrid;Piña;2180.44;2959.02;1.36;34.16;0.35;0.48;2018-12-01;Pre-covid;Pre-covid
2018;12;Madrid;Otras frutas frescas;4291.41;8990.48;2.09;60.11;0.69;1.44;2018-12-01;Pre-covid;Pre-covid
2018;12;Madrid;Pomelo;128.77;233.4;1.81;4.11;0.02;0.04;2018-12-01;Pre-covid;Pre-covid
2018;12;Madrid;Chirimoya;4.39;9.97;2.27;0.16;0.0;0.0;2018-12-01;Pre-covid;Pre-covid
2018;12;Madrid;Frutas iv gama;1431.12;2654.39;1.85;29.02;0.23;0.43;2018-12-01;Pre-covid;Pre-covid
2018;12;Murcia;Frutas frescas;8853.98;12732.56;1.44;93.55;6.22;8.94;2018-12-01;Pre-covid;Pre-covid
2018;12;Murcia;Naranjas;2485.44;2051.85;0.83;43.35;1.75;1.44;2018-12-01;Pre-covid;Pre-covid
2018;12;Murcia;Mandarinas;889.53;1173.53;1.32;47.35;0.62;0.82;2018-12-01;Pre-covid;Pre-covid
2018;12;Murcia;Limones;307.63;434.0;1.41;34.28;0.22;0.3;2018-12-01;Pre-covid;Pre-covid
2018;12;Murcia;Platanos;1326.8;2081.61;1.57;71.72;0.93;1.46;2018-12-01;Pre-covid;Pre-covid
2018;12;Murcia;Manzanas;961.92;1431.89;1.49;63.0;0.68;1.01;2018-12-01;Pre-covid;Pre-covid
2018;12;Murcia;Peras;537.3;744.04;1.38;45.45;0.38;0.52;2018-12-01;Pre-covid;Pre-covid
2018;12;Murcia;Melocotones;0.0;0.0;0.0;0.0;0.0;0.0;2018-12-01;Pre-covid;Pre-covid
2018;12;Murcia;Nectarinas;0.0;0.0;0.0;0.0;0.0;0.0;2018-12-01;Pre-covid;Pre-covid
2018;12;Murcia;Albaricoques;0.0;0.0;0.0;0.0;0.0;0.0;2018-12-01;Pre-covid;Pre-covid
2018;12;Murcia;Fresas/freson;26.06;164.75;6.32;9.49;0.02;0.12;2018-12-01;Pre-covid;Pre-covid
2018;12;Murcia;Melon;243.28;420.71;1.73;15.02;0.17;0.3;2018-12-01;Pre-covid;Pre-covid
2018;12;Murcia;Sandia;15.43;45.56;2.95;2.95;0.01;0.03;2018-12-01;Pre-covid;Pre-covid
2018;12;Murcia;Ciruelas;0.0;0.0;0.0;0.0;0.0;0.0;2018-12-01;Pre-covid;Pre-covid
2018;12;Murcia;Cerezas;9.72;48.03;4.94;1.24;0.01;0.03;2018-12-01;Pre-covid;Pre-covid
2018;12;Murcia;Uvas;382.99;1013.32;2.65;43.69;0.27;0.71;2018-12-01;Pre-covid;Pre-covid
2018;12;Murcia;Kiwi;208.3;613.66;2.95;29.18;0.15;0.43;2018-12-01;Pre-covid;Pre-covid
2018;12;Murcia;Aguacate;150.02;426.93;2.85;30.0;0.11;0.3;2018-12-01;Pre-covid;Pre-covid
2018;12;Murcia;Piña;585.08;728.03;1.24;39.45;0.41;0.51;2018-12-01;Pre-covid;Pre-covid
2018;12;Murcia;Otras frutas frescas;724.47;1354.66;1.87;45.83;0.51;0.95;2018-12-01;Pre-covid;Pre-covid
2018;12;Murcia;Pomelo;15.84;29.08;1.84;1.22;0.01;0.02;2018-12-01;Pre-covid;Pre-covid
2018;12;Murcia;Chirimoya;0.0;0.0;0.0;0.0;0.0;0.0;2018-12-01;Pre-covid;Pre-covid
2018;12;Murcia;Frutas iv gama;329.29;592.22;1.8;25.96;0.23;0.42;2018-12-01;Pre-covid;Pre-covid
2018;12;Navarra;Frutas frescas;3603.83;5723.29;1.59;96.45;6.08;9.66;2018-12-01;Pre-covid;Pre-covid
2018;12;Navarra;Naranjas;763.3;805.01;1.05;36.71;1.29;1.36;2018-12-01;Pre-covid;Pre-covid
2018;12;Navarra;Mandarinas;636.34;831.88;1.31;66.8;1.07;1.4;2018-12-01;Pre-covid;Pre-covid
2018;12;Navarra;Limones;169.37;257.36;1.52;58.42;0.29;0.43;2018-12-01;Pre-covid;Pre-covid
2018;12;Navarra;Platanos;507.0;851.33;1.68;64.96;0.86;1.44;2018-12-01;Pre-covid;Pre-covid
2018;12;Navarra;Manzanas;485.73;753.08;1.55;49.6;0.82;1.27;2018-12-01;Pre-covid;Pre-covid
2018;12;Navarra;Peras;165.73;283.89;1.71;38.75;0.28;0.48;2018-12-01;Pre-covid;Pre-covid
2018;12;Navarra;Melocotones;0.0;0.0;0.0;0.0;0.0;0.0;2018-12-01;Pre-covid;Pre-covid
2018;12;Navarra;Nectarinas;0.0;0.0;0.0;0.0;0.0;0.0;2018-12-01;Pre-covid;Pre-covid
2018;12;Navarra;Albaricoques;0.0;0.0;0.0;0.0;0.0;0.0;2018-12-01;Pre-covid;Pre-covid
2018;12;Navarra;Fresas/freson;7.62;21.7;2.85;3.99;0.01;0.04;2018-12-01;Pre-covid;Pre-covid
2018;12;Navarra;Melon;59.44;105.09;1.77;9.49;0.1;0.18;2018-12-01;Pre-covid;Pre-covid
2018;12;Navarra;Sandia;0.0;0.0;0.0;0.0;0.0;0.0;2018-12-01;Pre-covid;Pre-covid
2018;12;Navarra;Ciruelas;4.31;12.9;2.99;2.13;0.01;0.02;2018-12-01;Pre-covid;Pre-covid
2018;12;Navarra;Cerezas;0.0;0.0;0.0;0.0;0.0;0.0;2018-12-01;Pre-covid;Pre-covid
2018;12;Navarra;Uvas;80.92;199.85;2.47;27.31;0.14;0.34;2018-12-01;Pre-covid;Pre-covid
2018;12;Navarra;Kiwi;172.96;581.65;3.36;37.35;0.29;0.98;2018-12-01;Pre-covid;Pre-covid
2018;12;Navarra;Aguacate;84.93;305.85;3.6;36.04;0.14;0.52;2018-12-01;Pre-covid;Pre-covid
2018;12;Navarra;Piña;295.53;358.88;1.21;42.49;0.5;0.61;2018-12-01;Pre-covid;Pre-covid
2018;12;Navarra;Otras frutas frescas;170.65;354.84;2.08;35.61;0.29;0.6;2018-12-01;Pre-covid;Pre-covid
2018;12;Navarra;Pomelo;0.0;0.0;0.0;0.0;0.0;0.0;2018-12-01;Pre-covid;Pre-covid
2018;12;Navarra;Chirimoya;0.0;0.0;0.0;0.0;0.0;0.0;2018-12-01;Pre-covid;Pre-covid
2018;12;Navarra;Frutas iv gama;154.33;270.76;1.75;19.74;0.26;0.46;2018-12-01;Pre-covid;Pre-covid
2018;12;Pais vasco;Frutas frescas;15807.52;24239.6;1.53;93.86;7.64;11.71;2018-12-01;Pre-covid;Pre-covid
2018;12;Pais vasco;Naranjas;4330.77;4381.06;1.01;60.31;2.09;2.12;2018-12-01;Pre-covid;Pre-covid
2018;12;Pais vasco;Mandarinas;2286.41;3023.96;1.32;60.39;1.1;1.46;2018-12-01;Pre-covid;Pre-covid
2018;12;Pais vasco;Limones;434.1;731.3;1.68;42.43;0.21;0.35;2018-12-01;Pre-covid;Pre-covid
2018;12;Pais vasco;Platanos;1939.13;3462.92;1.79;66.98;0.94;1.67;2018-12-01;Pre-covid;Pre-covid
2018;12;Pais vasco;Manzanas;2125.27;3154.04;1.48;64.81;1.03;1.52;2018-12-01;Pre-covid;Pre-covid
2018;12;Pais vasco;Peras;986.5;1455.48;1.48;42.36;0.48;0.7;2018-12-01;Pre-covid;Pre-covid
2018;12;Pais vasco;Melocotones;0.0;0.0;0.0;0.0;0.0;0.0;2018-12-01;Pre-covid;Pre-covid
2018;12;Pais vasco;Nectarinas;15.65;21.46;1.37;1.71;0.01;0.01;2018-12-01;Pre-covid;Pre-covid
2018;12;Pais vasco;Albaricoques;0.0;0.0;0.0;0.0;0.0;0.0;2018-12-01;Pre-covid;Pre-covid
2018;12;Pais vasco;Fresas/freson;67.15;156.0;2.32;6.43;0.03;0.08;2018-12-01;Pre-covid;Pre-covid
2018;12;Pais vasco;Melon;173.7;330.44;1.9;9.65;0.08;0.16;2018-12-01;Pre-covid;Pre-covid
2018;12;Pais vasco;Sandia;1.97;4.92;2.49;0.27;0.0;0.0;2018-12-01;Pre-covid;Pre-covid
2018;12;Pais vasco;Ciruelas;44.39;66.4;1.5;2.33;0.02;0.03;2018-12-01;Pre-covid;Pre-covid
2018;12;Pais vasco;Cerezas;5.23;21.92;4.19;1.91;0.0;0.01;2018-12-01;Pre-covid;Pre-covid
2018;12;Pais vasco;Uvas;539.83;1351.78;2.5;36.73;0.26;0.65;2018-12-01;Pre-covid;Pre-covid
2018;12;Pais vasco;Kiwi;822.86;2220.41;2.7;35.65;0.4;1.07;2018-12-01;Pre-covid;Pre-covid
2018;12;Pais vasco;Aguacate;190.41;702.23;3.69;23.97;0.09;0.34;2018-12-01;Pre-covid;Pre-covid
2018;12;Pais vasco;Piña;770.32;1031.01;1.34;28.84;0.37;0.5;2018-12-01;Pre-covid;Pre-covid
2018;12;Pais vasco;Otras frutas frescas;1073.84;2124.28;1.98;48.73;0.52;1.03;2018-12-01;Pre-covid;Pre-covid
2018;12;Pais vasco;Pomelo;105.1;181.06;1.72;6.99;0.05;0.09;2018-12-01;Pre-covid;Pre-covid
2018;12;Pais vasco;Chirimoya;0.0;0.0;0.0;0.0;0.0;0.0;2018-12-01;Pre-covid;Pre-covid
2018;12;Pais vasco;Frutas iv gama;800.88;1228.65;1.53;21.71;0.39;0.59;2018-12-01;Pre-covid;Pre-covid
2018;12;Valencia;Frutas frescas;27344.7;41084.28;1.5;92.04;5.78;8.68;2018-12-01;Pre-covid;Pre-covid
2018;12;Valencia;Naranjas;4674.07;3830.54;0.82;38.35;0.99;0.81;2018-12-01;Pre-covid;Pre-covid
2018;12;Valencia;Mandarinas;4339.14;4831.06;1.11;47.41;0.92;1.02;2018-12-01;Pre-covid;Pre-covid
2018;12;Valencia;Limones;809.42;1182.51;1.46;33.31;0.17;0.25;2018-12-01;Pre-covid;Pre-covid
2018;12;Valencia;Platanos;4755.3;7489.61;1.58;78.77;1.0;1.58;2018-12-01;Pre-covid;Pre-covid
2018;12;Valencia;Manzanas;2700.91;3933.76;1.46;55.78;0.57;0.83;2018-12-01;Pre-covid;Pre-covid
2018;12;Valencia;Peras;1844.05;2707.11;1.47;43.73;0.39;0.57;2018-12-01;Pre-covid;Pre-covid
2018;12;Valencia;Melocotones;51.72;69.97;1.35;0.83;0.01;0.01;2018-12-01;Pre-covid;Pre-covid
2018;12;Valencia;Nectarinas;73.9;66.0;0.89;0.57;0.02;0.01;2018-12-01;Pre-covid;Pre-covid
2018;12;Valencia;Albaricoques;11.4;21.89;1.92;1.0;0.0;0.0;2018-12-01;Pre-covid;Pre-covid
2018;12;Valencia;Fresas/freson;165.85;596.78;3.6;5.96;0.04;0.13;2018-12-01;Pre-covid;Pre-covid
2018;12;Valencia;Melon;603.88;932.01;1.54;11.01;0.13;0.2;2018-12-01;Pre-covid;Pre-covid
2018;12;Valencia;Sandia;71.63;156.67;2.19;1.66;0.02;0.03;2018-12-01;Pre-covid;Pre-covid
2018;12;Valencia;Ciruelas;84.86;124.19;1.46;4.93;0.02;0.03;2018-12-01;Pre-covid;Pre-covid
2018;12;Valencia;Cerezas;13.0;62.71;4.82;0.31;0.0;0.01;2018-12-01;Pre-covid;Pre-covid
2018;12;Valencia;Uvas;1147.03;3066.36;2.67;37.37;0.24;0.65;2018-12-01;Pre-covid;Pre-covid
2018;12;Valencia;Kiwi;1000.2;2710.89;2.71;36.14;0.21;0.57;2018-12-01;Pre-covid;Pre-covid
2018;12;Valencia;Aguacate;550.38;1666.41;3.03;27.47;0.12;0.35;2018-12-01;Pre-covid;Pre-covid
2018;12;Valencia;Piña;1612.55;1992.72;1.24;35.98;0.34;0.42;2018-12-01;Pre-covid;Pre-covid
2018;12;Valencia;Otras frutas frescas;2835.42;5643.09;1.99;54.33;0.6;1.19;2018-12-01;Pre-covid;Pre-covid
2018;12;Valencia;Pomelo;103.3;176.37;1.71;2.69;0.02;0.04;2018-12-01;Pre-covid;Pre-covid
2018;12;Valencia;Chirimoya;7.33;50.51;6.89;0.57;0.0;0.01;2018-12-01;Pre-covid;Pre-covid
2018;12;Valencia;Frutas iv gama;1567.18;2821.96;1.8;28.78;0.33;0.6;2018-12-01;Pre-covid;Pre-covid
2019;01;Nacional;Patatas;109465.69;98564.75;0.9;80.01;2.37;2.14;2019-01-01;Pre-covid;Pre-covid
2019;01;Nacional;Patatas frescas;79929.19;66698.49;0.83;67.2;1.73;1.45;2019-01-01;Pre-covid;Pre-covid
2019;01;Nacional;Patatas congeladas;3846.64;4855.67;1.26;11.51;0.08;0.11;2019-01-01;Pre-covid;Pre-covid
2019;01;Nacional;Patatas procesadas;5137.97;27010.59;5.26;46.22;0.11;0.59;2019-01-01;Pre-covid;Pre-covid
2019;01;Nacional;Patatas fritas;4107.22;25518.21;6.21;44.11;0.09;0.55;2019-01-01;Pre-covid;Pre-covid
2019;01;Nacional;Hortalizas frescas;212480.62;407802.47;1.92;97.02;4.61;8.84;2019-01-01;Pre-covid;Pre-covid
2019;01;Nacional;Omates;39508.2;70691.74;1.79;77.75;0.86;1.53;2019-01-01;Pre-covid;Pre-covid
2019;01;Nacional;Cebollas;27554.46;31535.65;1.14;68.67;0.6;0.68;2019-01-01;Pre-covid;Pre-covid
2019;01;Nacional;Ajos;2842.97;11172.94;3.93;35.23;0.06;0.24;2019-01-01;Pre-covid;Pre-covid
2019;01;Nacional;Coles;7957.95;9963.54;1.25;25.01;0.17;0.22;2019-01-01;Pre-covid;Pre-covid
2019;01;Nacional;Pepinos;4171.28;6712.9;1.61;21.83;0.09;0.15;2019-01-01;Pre-covid;Pre-covid
2019;01;Nacional;Judias verdes;5390.95;18352.45;3.4;30.56;0.12;0.4;2019-01-01;Pre-covid;Pre-covid
2019;01;Nacional;Pimientos;16221.12;31649.41;1.95;65.19;0.35;0.69;2019-01-01;Pre-covid;Pre-covid
2019;01;Nacional;Champiñoneso setas;5786.94;22455.32;3.88;41.29;0.13;0.49;2019-01-01;Pre-covid;Pre-covid
2019;01;Nacional;Lechuga/esc /endivia;13385.06;37768.28;2.82;61.77;0.29;0.82;2019-01-01;Pre-covid;Pre-covid
2019;01;Nacional;Esparragos;1275.81;3881.53;3.04;6.9;0.03;0.08;2019-01-01;Pre-covid;Pre-covid
2019;01;Nacional;Verduras de hoja;5139.15;12184.1;2.37;27.09;0.11;0.26;2019-01-01;Pre-covid;Pre-covid
2019;01;Nacional;Berenjenas;3694.55;8111.14;2.2;23.04;0.08;0.18;2019-01-01;Pre-covid;Pre-covid
2019;01;Nacional;Zanahorias;14048.02;12605.01;0.9;58.81;0.3;0.27;2019-01-01;Pre-covid;Pre-covid
2019;01;Nacional;Calabacines;13376.17;24041.56;1.8;50.77;0.29;0.52;2019-01-01;Pre-covid;Pre-covid
2019;01;Nacional;Otr hortalizas/verd ;52128.0;106676.9;2.05;81.12;1.13;2.31;2019-01-01;Pre-covid;Pre-covid
2019;01;Nacional;Brocoli;6865.24;9535.59;1.39;27.1;0.15;0.21;2019-01-01;Pre-covid;Pre-covid
2019;01;Nacional;Alcachofas;9609.03;18842.8;1.96;28.44;0.21;0.41;2019-01-01;Pre-covid;Pre-covid
2019;01;Nacional;Apio;2726.27;3965.95;1.45;12.82;0.06;0.09;2019-01-01;Pre-covid;Pre-covid
2019;01;Nacional;Coliflor;3010.72;4340.58;1.44;12.54;0.07;0.09;2019-01-01;Pre-covid;Pre-covid
2019;01;Nacional;Verd /hort  iv gama;24622.38;68222.61;2.77;67.36;0.53;1.48;2019-01-01;Pre-covid;Pre-covid
2019;01;Nacional;Puerro;4703.54;12932.78;2.75;35.03;0.1;0.28;2019-01-01;Pre-covid;Pre-covid
2019;01;Andalucia;Patatas;21917.17;18932.57;0.86;84.08;2.52;2.18;2019-01-01;Pre-covid;Pre-covid
2019;01;Andalucia;Patatas frescas;15818.97;12383.85;0.78;71.63;1.82;1.43;2019-01-01;Pre-covid;Pre-covid
2019;01;Andalucia;Patatas congeladas;880.37;1024.04;1.16;15.8;0.1;0.12;2019-01-01;Pre-covid;Pre-covid
2019;01;Andalucia;Patatas procesadas;1043.57;5524.69;5.29;52.27;0.12;0.64;2019-01-01;Pre-covid;Pre-covid
2019;01;Andalucia;Patatas fritas;897.12;5324.97;5.94;49.94;0.1;0.61;2019-01-01;Pre-covid;Pre-covid
2019;01;Andalucia;Hortalizas frescas;34656.74;63708.74;1.84;96.87;3.99;7.34;2019-01-01;Pre-covid;Pre-covid
2019;01;Andalucia;Omates;7168.7;11241.14;1.57;76.8;0.83;1.29;2019-01-01;Pre-covid;Pre-covid
2019;01;Andalucia;Cebollas;4650.48;5040.31;1.08;67.59;0.54;0.58;2019-01-01;Pre-covid;Pre-covid
2019;01;Andalucia;Ajos;605.43;2153.97;3.56;35.52;0.07;0.25;2019-01-01;Pre-covid;Pre-covid
2019;01;Andalucia;Coles;899.82;1107.03;1.23;18.89;0.1;0.13;2019-01-01;Pre-covid;Pre-covid
2019;01;Andalucia;Pepinos;614.93;937.68;1.52;22.69;0.07;0.11;2019-01-01;Pre-covid;Pre-covid
2019;01;Andalucia;Judias verdes;671.43;2111.21;3.14;28.5;0.08;0.24;2019-01-01;Pre-covid;Pre-covid
2019;01;Andalucia;Pimientos;2703.36;5156.76;1.91;70.79;0.31;0.59;2019-01-01;Pre-covid;Pre-covid
2019;01;Andalucia;Champiñoneso setas;962.27;3781.59;3.93;40.23;0.11;0.44;2019-01-01;Pre-covid;Pre-covid
2019;01;Andalucia;Lechuga/esc /endivia;2314.53;6387.34;2.76;64.92;0.27;0.74;2019-01-01;Pre-covid;Pre-covid
2019;01;Andalucia;Esparragos;141.29;653.57;4.63;7.26;0.02;0.08;2019-01-01;Pre-covid;Pre-covid
2019;01;Andalucia;Verduras de hoja;698.49;1721.49;2.46;23.96;0.08;0.2;2019-01-01;Pre-covid;Pre-covid
2019;01;Andalucia;Berenjenas;721.22;1459.21;2.02;23.02;0.08;0.17;2019-01-01;Pre-covid;Pre-covid
2019;01;Andalucia;Zanahorias;2331.6;2039.26;0.87;60.26;0.27;0.23;2019-01-01;Pre-covid;Pre-covid
2019;01;Andalucia;Calabacines;2309.76;4190.47;1.81;51.89;0.27;0.48;2019-01-01;Pre-covid;Pre-covid
2019;01;Andalucia;Otr hortalizas/verd ;7863.41;15727.72;2.0;82.08;0.91;1.81;2019-01-01;Pre-covid;Pre-covid
2019;01;Andalucia;Brocoli;938.18;1383.73;1.47;25.35;0.11;0.16;2019-01-01;Pre-covid;Pre-covid
2019;01;Andalucia;Alcachofas;1193.1;2190.76;1.84;24.82;0.14;0.25;2019-01-01;Pre-covid;Pre-covid
2019;01;Andalucia;Apio;403.63;639.7;1.58;13.12;0.05;0.07;2019-01-01;Pre-covid;Pre-covid
2019;01;Andalucia;Coliflor;583.55;809.56;1.39;15.08;0.07;0.09;2019-01-01;Pre-covid;Pre-covid
2019;01;Andalucia;Verd /hort  iv gama;4265.39;11323.09;2.65;67.46;0.49;1.3;2019-01-01;Pre-covid;Pre-covid
2019;01;Andalucia;Puerro;783.22;2028.57;2.59;35.13;0.09;0.23;2019-01-01;Pre-covid;Pre-covid
2019;01;Aragon;Patatas;2663.92;2434.11;0.91;80.08;2.03;1.86;2019-01-01;Pre-covid;Pre-covid
2019;01;Aragon;Patatas frescas;1972.59;1660.2;0.84;66.28;1.51;1.27;2019-01-01;Pre-covid;Pre-covid
2019;01;Aragon;Patatas congeladas;42.95;58.57;1.36;8.23;0.03;0.04;2019-01-01;Pre-covid;Pre-covid
2019;01;Aragon;Patatas procesadas;129.67;715.34;5.52;41.45;0.1;0.55;2019-01-01;Pre-covid;Pre-covid
2019;01;Aragon;Patatas fritas;98.75;671.99;6.81;39.88;0.08;0.51;2019-01-01;Pre-covid;Pre-covid
2019;01;Aragon;Hortalizas frescas;7348.63;13792.18;1.88;97.3;5.61;10.53;2019-01-01;Pre-covid;Pre-covid
2019;01;Aragon;Omates;925.64;1822.62;1.97;66.72;0.71;1.39;2019-01-01;Pre-covid;Pre-covid
2019;01;Aragon;Cebollas;657.18;781.92;1.19;60.44;0.5;0.6;2019-01-01;Pre-covid;Pre-covid
2019;01;Aragon;Ajos;65.26;246.01;3.77;30.06;0.05;0.19;2019-01-01;Pre-covid;Pre-covid
2019;01;Aragon;Coles;254.99;245.11;0.96;29.83;0.19;0.19;2019-01-01;Pre-covid;Pre-covid
2019;01;Aragon;Pepinos;190.86;320.51;1.68;22.88;0.15;0.24;2019-01-01;Pre-covid;Pre-covid
2019;01;Aragon;Judias verdes;257.43;929.11;3.61;38.92;0.2;0.71;2019-01-01;Pre-covid;Pre-covid
2019;01;Aragon;Pimientos;466.99;919.32;1.97;55.52;0.36;0.7;2019-01-01;Pre-covid;Pre-covid
2019;01;Aragon;Champiñoneso setas;218.56;718.47;3.29;45.92;0.17;0.55;2019-01-01;Pre-covid;Pre-covid
2019;01;Aragon;Lechuga/esc /endivia;724.85;1808.88;2.5;64.3;0.55;1.38;2019-01-01;Pre-covid;Pre-covid
2019;01;Aragon;Esparragos;45.8;184.82;4.04;9.3;0.03;0.14;2019-01-01;Pre-covid;Pre-covid
2019;01;Aragon;Verduras de hoja;488.72;763.39;1.56;31.49;0.37;0.58;2019-01-01;Pre-covid;Pre-covid
2019;01;Aragon;Berenjenas;62.29;123.16;1.98;16.6;0.05;0.09;2019-01-01;Pre-covid;Pre-covid
2019;01;Aragon;Zanahorias;399.72;372.78;0.93;60.1;0.31;0.28;2019-01-01;Pre-covid;Pre-covid
2019;01;Aragon;Calabacines;246.95;443.08;1.79;41.92;0.19;0.34;2019-01-01;Pre-covid;Pre-covid
2019;01;Aragon;Otr hortalizas/verd ;2343.39;4112.98;1.76;87.79;1.79;3.14;2019-01-01;Pre-covid;Pre-covid
2019;01;Aragon;Brocoli;355.48;416.53;1.17;33.2;0.27;0.32;2019-01-01;Pre-covid;Pre-covid
2019;01;Aragon;Alcachofas;202.98;416.23;2.05;27.65;0.15;0.32;2019-01-01;Pre-covid;Pre-covid
2019;01;Aragon;Apio;294.4;398.43;1.35;12.96;0.22;0.3;2019-01-01;Pre-covid;Pre-covid
2019;01;Aragon;Coliflor;28.57;45.72;1.6;4.74;0.02;0.03;2019-01-01;Pre-covid;Pre-covid
2019;01;Aragon;Verd /hort  iv gama;679.57;1699.31;2.5;66.57;0.52;1.3;2019-01-01;Pre-covid;Pre-covid
2019;01;Aragon;Puerro;108.34;330.05;3.05;28.73;0.08;0.25;2019-01-01;Pre-covid;Pre-covid
2019;01;Asturias;Patatas;3657.2;2909.47;0.8;78.17;3.4;2.71;2019-01-01;Pre-covid;Pre-covid
2019;01;Asturias;Patatas frescas;3000.16;2275.89;0.76;65.16;2.79;2.12;2019-01-01;Pre-covid;Pre-covid
2019;01;Asturias;Patatas congeladas;115.08;126.35;1.1;10.4;0.11;0.12;2019-01-01;Pre-covid;Pre-covid
2019;01;Asturias;Patatas procesadas;108.39;507.22;4.68;38.04;0.1;0.47;2019-01-01;Pre-covid;Pre-covid
2019;01;Asturias;Patatas fritas;70.59;454.12;6.43;34.53;0.07;0.42;2019-01-01;Pre-covid;Pre-covid
2019;01;Asturias;Hortalizas frescas;3810.45;7528.7;1.98;95.54;3.55;7.0;2019-01-01;Pre-covid;Pre-covid
2019;01;Asturias;Omates;710.17;1303.73;1.84;72.13;0.66;1.21;2019-01-01;Pre-covid;Pre-covid
2019;01;Asturias;Cebollas;696.82;870.43;1.25;75.61;0.65;0.81;2019-01-01;Pre-covid;Pre-covid
2019;01;Asturias;Ajos;81.25;393.23;4.84;45.57;0.08;0.37;2019-01-01;Pre-covid;Pre-covid
2019;01;Asturias;Coles;169.78;193.37;1.14;18.28;0.16;0.18;2019-01-01;Pre-covid;Pre-covid
2019;01;Asturias;Pepinos;38.09;62.56;1.64;10.91;0.04;0.06;2019-01-01;Pre-covid;Pre-covid
2019;01;Asturias;Judias verdes;71.55;249.36;3.48;17.65;0.07;0.23;2019-01-01;Pre-covid;Pre-covid
2019;01;Asturias;Pimientos;317.92;672.7;2.12;61.1;0.3;0.63;2019-01-01;Pre-covid;Pre-covid
2019;01;Asturias;Champiñoneso setas;120.55;495.81;4.11;33.99;0.11;0.46;2019-01-01;Pre-covid;Pre-covid
2019;01;Asturias;Lechuga/esc /endivia;233.82;632.16;2.7;55.34;0.22;0.59;2019-01-01;Pre-covid;Pre-covid
2019;01;Asturias;Esparragos;7.87;61.44;7.8;4.55;0.01;0.06;2019-01-01;Pre-covid;Pre-covid
2019;01;Asturias;Verduras de hoja;38.97;124.65;3.2;16.04;0.04;0.12;2019-01-01;Pre-covid;Pre-covid
2019;01;Asturias;Berenjenas;45.64;132.74;2.91;14.72;0.04;0.12;2019-01-01;Pre-covid;Pre-covid
2019;01;Asturias;Zanahorias;216.26;210.58;0.97;41.2;0.2;0.2;2019-01-01;Pre-covid;Pre-covid
2019;01;Asturias;Calabacines;217.02;382.64;1.76;44.3;0.2;0.36;2019-01-01;Pre-covid;Pre-covid
2019;01;Asturias;Otr hortalizas/verd ;844.73;1743.31;2.06;70.86;0.79;1.62;2019-01-01;Pre-covid;Pre-covid
2019;01;Asturias;Brocoli;156.95;188.04;1.2;25.18;0.15;0.17;2019-01-01;Pre-covid;Pre-covid
2019;01;Asturias;Alcachofas;47.22;83.12;1.76;11.75;0.04;0.08;2019-01-01;Pre-covid;Pre-covid
2019;01;Asturias;Apio;34.82;69.64;2.0;7.49;0.03;0.06;2019-01-01;Pre-covid;Pre-covid
2019;01;Asturias;Coliflor;12.03;17.63;1.47;2.2;0.01;0.02;2019-01-01;Pre-covid;Pre-covid
2019;01;Asturias;Verd /hort  iv gama;400.24;1141.91;2.85;52.12;0.37;1.06;2019-01-01;Pre-covid;Pre-covid
2019;01;Asturias;Puerro;92.92;297.7;3.2;35.59;0.09;0.28;2019-01-01;Pre-covid;Pre-covid
2019;01;Baleares;Patatas;2433.35;2278.18;0.94;77.86;2.31;2.16;2019-01-01;Pre-covid;Pre-covid
2019;01;Baleares;Patatas frescas;1733.36;1473.21;0.85;63.07;1.64;1.4;2019-01-01;Pre-covid;Pre-covid
2019;01;Baleares;Patatas congeladas;102.57;136.38;1.33;9.27;0.1;0.13;2019-01-01;Pre-covid;Pre-covid
2019;01;Baleares;Patatas procesadas;119.48;668.59;5.6;47.46;0.11;0.63;2019-01-01;Pre-covid;Pre-covid
2019;01;Baleares;Patatas fritas;109.56;653.68;5.97;47.12;0.1;0.62;2019-01-01;Pre-covid;Pre-covid
2019;01;Baleares;Hortalizas frescas;5612.74;11630.55;2.07;96.41;5.32;11.02;2019-01-01;Pre-covid;Pre-covid
2019;01;Baleares;Omates;1027.62;2007.33;1.95;83.4;0.97;1.9;2019-01-01;Pre-covid;Pre-covid
2019;01;Baleares;Cebollas;882.59;1003.05;1.14;77.16;0.84;0.95;2019-01-01;Pre-covid;Pre-covid
2019;01;Baleares;Ajos;44.05;246.71;5.6;32.69;0.04;0.23;2019-01-01;Pre-covid;Pre-covid
2019;01;Baleares;Coles;211.39;322.18;1.52;21.9;0.2;0.31;2019-01-01;Pre-covid;Pre-covid
2019;01;Baleares;Pepinos;60.02;117.19;1.95;19.72;0.06;0.11;2019-01-01;Pre-covid;Pre-covid
2019;01;Baleares;Judias verdes;135.56;506.44;3.74;38.03;0.13;0.48;2019-01-01;Pre-covid;Pre-covid
2019;01;Baleares;Pimientos;394.1;818.65;2.08;64.12;0.37;0.78;2019-01-01;Pre-covid;Pre-covid
2019;01;Baleares;Champiñoneso setas;198.17;702.08;3.54;50.41;0.19;0.67;2019-01-01;Pre-covid;Pre-covid
2019;01;Baleares;Lechuga/esc /endivia;360.74;1204.9;3.34;72.69;0.34;1.14;2019-01-01;Pre-covid;Pre-covid
2019;01;Baleares;Esparragos;8.11;61.58;7.6;6.45;0.01;0.06;2019-01-01;Pre-covid;Pre-covid
2019;01;Baleares;Verduras de hoja;130.49;381.03;2.92;26.73;0.12;0.36;2019-01-01;Pre-covid;Pre-covid
2019;01;Baleares;Berenjenas;93.11;221.28;2.38;23.73;0.09;0.21;2019-01-01;Pre-covid;Pre-covid
2019;01;Baleares;Zanahorias;391.1;343.29;0.88;72.31;0.37;0.33;2019-01-01;Pre-covid;Pre-covid
2019;01;Baleares;Calabacines;278.66;534.63;1.92;53.68;0.26;0.51;2019-01-01;Pre-covid;Pre-covid
2019;01;Baleares;Otr hortalizas/verd ;1397.02;3160.2;2.26;86.95;1.32;2.99;2019-01-01;Pre-covid;Pre-covid
2019;01;Baleares;Brocoli;173.83;280.55;1.61;40.99;0.16;0.27;2019-01-01;Pre-covid;Pre-covid
2019;01;Baleares;Alcachofas;200.65;418.25;2.08;35.16;0.19;0.4;2019-01-01;Pre-covid;Pre-covid
2019;01;Baleares;Apio;53.23;82.5;1.55;14.32;0.05;0.08;2019-01-01;Pre-covid;Pre-covid
2019;01;Baleares;Coliflor;167.56;233.07;1.39;14.44;0.16;0.22;2019-01-01;Pre-covid;Pre-covid
2019;01;Baleares;Verd /hort  iv gama;677.93;2292.7;3.38;69.34;0.64;2.17;2019-01-01;Pre-covid;Pre-covid
2019;01;Baleares;Puerro;123.83;366.74;2.96;38.25;0.12;0.35;2019-01-01;Pre-covid;Pre-covid
2019;01;Canarias;Patatas;5153.08;5536.84;1.07;82.66;2.33;2.51;2019-01-01;Pre-covid;Pre-covid
2019;01;Canarias;Patatas frescas;4149.63;4453.5;1.07;63.97;1.88;2.02;2019-01-01;Pre-covid;Pre-covid
2019;01;Canarias;Patatas congeladas;326.39;320.59;0.98;12.4;0.15;0.15;2019-01-01;Pre-covid;Pre-covid
2019;01;Canarias;Patatas procesadas;135.41;762.76;5.63;40.03;0.06;0.35;2019-01-01;Pre-covid;Pre-covid
2019;01;Canarias;Patatas fritas;119.3;730.37;6.12;39.74;0.05;0.33;2019-01-01;Pre-covid;Pre-covid
2019;01;Canarias;Hortalizas frescas;10023.53;19453.68;1.94;98.36;4.54;8.81;2019-01-01;Pre-covid;Pre-covid
2019;01;Canarias;Omates;1677.64;2579.2;1.54;81.56;0.76;1.17;2019-01-01;Pre-covid;Pre-covid
2019;01;Canarias;Cebollas;1702.36;1921.74;1.13;82.7;0.77;0.87;2019-01-01;Pre-covid;Pre-covid
2019;01;Canarias;Ajos;126.55;471.72;3.73;37.03;0.06;0.21;2019-01-01;Pre-covid;Pre-covid
2019;01;Canarias;Coles;268.94;380.08;1.41;26.18;0.12;0.17;2019-01-01;Pre-covid;Pre-covid
2019;01;Canarias;Pepinos;187.69;295.34;1.57;30.27;0.08;0.13;2019-01-01;Pre-covid;Pre-covid
2019;01;Canarias;Judias verdes;158.51;405.12;2.56;15.99;0.07;0.18;2019-01-01;Pre-covid;Pre-covid
2019;01;Canarias;Pimientos;836.34;1773.96;2.12;80.62;0.38;0.8;2019-01-01;Pre-covid;Pre-covid
2019;01;Canarias;Champiñoneso setas;173.61;850.1;4.9;33.73;0.08;0.38;2019-01-01;Pre-covid;Pre-covid
2019;01;Canarias;Lechuga/esc /endivia;372.31;1524.06;4.09;54.44;0.17;0.69;2019-01-01;Pre-covid;Pre-covid
2019;01;Canarias;Esparragos;15.59;116.27;7.46;2.74;0.01;0.05;2019-01-01;Pre-covid;Pre-covid
2019;01;Canarias;Verduras de hoja;109.04;367.24;3.37;20.93;0.05;0.17;2019-01-01;Pre-covid;Pre-covid
2019;01;Canarias;Berenjenas;105.79;203.24;1.92;14.93;0.05;0.09;2019-01-01;Pre-covid;Pre-covid
2019;01;Canarias;Zanahorias;930.92;1020.57;1.1;68.55;0.42;0.46;2019-01-01;Pre-covid;Pre-covid
2019;01;Canarias;Calabacines;1203.14;1938.87;1.61;79.7;0.54;0.88;2019-01-01;Pre-covid;Pre-covid
2019;01;Canarias;Otr hortalizas/verd ;2155.11;5606.19;2.6;82.02;0.98;2.54;2019-01-01;Pre-covid;Pre-covid
2019;01;Canarias;Brocoli;57.19;102.64;1.79;4.03;0.03;0.05;2019-01-01;Pre-covid;Pre-covid
2019;01;Canarias;Alcachofas;60.86;136.83;2.25;4.4;0.03;0.06;2019-01-01;Pre-covid;Pre-covid
2019;01;Canarias;Apio;73.39;127.7;1.74;8.65;0.03;0.06;2019-01-01;Pre-covid;Pre-covid
2019;01;Canarias;Coliflor;169.03;331.85;1.96;18.4;0.08;0.15;2019-01-01;Pre-covid;Pre-covid
2019;01;Canarias;Verd /hort  iv gama;1219.89;3916.12;3.21;69.82;0.55;1.77;2019-01-01;Pre-covid;Pre-covid
2019;01;Canarias;Puerro;236.8;599.88;2.53;43.43;0.11;0.27;2019-01-01;Pre-covid;Pre-covid
2019;01;Cantabria;Patatas;2090.71;1681.57;0.8;85.11;3.71;2.98;2019-01-01;Pre-covid;Pre-covid
2019;01;Cantabria;Patatas frescas;1692.65;1386.2;0.82;79.96;3.0;2.46;2019-01-01;Pre-covid;Pre-covid
2019;01;Cantabria;Patatas congeladas;43.69;56.23;1.29;10.97;0.08;0.1;2019-01-01;Pre-covid;Pre-covid
2019;01;Cantabria;Patatas procesadas;70.87;239.14;3.37;29.76;0.13;0.42;2019-01-01;Pre-covid;Pre-covid
2019;01;Cantabria;Patatas fritas;29.83;193.33;6.48;21.07;0.05;0.34;2019-01-01;Pre-covid;Pre-covid
2019;01;Cantabria;Hortalizas frescas;2282.48;4462.57;1.96;98.96;4.05;7.92;2019-01-01;Pre-covid;Pre-covid
2019;01;Cantabria;Omates;343.28;687.12;2.0;76.99;0.61;1.22;2019-01-01;Pre-covid;Pre-covid
2019;01;Cantabria;Cebollas;407.62;416.52;1.02;77.18;0.72;0.74;2019-01-01;Pre-covid;Pre-covid
2019;01;Cantabria;Ajos;29.76;120.04;4.03;31.16;0.05;0.21;2019-01-01;Pre-covid;Pre-covid
2019;01;Cantabria;Coles;74.53;94.61;1.27;20.87;0.13;0.17;2019-01-01;Pre-covid;Pre-covid
2019;01;Cantabria;Pepinos;69.69;112.18;1.61;29.49;0.12;0.2;2019-01-01;Pre-covid;Pre-covid
2019;01;Cantabria;Judias verdes;54.47;169.01;3.1;19.8;0.1;0.3;2019-01-01;Pre-covid;Pre-covid
2019;01;Cantabria;Pimientos;199.35;451.85;2.27;63.96;0.35;0.8;2019-01-01;Pre-covid;Pre-covid
2019;01;Cantabria;Champiñoneso setas;71.39;301.6;4.22;40.14;0.13;0.54;2019-01-01;Pre-covid;Pre-covid
2019;01;Cantabria;Lechuga/esc /endivia;116.92;385.91;3.3;59.44;0.21;0.68;2019-01-01;Pre-covid;Pre-covid
2019;01;Cantabria;Esparragos;0.37;3.12;8.33;0.2;0.0;0.01;2019-01-01;Pre-covid;Pre-covid
2019;01;Cantabria;Verduras de hoja;79.57;137.94;1.73;24.26;0.14;0.24;2019-01-01;Pre-covid;Pre-covid
2019;01;Cantabria;Berenjenas;38.46;96.14;2.5;18.04;0.07;0.17;2019-01-01;Pre-covid;Pre-covid
2019;01;Cantabria;Zanahorias;294.35;288.87;0.98;84.69;0.52;0.51;2019-01-01;Pre-covid;Pre-covid
2019;01;Cantabria;Calabacines;96.89;191.33;1.97;31.53;0.17;0.34;2019-01-01;Pre-covid;Pre-covid
2019;01;Cantabria;Otr hortalizas/verd ;405.84;1006.33;2.48;79.04;0.72;1.79;2019-01-01;Pre-covid;Pre-covid
2019;01;Cantabria;Brocoli;45.02;70.35;1.56;20.91;0.08;0.12;2019-01-01;Pre-covid;Pre-covid
2019;01;Cantabria;Alcachofas;45.78;87.43;1.91;20.34;0.08;0.16;2019-01-01;Pre-covid;Pre-covid
2019;01;Cantabria;Apio;15.11;22.27;1.47;4.34;0.03;0.04;2019-01-01;Pre-covid;Pre-covid
2019;01;Cantabria;Coliflor;39.87;63.35;1.59;13.4;0.07;0.11;2019-01-01;Pre-covid;Pre-covid
2019;01;Cantabria;Verd /hort  iv gama;215.89;758.61;3.51;65.46;0.38;1.35;2019-01-01;Pre-covid;Pre-covid
2019;01;Cantabria;Puerro;74.04;283.85;3.83;42.09;0.13;0.5;2019-01-01;Pre-covid;Pre-covid
2019;01;Castilla la mancha;Patatas;4139.73;3772.58;0.91;79.02;1.98;1.8;2019-01-01;Pre-covid;Pre-covid
2019;01;Castilla la mancha;Patatas frescas;2585.12;2049.06;0.79;56.59;1.23;0.98;2019-01-01;Pre-covid;Pre-covid
2019;01;Castilla la mancha;Patatas congeladas;295.59;359.67;1.22;22.79;0.14;0.17;2019-01-01;Pre-covid;Pre-covid
2019;01;Castilla la mancha;Patatas procesadas;251.8;1363.85;5.42;54.37;0.12;0.65;2019-01-01;Pre-covid;Pre-covid
2019;01;Castilla la mancha;Patatas fritas;209.6;1293.2;6.17;52.52;0.1;0.62;2019-01-01;Pre-covid;Pre-covid
2019;01;Castilla la mancha;Hortalizas frescas;8510.38;16238.93;1.91;95.97;4.06;7.75;2019-01-01;Pre-covid;Pre-covid
2019;01;Castilla la mancha;Omates;1934.46;3435.37;1.78;78.91;0.92;1.64;2019-01-01;Pre-covid;Pre-covid
2019;01;Castilla la mancha;Cebollas;853.34;969.74;1.14;56.17;0.41;0.46;2019-01-01;Pre-covid;Pre-covid
2019;01;Castilla la mancha;Ajos;96.85;357.09;3.69;30.11;0.05;0.17;2019-01-01;Pre-covid;Pre-covid
2019;01;Castilla la mancha;Coles;382.99;430.5;1.12;26.03;0.18;0.21;2019-01-01;Pre-covid;Pre-covid
2019;01;Castilla la mancha;Pepinos;263.05;420.75;1.6;24.93;0.13;0.2;2019-01-01;Pre-covid;Pre-covid
2019;01;Castilla la mancha;Judias verdes;219.88;744.1;3.38;31.87;0.1;0.36;2019-01-01;Pre-covid;Pre-covid
2019;01;Castilla la mancha;Pimientos;719.68;1399.0;1.94;65.43;0.34;0.67;2019-01-01;Pre-covid;Pre-covid
2019;01;Castilla la mancha;Champiñoneso setas;263.53;1051.0;3.99;41.67;0.13;0.5;2019-01-01;Pre-covid;Pre-covid
2019;01;Castilla la mancha;Lechuga/esc /endivia;492.73;1381.67;2.8;62.14;0.24;0.66;2019-01-01;Pre-covid;Pre-covid
2019;01;Castilla la mancha;Esparragos;29.48;164.96;5.59;7.44;0.01;0.08;2019-01-01;Pre-covid;Pre-covid
2019;01;Castilla la mancha;Verduras de hoja;216.1;514.55;2.38;26.16;0.1;0.25;2019-01-01;Pre-covid;Pre-covid
2019;01;Castilla la mancha;Berenjenas;169.91;422.9;2.49;26.43;0.08;0.2;2019-01-01;Pre-covid;Pre-covid
2019;01;Castilla la mancha;Zanahorias;515.15;442.6;0.86;52.37;0.25;0.21;2019-01-01;Pre-covid;Pre-covid
2019;01;Castilla la mancha;Calabacines;516.92;934.01;1.81;46.64;0.25;0.45;2019-01-01;Pre-covid;Pre-covid
2019;01;Castilla la mancha;Otr hortalizas/verd ;1836.29;3570.68;1.94;73.49;0.88;1.7;2019-01-01;Pre-covid;Pre-covid
2019;01;Castilla la mancha;Brocoli;297.84;465.25;1.56;22.63;0.14;0.22;2019-01-01;Pre-covid;Pre-covid
2019;01;Castilla la mancha;Alcachofas;244.26;491.13;2.01;21.47;0.12;0.23;2019-01-01;Pre-covid;Pre-covid
2019;01;Castilla la mancha;Apio;35.94;65.45;1.82;6.15;0.02;0.03;2019-01-01;Pre-covid;Pre-covid
2019;01;Castilla la mancha;Coliflor;143.16;220.78;1.54;13.06;0.07;0.11;2019-01-01;Pre-covid;Pre-covid
2019;01;Castilla la mancha;Verd /hort  iv gama;928.42;2611.14;2.81;63.45;0.44;1.25;2019-01-01;Pre-covid;Pre-covid
2019;01;Castilla la mancha;Puerro;130.31;353.67;2.71;33.73;0.06;0.17;2019-01-01;Pre-covid;Pre-covid
2019;01;Castilla leon;Patatas;4101.56;3430.63;0.84;70.31;1.71;1.43;2019-01-01;Pre-covid;Pre-covid
2019;01;Castilla leon;Patatas frescas;3072.91;2347.87;0.76;55.05;1.28;0.98;2019-01-01;Pre-covid;Pre-covid
2019;01;Castilla leon;Patatas congeladas;83.96;99.21;1.18;6.15;0.03;0.04;2019-01-01;Pre-covid;Pre-covid
2019;01;Castilla leon;Patatas procesadas;188.94;983.56;5.21;36.84;0.08;0.41;2019-01-01;Pre-covid;Pre-covid
2019;01;Castilla leon;Patatas fritas;142.03;900.44;6.34;34.27;0.06;0.37;2019-01-01;Pre-covid;Pre-covid
2019;01;Castilla leon;Hortalizas frescas;9663.75;17714.87;1.83;94.88;4.02;7.37;2019-01-01;Pre-covid;Pre-covid
2019;01;Castilla leon;Omates;1704.14;2839.82;1.67;72.67;0.71;1.18;2019-01-01;Pre-covid;Pre-covid
2019;01;Castilla leon;Cebollas;1166.06;1345.6;1.15;61.15;0.49;0.56;2019-01-01;Pre-covid;Pre-covid
2019;01;Castilla leon;Ajos;160.84;639.06;3.97;32.98;0.07;0.27;2019-01-01;Pre-covid;Pre-covid
2019;01;Castilla leon;Coles;514.13;582.7;1.13;26.65;0.21;0.24;2019-01-01;Pre-covid;Pre-covid
2019;01;Castilla leon;Pepinos;139.8;234.83;1.68;14.22;0.06;0.1;2019-01-01;Pre-covid;Pre-covid
2019;01;Castilla leon;Judias verdes;166.05;561.48;3.38;23.25;0.07;0.23;2019-01-01;Pre-covid;Pre-covid
2019;01;Castilla leon;Pimientos;880.09;1713.22;1.95;67.29;0.37;0.71;2019-01-01;Pre-covid;Pre-covid
2019;01;Castilla leon;Champiñoneso setas;264.34;924.93;3.5;38.26;0.11;0.38;2019-01-01;Pre-covid;Pre-covid
2019;01;Castilla leon;Lechuga/esc /endivia;862.39;1984.07;2.3;63.04;0.36;0.83;2019-01-01;Pre-covid;Pre-covid
2019;01;Castilla leon;Esparragos;13.81;57.24;4.15;2.46;0.01;0.02;2019-01-01;Pre-covid;Pre-covid
2019;01;Castilla leon;Verduras de hoja;206.09;547.17;2.66;25.22;0.09;0.23;2019-01-01;Pre-covid;Pre-covid
2019;01;Castilla leon;Berenjenas;124.24;269.51;2.17;18.89;0.05;0.11;2019-01-01;Pre-covid;Pre-covid
2019;01;Castilla leon;Zanahorias;863.5;723.78;0.84;63.66;0.36;0.3;2019-01-01;Pre-covid;Pre-covid
2019;01;Castilla leon;Calabacines;623.71;1082.26;1.74;45.31;0.26;0.45;2019-01-01;Pre-covid;Pre-covid
2019;01;Castilla leon;Otr hortalizas/verd ;1974.58;4209.21;2.13;77.36;0.82;1.75;2019-01-01;Pre-covid;Pre-covid
2019;01;Castilla leon;Brocoli;344.81;566.37;1.64;30.42;0.14;0.24;2019-01-01;Pre-covid;Pre-covid
2019;01;Castilla leon;Alcachofas;232.72;496.22;2.13;18.47;0.1;0.21;2019-01-01;Pre-covid;Pre-covid
2019;01;Castilla leon;Apio;81.95;131.26;1.6;10.92;0.03;0.05;2019-01-01;Pre-covid;Pre-covid
2019;01;Castilla leon;Coliflor;191.52;222.34;1.16;13.81;0.08;0.09;2019-01-01;Pre-covid;Pre-covid
2019;01;Castilla leon;Verd /hort  iv gama;1183.48;3044.39;2.57;63.49;0.49;1.27;2019-01-01;Pre-covid;Pre-covid
2019;01;Castilla leon;Puerro;239.1;773.76;3.24;40.42;0.1;0.32;2019-01-01;Pre-covid;Pre-covid
2019;01;Cataluña;Patatas;18348.31;17516.66;0.95;85.01;2.56;2.45;2019-01-01;Pre-covid;Pre-covid
2019;01;Cataluña;Patatas frescas;13004.25;11407.87;0.88;75.01;1.82;1.59;2019-01-01;Pre-covid;Pre-covid
2019;01;Cataluña;Patatas congeladas;539.82;804.98;1.49;11.64;0.08;0.11;2019-01-01;Pre-covid;Pre-covid
2019;01;Cataluña;Patatas procesadas;960.85;5303.81;5.52;51.94;0.13;0.74;2019-01-01;Pre-covid;Pre-covid
2019;01;Cataluña;Patatas fritas;772.69;5010.66;6.48;49.86;0.11;0.7;2019-01-01;Pre-covid;Pre-covid
2019;01;Cataluña;Hortalizas frescas;40575.8;79751.59;1.97;97.55;5.67;11.14;2019-01-01;Pre-covid;Pre-covid
2019;01;Cataluña;Omates;7541.84;14640.87;1.94;81.93;1.05;2.05;2019-01-01;Pre-covid;Pre-covid
2019;01;Cataluña;Cebollas;5344.65;6481.08;1.21;74.79;0.75;0.91;2019-01-01;Pre-covid;Pre-covid
2019;01;Cataluña;Ajos;439.07;1803.77;4.11;36.64;0.06;0.25;2019-01-01;Pre-covid;Pre-covid
2019;01;Cataluña;Coles;1423.44;1860.93;1.31;28.17;0.2;0.26;2019-01-01;Pre-covid;Pre-covid
2019;01;Cataluña;Pepinos;606.11;1006.27;1.66;22.33;0.08;0.14;2019-01-01;Pre-covid;Pre-covid
2019;01;Cataluña;Judias verdes;1177.37;4603.02;3.91;38.15;0.16;0.64;2019-01-01;Pre-covid;Pre-covid
2019;01;Cataluña;Pimientos;2876.38;5430.65;1.89;61.8;0.4;0.76;2019-01-01;Pre-covid;Pre-covid
2019;01;Cataluña;Champiñoneso setas;962.8;3702.66;3.85;40.81;0.13;0.52;2019-01-01;Pre-covid;Pre-covid
2019;01;Cataluña;Lechuga/esc /endivia;2424.21;7258.3;2.99;67.65;0.34;1.01;2019-01-01;Pre-covid;Pre-covid
2019;01;Cataluña;Esparragos;421.74;800.83;1.9;7.67;0.06;0.11;2019-01-01;Pre-covid;Pre-covid
2019;01;Cataluña;Verduras de hoja;999.01;2334.7;2.34;30.1;0.14;0.33;2019-01-01;Pre-covid;Pre-covid
2019;01;Cataluña;Berenjenas;828.2;1855.38;2.24;30.42;0.12;0.26;2019-01-01;Pre-covid;Pre-covid
2019;01;Cataluña;Zanahorias;2267.47;2232.57;0.98;56.82;0.32;0.31;2019-01-01;Pre-covid;Pre-covid
2019;01;Cataluña;Calabacines;2277.1;4289.66;1.88;52.76;0.32;0.6;2019-01-01;Pre-covid;Pre-covid
2019;01;Cataluña;Otr hortalizas/verd ;10986.41;21450.9;1.95;82.44;1.53;3.0;2019-01-01;Pre-covid;Pre-covid
2019;01;Cataluña;Brocoli;1626.07;1822.58;1.12;29.23;0.23;0.25;2019-01-01;Pre-covid;Pre-covid
2019;01;Cataluña;Alcachofas;2701.26;5722.38;2.12;45.04;0.38;0.8;2019-01-01;Pre-covid;Pre-covid
2019;01;Cataluña;Apio;668.56;864.42;1.29;17.75;0.09;0.12;2019-01-01;Pre-covid;Pre-covid
2019;01;Cataluña;Coliflor;475.79;705.82;1.48;11.7;0.07;0.1;2019-01-01;Pre-covid;Pre-covid
2019;01;Cataluña;Verd /hort  iv gama;4875.88;12808.61;2.63;71.52;0.68;1.79;2019-01-01;Pre-covid;Pre-covid
2019;01;Cataluña;Puerro;747.82;1914.77;2.56;32.38;0.1;0.27;2019-01-01;Pre-covid;Pre-covid
2019;01;Extremadura;Patatas;2081.08;1880.42;0.9;74.1;1.77;1.6;2019-01-01;Pre-covid;Pre-covid
2019;01;Extremadura;Patatas frescas;1403.37;1141.69;0.81;59.65;1.19;0.97;2019-01-01;Pre-covid;Pre-covid
2019;01;Extremadura;Patatas congeladas;132.15;141.94;1.07;10.54;0.11;0.12;2019-01-01;Pre-covid;Pre-covid
2019;01;Extremadura;Patatas procesadas;109.11;596.79;5.47;53.4;0.09;0.51;2019-01-01;Pre-covid;Pre-covid
2019;01;Extremadura;Patatas fritas;99.5;576.31;5.79;52.29;0.08;0.49;2019-01-01;Pre-covid;Pre-covid
2019;01;Extremadura;Hortalizas frescas;4127.73;7524.93;1.82;95.76;3.51;6.39;2019-01-01;Pre-covid;Pre-covid
2019;01;Extremadura;Omates;798.02;1296.47;1.62;77.19;0.68;1.1;2019-01-01;Pre-covid;Pre-covid
2019;01;Extremadura;Cebollas;568.63;607.15;1.07;65.73;0.48;0.52;2019-01-01;Pre-covid;Pre-covid
2019;01;Extremadura;Ajos;71.27;275.52;3.87;34.88;0.06;0.23;2019-01-01;Pre-covid;Pre-covid
2019;01;Extremadura;Coles;163.13;226.31;1.39;20.01;0.14;0.19;2019-01-01;Pre-covid;Pre-covid
2019;01;Extremadura;Pepinos;100.81;151.07;1.5;34.54;0.09;0.13;2019-01-01;Pre-covid;Pre-covid
2019;01;Extremadura;Judias verdes;60.96;185.32;3.04;16.2;0.05;0.16;2019-01-01;Pre-covid;Pre-covid
2019;01;Extremadura;Pimientos;297.41;564.88;1.9;57.62;0.25;0.48;2019-01-01;Pre-covid;Pre-covid
2019;01;Extremadura;Champiñoneso setas;95.79;365.59;3.82;31.11;0.08;0.31;2019-01-01;Pre-covid;Pre-covid
2019;01;Extremadura;Lechuga/esc /endivia;221.49;715.77;3.23;55.6;0.19;0.61;2019-01-01;Pre-covid;Pre-covid
2019;01;Extremadura;Esparragos;44.66;72.76;1.63;3.91;0.04;0.06;2019-01-01;Pre-covid;Pre-covid
2019;01;Extremadura;Verduras de hoja;132.08;284.89;2.16;33.73;0.11;0.24;2019-01-01;Pre-covid;Pre-covid
2019;01;Extremadura;Berenjenas;120.38;223.48;1.86;19.46;0.1;0.19;2019-01-01;Pre-covid;Pre-covid
2019;01;Extremadura;Zanahorias;270.78;235.37;0.87;46.16;0.23;0.2;2019-01-01;Pre-covid;Pre-covid
2019;01;Extremadura;Calabacines;264.85;516.71;1.95;36.93;0.23;0.44;2019-01-01;Pre-covid;Pre-covid
2019;01;Extremadura;Otr hortalizas/verd ;917.46;1803.62;1.97;71.84;0.78;1.53;2019-01-01;Pre-covid;Pre-covid
2019;01;Extremadura;Brocoli;186.49;239.56;1.28;25.02;0.16;0.2;2019-01-01;Pre-covid;Pre-covid
2019;01;Extremadura;Alcachofas;144.56;249.36;1.72;17.32;0.12;0.21;2019-01-01;Pre-covid;Pre-covid
2019;01;Extremadura;Apio;49.08;74.22;1.51;10.5;0.04;0.06;2019-01-01;Pre-covid;Pre-covid
2019;01;Extremadura;Coliflor;42.78;56.9;1.33;9.55;0.04;0.05;2019-01-01;Pre-covid;Pre-covid
2019;01;Extremadura;Verd /hort  iv gama;478.46;1379.67;2.88;64.33;0.41;1.17;2019-01-01;Pre-covid;Pre-covid
2019;01;Extremadura;Puerro;82.21;215.88;2.63;24.93;0.07;0.18;2019-01-01;Pre-covid;Pre-covid
2019;01;Galicia;Patatas;6656.96;5638.09;0.85;64.45;2.45;2.08;2019-01-01;Pre-covid;Pre-covid
2019;01;Galicia;Patatas frescas;5356.86;4220.5;0.79;51.09;1.97;1.55;2019-01-01;Pre-covid;Pre-covid
2019;01;Galicia;Patatas congeladas;179.44;213.43;1.19;7.03;0.07;0.08;2019-01-01;Pre-covid;Pre-covid
2019;01;Galicia;Patatas procesadas;224.13;1204.15;5.37;33.35;0.08;0.44;2019-01-01;Pre-covid;Pre-covid
2019;01;Galicia;Patatas fritas;180.53;1152.86;6.39;32.04;0.07;0.42;2019-01-01;Pre-covid;Pre-covid
2019;01;Galicia;Hortalizas frescas;10008.6;19335.56;1.93;96.41;3.69;7.12;2019-01-01;Pre-covid;Pre-covid
2019;01;Galicia;Omates;1511.7;3122.95;2.07;65.55;0.56;1.15;2019-01-01;Pre-covid;Pre-covid
2019;01;Galicia;Cebollas;1191.16;1393.4;1.17;52.47;0.44;0.51;2019-01-01;Pre-covid;Pre-covid
2019;01;Galicia;Ajos;157.13;710.59;4.52;35.09;0.06;0.26;2019-01-01;Pre-covid;Pre-covid
2019;01;Galicia;Coles;1065.1;1297.69;1.22;34.13;0.39;0.48;2019-01-01;Pre-covid;Pre-covid
2019;01;Galicia;Pepinos;80.97;128.07;1.58;8.31;0.03;0.05;2019-01-01;Pre-covid;Pre-covid
2019;01;Galicia;Judias verdes;281.96;964.8;3.42;23.0;0.1;0.36;2019-01-01;Pre-covid;Pre-covid
2019;01;Galicia;Pimientos;694.56;1451.27;2.09;54.5;0.26;0.53;2019-01-01;Pre-covid;Pre-covid
2019;01;Galicia;Champiñoneso setas;212.38;935.64;4.41;29.28;0.08;0.34;2019-01-01;Pre-covid;Pre-covid
2019;01;Galicia;Lechuga/esc /endivia;876.84;2019.78;2.3;50.08;0.32;0.74;2019-01-01;Pre-covid;Pre-covid
2019;01;Galicia;Esparragos;35.13;110.11;3.13;3.74;0.01;0.04;2019-01-01;Pre-covid;Pre-covid
2019;01;Galicia;Verduras de hoja;220.2;497.12;2.26;19.33;0.08;0.18;2019-01-01;Pre-covid;Pre-covid
2019;01;Galicia;Berenjenas;74.6;212.88;2.85;12.53;0.03;0.08;2019-01-01;Pre-covid;Pre-covid
2019;01;Galicia;Zanahorias;762.44;630.91;0.83;57.5;0.28;0.23;2019-01-01;Pre-covid;Pre-covid
2019;01;Galicia;Calabacines;370.65;681.34;1.84;30.56;0.14;0.25;2019-01-01;Pre-covid;Pre-covid
2019;01;Galicia;Otr hortalizas/verd ;2473.79;5179.01;2.09;73.66;0.91;1.91;2019-01-01;Pre-covid;Pre-covid
2019;01;Galicia;Brocoli;496.26;780.76;1.57;29.02;0.18;0.29;2019-01-01;Pre-covid;Pre-covid
2019;01;Galicia;Alcachofas;135.07;282.09;2.09;10.11;0.05;0.1;2019-01-01;Pre-covid;Pre-covid
2019;01;Galicia;Apio;88.86;126.32;1.42;7.42;0.03;0.05;2019-01-01;Pre-covid;Pre-covid
2019;01;Galicia;Coliflor;210.35;294.69;1.4;14.02;0.08;0.11;2019-01-01;Pre-covid;Pre-covid
2019;01;Galicia;Verd /hort  iv gama;1075.71;2630.89;2.45;56.61;0.4;0.97;2019-01-01;Pre-covid;Pre-covid
2019;01;Galicia;Puerro;397.18;1021.98;2.57;30.33;0.15;0.38;2019-01-01;Pre-covid;Pre-covid
2019;01;La rioja;Patatas;475.47;434.99;0.91;64.41;1.47;1.34;2019-01-01;Pre-covid;Pre-covid
2019;01;La rioja;Patatas frescas;378.27;325.35;0.86;54.73;1.17;1.0;2019-01-01;Pre-covid;Pre-covid
2019;01;La rioja;Patatas congeladas;13.7;19.84;1.45;8.19;0.04;0.06;2019-01-01;Pre-covid;Pre-covid
2019;01;La rioja;Patatas procesadas;16.7;89.8;5.38;31.82;0.05;0.28;2019-01-01;Pre-covid;Pre-covid
2019;01;La rioja;Patatas fritas;12.96;84.27;6.5;28.86;0.04;0.26;2019-01-01;Pre-covid;Pre-covid
2019;01;La rioja;Hortalizas frescas;1342.96;2594.47;1.93;93.34;4.14;8.01;2019-01-01;Pre-covid;Pre-covid
2019;01;La rioja;Omates;158.96;322.77;2.03;52.48;0.49;1.0;2019-01-01;Pre-covid;Pre-covid
2019;01;La rioja;Cebollas;163.46;235.87;1.44;59.47;0.5;0.73;2019-01-01;Pre-covid;Pre-covid
2019;01;La rioja;Ajos;13.63;57.06;4.19;23.97;0.04;0.18;2019-01-01;Pre-covid;Pre-covid
2019;01;La rioja;Coles;41.01;55.79;1.36;27.79;0.13;0.17;2019-01-01;Pre-covid;Pre-covid
2019;01;La rioja;Pepinos;14.01;24.57;1.75;15.23;0.04;0.08;2019-01-01;Pre-covid;Pre-covid
2019;01;La rioja;Judias verdes;33.54;119.26;3.56;29.44;0.1;0.37;2019-01-01;Pre-covid;Pre-covid
2019;01;La rioja;Pimientos;86.94;179.71;2.07;57.68;0.27;0.55;2019-01-01;Pre-covid;Pre-covid
2019;01;La rioja;Champiñoneso setas;27.19;115.07;4.23;38.96;0.08;0.36;2019-01-01;Pre-covid;Pre-covid
2019;01;La rioja;Lechuga/esc /endivia;101.94;278.39;2.73;63.32;0.31;0.86;2019-01-01;Pre-covid;Pre-covid
2019;01;La rioja;Esparragos;0.71;6.01;8.49;1.54;0.0;0.02;2019-01-01;Pre-covid;Pre-covid
2019;01;La rioja;Verduras de hoja;30.52;50.89;1.67;22.5;0.09;0.16;2019-01-01;Pre-covid;Pre-covid
2019;01;La rioja;Berenjenas;9.23;22.01;2.38;11.36;0.03;0.07;2019-01-01;Pre-covid;Pre-covid
2019;01;La rioja;Zanahorias;80.39;65.86;0.82;49.84;0.25;0.2;2019-01-01;Pre-covid;Pre-covid
2019;01;La rioja;Calabacines;130.75;240.03;1.84;47.96;0.4;0.74;2019-01-01;Pre-covid;Pre-covid
2019;01;La rioja;Otr hortalizas/verd ;450.69;821.18;1.82;87.14;1.39;2.53;2019-01-01;Pre-covid;Pre-covid
2019;01;La rioja;Brocoli;51.73;74.04;1.43;27.32;0.16;0.23;2019-01-01;Pre-covid;Pre-covid
2019;01;La rioja;Alcachofas;26.45;69.77;2.64;17.92;0.08;0.22;2019-01-01;Pre-covid;Pre-covid
2019;01;La rioja;Apio;70.51;98.09;1.39;18.53;0.22;0.3;2019-01-01;Pre-covid;Pre-covid
2019;01;La rioja;Coliflor;56.86;79.64;1.4;17.96;0.18;0.25;2019-01-01;Pre-covid;Pre-covid
2019;01;La rioja;Verd /hort  iv gama;122.49;307.81;2.51;54.44;0.38;0.95;2019-01-01;Pre-covid;Pre-covid
2019;01;La rioja;Puerro;36.45;113.5;3.11;57.31;0.11;0.35;2019-01-01;Pre-covid;Pre-covid
2019;01;Madrid;Patatas;14566.85;12411.38;0.85;80.6;2.3;1.96;2019-01-01;Pre-covid;Pre-covid
2019;01;Madrid;Patatas frescas;10402.37;8270.89;0.8;69.0;1.64;1.31;2019-01-01;Pre-covid;Pre-covid
2019;01;Madrid;Patatas congeladas;443.53;619.2;1.4;9.32;0.07;0.1;2019-01-01;Pre-covid;Pre-covid
2019;01;Madrid;Patatas procesadas;744.19;3521.28;4.73;45.41;0.12;0.56;2019-01-01;Pre-covid;Pre-covid
2019;01;Madrid;Patatas fritas;525.4;3210.6;6.11;42.44;0.08;0.51;2019-01-01;Pre-covid;Pre-covid
2019;01;Madrid;Hortalizas frescas;30183.07;58351.72;1.93;97.41;4.77;9.22;2019-01-01;Pre-covid;Pre-covid
2019;01;Madrid;Omates;6010.95;10927.65;1.82;82.65;0.95;1.73;2019-01-01;Pre-covid;Pre-covid
2019;01;Madrid;Cebollas;3645.92;4045.33;1.11;69.85;0.58;0.64;2019-01-01;Pre-covid;Pre-covid
2019;01;Madrid;Ajos;389.82;1539.84;3.95;39.83;0.06;0.24;2019-01-01;Pre-covid;Pre-covid
2019;01;Madrid;Coles;1220.9;1488.2;1.22;30.26;0.19;0.24;2019-01-01;Pre-covid;Pre-covid
2019;01;Madrid;Pepinos;698.17;1136.03;1.63;23.36;0.11;0.18;2019-01-01;Pre-covid;Pre-covid
2019;01;Madrid;Judias verdes;828.3;2398.68;2.9;30.02;0.13;0.38;2019-01-01;Pre-covid;Pre-covid
2019;01;Madrid;Pimientos;2371.7;4617.38;1.95;70.01;0.37;0.73;2019-01-01;Pre-covid;Pre-covid
2019;01;Madrid;Champiñoneso setas;846.55;3336.66;3.94;45.04;0.13;0.53;2019-01-01;Pre-covid;Pre-covid
2019;01;Madrid;Lechuga/esc /endivia;1590.11;4683.37;2.95;60.85;0.25;0.74;2019-01-01;Pre-covid;Pre-covid
2019;01;Madrid;Esparragos;289.42;838.13;2.9;11.28;0.05;0.13;2019-01-01;Pre-covid;Pre-covid
2019;01;Madrid;Verduras de hoja;791.89;2068.01;2.61;32.43;0.13;0.33;2019-01-01;Pre-covid;Pre-covid
2019;01;Madrid;Berenjenas;458.46;1043.43;2.28;22.78;0.07;0.16;2019-01-01;Pre-covid;Pre-covid
2019;01;Madrid;Zanahorias;1994.8;1634.6;0.82;60.46;0.32;0.26;2019-01-01;Pre-covid;Pre-covid
2019;01;Madrid;Calabacines;2080.03;3710.36;1.78;56.67;0.33;0.59;2019-01-01;Pre-covid;Pre-covid
2019;01;Madrid;Otr hortalizas/verd ;6966.03;14884.03;2.14;85.4;1.1;2.35;2019-01-01;Pre-covid;Pre-covid
2019;01;Madrid;Brocoli;839.96;1320.89;1.57;32.38;0.13;0.21;2019-01-01;Pre-covid;Pre-covid
2019;01;Madrid;Alcachofas;1199.3;2317.51;1.93;28.32;0.19;0.37;2019-01-01;Pre-covid;Pre-covid
2019;01;Madrid;Apio;290.21;418.21;1.44;10.75;0.05;0.07;2019-01-01;Pre-covid;Pre-covid
2019;01;Madrid;Coliflor;346.01;484.21;1.4;11.41;0.05;0.08;2019-01-01;Pre-covid;Pre-covid
2019;01;Madrid;Verd /hort  iv gama;3931.44;11152.21;2.84;71.83;0.62;1.76;2019-01-01;Pre-covid;Pre-covid
2019;01;Madrid;Puerro;812.95;2031.15;2.5;38.76;0.13;0.32;2019-01-01;Pre-covid;Pre-covid
2019;01;Murcia;Patatas;3707.54;3362.21;0.91;78.87;2.57;2.33;2019-01-01;Pre-covid;Pre-covid
2019;01;Murcia;Patatas frescas;2782.39;2304.11;0.83;67.53;1.93;1.6;2019-01-01;Pre-covid;Pre-covid
2019;01;Murcia;Patatas congeladas;141.23;169.93;1.2;16.01;0.1;0.12;2019-01-01;Pre-covid;Pre-covid
2019;01;Murcia;Patatas procesadas;156.79;888.17;5.66;44.72;0.11;0.62;2019-01-01;Pre-covid;Pre-covid
2019;01;Murcia;Patatas fritas;133.69;858.49;6.42;43.07;0.09;0.6;2019-01-01;Pre-covid;Pre-covid
2019;01;Murcia;Hortalizas frescas;6682.55;12023.53;1.8;94.83;4.64;8.35;2019-01-01;Pre-covid;Pre-covid
2019;01;Murcia;Omates;1342.54;2263.08;1.69;81.38;0.93;1.57;2019-01-01;Pre-covid;Pre-covid
2019;01;Murcia;Cebollas;807.61;928.6;1.15;68.74;0.56;0.64;2019-01-01;Pre-covid;Pre-covid
2019;01;Murcia;Ajos;85.77;292.15;3.41;36.28;0.06;0.2;2019-01-01;Pre-covid;Pre-covid
2019;01;Murcia;Coles;132.15;148.79;1.13;15.93;0.09;0.1;2019-01-01;Pre-covid;Pre-covid
2019;01;Murcia;Pepinos;161.08;264.63;1.64;21.83;0.11;0.18;2019-01-01;Pre-covid;Pre-covid
2019;01;Murcia;Judias verdes;165.7;549.85;3.32;39.25;0.12;0.38;2019-01-01;Pre-covid;Pre-covid
2019;01;Murcia;Pimientos;456.68;789.69;1.73;64.11;0.32;0.55;2019-01-01;Pre-covid;Pre-covid
2019;01;Murcia;Champiñoneso setas;176.08;661.36;3.76;41.64;0.12;0.46;2019-01-01;Pre-covid;Pre-covid
2019;01;Murcia;Lechuga/esc /endivia;329.04;864.53;2.63;56.07;0.23;0.6;2019-01-01;Pre-covid;Pre-covid
2019;01;Murcia;Esparragos;79.92;129.6;1.62;9.16;0.06;0.09;2019-01-01;Pre-covid;Pre-covid
2019;01;Murcia;Verduras de hoja;100.17;225.44;2.25;23.41;0.07;0.16;2019-01-01;Pre-covid;Pre-covid
2019;01;Murcia;Berenjenas;191.34;362.22;1.89;28.4;0.13;0.25;2019-01-01;Pre-covid;Pre-covid
2019;01;Murcia;Zanahorias;370.33;305.0;0.82;51.8;0.26;0.21;2019-01-01;Pre-covid;Pre-covid
2019;01;Murcia;Calabacines;436.85;796.77;1.82;49.74;0.3;0.55;2019-01-01;Pre-covid;Pre-covid
2019;01;Murcia;Otr hortalizas/verd ;1847.3;3441.81;1.86;75.71;1.28;2.39;2019-01-01;Pre-covid;Pre-covid
2019;01;Murcia;Brocoli;190.6;232.15;1.22;17.97;0.13;0.16;2019-01-01;Pre-covid;Pre-covid
2019;01;Murcia;Alcachofas;521.58;907.48;1.74;37.11;0.36;0.63;2019-01-01;Pre-covid;Pre-covid
2019;01;Murcia;Apio;158.27;238.72;1.51;31.29;0.11;0.17;2019-01-01;Pre-covid;Pre-covid
2019;01;Murcia;Coliflor;65.61;94.33;1.44;10.55;0.05;0.07;2019-01-01;Pre-covid;Pre-covid
2019;01;Murcia;Verd /hort  iv gama;616.66;1639.45;2.66;60.11;0.43;1.14;2019-01-01;Pre-covid;Pre-covid
2019;01;Murcia;Puerro;127.27;348.71;2.74;29.66;0.09;0.24;2019-01-01;Pre-covid;Pre-covid
2019;01;Navarra;Patatas;1098.9;1100.97;1.0;58.21;1.84;1.84;2019-01-01;Pre-covid;Pre-covid
2019;01;Navarra;Patatas frescas;904.18;851.56;0.94;46.34;1.51;1.42;2019-01-01;Pre-covid;Pre-covid
2019;01;Navarra;Patatas congeladas;24.66;26.14;1.06;4.95;0.04;0.04;2019-01-01;Pre-covid;Pre-covid
2019;01;Navarra;Patatas procesadas;34.01;223.27;6.56;24.12;0.06;0.37;2019-01-01;Pre-covid;Pre-covid
2019;01;Navarra;Patatas fritas;34.01;223.27;6.56;24.12;0.06;0.37;2019-01-01;Pre-covid;Pre-covid
2019;01;Navarra;Hortalizas frescas;2460.71;4675.36;1.9;95.52;4.12;7.82;2019-01-01;Pre-covid;Pre-covid
2019;01;Navarra;Omates;217.82;429.13;1.97;63.98;0.36;0.72;2019-01-01;Pre-covid;Pre-covid
2019;01;Navarra;Cebollas;243.05;308.78;1.27;51.16;0.41;0.52;2019-01-01;Pre-covid;Pre-covid
2019;01;Navarra;Ajos;31.29;120.23;3.84;23.7;0.05;0.2;2019-01-01;Pre-covid;Pre-covid
2019;01;Navarra;Coles;157.28;233.68;1.49;19.39;0.26;0.39;2019-01-01;Pre-covid;Pre-covid
2019;01;Navarra;Pepinos;25.5;41.41;1.62;10.7;0.04;0.07;2019-01-01;Pre-covid;Pre-covid
2019;01;Navarra;Judias verdes;80.24;296.29;3.69;30.07;0.13;0.5;2019-01-01;Pre-covid;Pre-covid
2019;01;Navarra;Pimientos;173.59;352.04;2.03;63.47;0.29;0.59;2019-01-01;Pre-covid;Pre-covid
2019;01;Navarra;Champiñoneso setas;58.83;228.83;3.89;41.88;0.1;0.38;2019-01-01;Pre-covid;Pre-covid
2019;01;Navarra;Lechuga/esc /endivia;230.71;548.06;2.38;57.88;0.39;0.92;2019-01-01;Pre-covid;Pre-covid
2019;01;Navarra;Esparragos;3.23;14.59;4.51;3.67;0.01;0.02;2019-01-01;Pre-covid;Pre-covid
2019;01;Navarra;Verduras de hoja;34.72;66.19;1.91;15.63;0.06;0.11;2019-01-01;Pre-covid;Pre-covid
2019;01;Navarra;Berenjenas;13.33;42.54;3.19;13.08;0.02;0.07;2019-01-01;Pre-covid;Pre-covid
2019;01;Navarra;Zanahorias;112.17;94.26;0.84;42.09;0.19;0.16;2019-01-01;Pre-covid;Pre-covid
2019;01;Navarra;Calabacines;203.22;327.58;1.61;51.8;0.34;0.55;2019-01-01;Pre-covid;Pre-covid
2019;01;Navarra;Otr hortalizas/verd ;875.72;1571.74;1.79;75.07;1.46;2.63;2019-01-01;Pre-covid;Pre-covid
2019;01;Navarra;Brocoli;196.04;173.02;0.88;33.11;0.33;0.29;2019-01-01;Pre-covid;Pre-covid
2019;01;Navarra;Alcachofas;179.1;315.52;1.76;11.98;0.3;0.53;2019-01-01;Pre-covid;Pre-covid
2019;01;Navarra;Apio;37.31;67.73;1.82;9.04;0.06;0.11;2019-01-01;Pre-covid;Pre-covid
2019;01;Navarra;Coliflor;31.71;46.5;1.47;11.67;0.05;0.08;2019-01-01;Pre-covid;Pre-covid
2019;01;Navarra;Verd /hort  iv gama;190.77;478.68;2.51;51.4;0.32;0.8;2019-01-01;Pre-covid;Pre-covid
2019;01;Navarra;Puerro;48.56;165.18;3.4;32.69;0.08;0.28;2019-01-01;Pre-covid;Pre-covid
2019;01;Pais vasco;Patatas;4951.53;4500.08;0.91;77.78;2.34;2.13;2019-01-01;Pre-covid;Pre-covid
2019;01;Pais vasco;Patatas frescas;3767.03;3130.74;0.83;65.79;1.78;1.48;2019-01-01;Pre-covid;Pre-covid
2019;01;Pais vasco;Patatas congeladas;94.72;116.97;1.23;7.51;0.04;0.06;2019-01-01;Pre-covid;Pre-covid
2019;01;Pais vasco;Patatas procesadas;217.96;1252.38;5.75;39.32;0.1;0.59;2019-01-01;Pre-covid;Pre-covid
2019;01;Pais vasco;Patatas fritas;176.97;1188.69;6.72;37.22;0.08;0.56;2019-01-01;Pre-covid;Pre-covid
2019;01;Pais vasco;Hortalizas frescas;9527.36;19818.32;2.08;97.53;4.51;9.38;2019-01-01;Pre-covid;Pre-covid
2019;01;Pais vasco;Omates;1750.95;3453.3;1.97;69.66;0.83;1.63;2019-01-01;Pre-covid;Pre-covid
2019;01;Pais vasco;Cebollas;1234.59;1631.88;1.32;67.32;0.58;0.77;2019-01-01;Pre-covid;Pre-covid
2019;01;Pais vasco;Ajos;145.93;656.89;4.5;41.9;0.07;0.31;2019-01-01;Pre-covid;Pre-covid
2019;01;Pais vasco;Coles;343.23;496.25;1.45;24.35;0.16;0.23;2019-01-01;Pre-covid;Pre-covid
2019;01;Pais vasco;Pepinos;163.8;269.54;1.65;15.02;0.08;0.13;2019-01-01;Pre-covid;Pre-covid
2019;01;Pais vasco;Judias verdes;295.83;1049.29;3.55;29.68;0.14;0.5;2019-01-01;Pre-covid;Pre-covid
2019;01;Pais vasco;Pimientos;743.67;1602.35;2.15;58.73;0.35;0.76;2019-01-01;Pre-covid;Pre-covid
2019;01;Pais vasco;Champiñoneso setas;365.98;1467.59;4.01;45.08;0.17;0.69;2019-01-01;Pre-covid;Pre-covid
2019;01;Pais vasco;Lechuga/esc /endivia;758.55;2024.86;2.67;59.3;0.36;0.96;2019-01-01;Pre-covid;Pre-covid
2019;01;Pais vasco;Esparragos;28.32;167.93;5.93;5.71;0.01;0.08;2019-01-01;Pre-covid;Pre-covid
2019;01;Pais vasco;Verduras de hoja;203.56;483.05;2.37;27.86;0.1;0.23;2019-01-01;Pre-covid;Pre-covid
2019;01;Pais vasco;Berenjenas;116.63;271.38;2.33;18.41;0.06;0.13;2019-01-01;Pre-covid;Pre-covid
2019;01;Pais vasco;Zanahorias;737.64;610.74;0.83;62.57;0.35;0.29;2019-01-01;Pre-covid;Pre-covid
2019;01;Pais vasco;Calabacines;642.2;1116.92;1.74;40.14;0.3;0.53;2019-01-01;Pre-covid;Pre-covid
2019;01;Pais vasco;Otr hortalizas/verd ;1996.48;4516.34;2.26;73.78;0.94;2.14;2019-01-01;Pre-covid;Pre-covid
2019;01;Pais vasco;Brocoli;280.53;452.1;1.61;25.56;0.13;0.21;2019-01-01;Pre-covid;Pre-covid
2019;01;Pais vasco;Alcachofas;197.52;534.71;2.71;13.66;0.09;0.25;2019-01-01;Pre-covid;Pre-covid
2019;01;Pais vasco;Apio;119.8;175.44;1.46;10.45;0.06;0.08;2019-01-01;Pre-covid;Pre-covid
2019;01;Pais vasco;Coliflor;124.33;182.55;1.47;10.04;0.06;0.09;2019-01-01;Pre-covid;Pre-covid
2019;01;Pais vasco;Verd /hort  iv gama;984.17;2883.88;2.93;67.32;0.47;1.36;2019-01-01;Pre-covid;Pre-covid
2019;01;Pais vasco;Puerro;287.92;960.26;3.34;39.33;0.14;0.45;2019-01-01;Pre-covid;Pre-covid
2019;01;Valencia;Patatas;11422.34;10744.01;0.94;84.21;2.35;2.21;2019-01-01;Pre-covid;Pre-covid
2019;01;Valencia;Patatas frescas;7905.08;7016.0;0.89;71.56;1.63;1.44;2019-01-01;Pre-covid;Pre-covid
2019;01;Valencia;Patatas congeladas;386.78;562.2;1.45;12.0;0.08;0.12;2019-01-01;Pre-covid;Pre-covid
2019;01;Valencia;Patatas procesadas;626.1;3165.8;5.06;51.11;0.13;0.65;2019-01-01;Pre-covid;Pre-covid
2019;01;Valencia;Patatas fritas;494.7;2990.96;6.05;49.41;0.1;0.62;2019-01-01;Pre-covid;Pre-covid
2019;01;Valencia;Hortalizas frescas;25663.16;49196.83;1.92;98.19;5.28;10.13;2019-01-01;Pre-covid;Pre-covid
2019;01;Valencia;Omates;4683.76;8319.19;1.78;83.08;0.96;1.71;2019-01-01;Pre-covid;Pre-covid
2019;01;Valencia;Cebollas;3338.95;3554.25;1.06;72.25;0.69;0.73;2019-01-01;Pre-covid;Pre-covid
2019;01;Valencia;Ajos;299.06;1089.07;3.64;29.3;0.06;0.22;2019-01-01;Pre-covid;Pre-covid
2019;01;Valencia;Coles;635.15;800.33;1.26;24.4;0.13;0.16;2019-01-01;Pre-covid;Pre-covid
2019;01;Valencia;Pepinos;756.69;1190.28;1.57;29.94;0.16;0.25;2019-01-01;Pre-covid;Pre-covid
2019;01;Valencia;Judias verdes;732.18;2510.11;3.43;39.72;0.15;0.52;2019-01-01;Pre-covid;Pre-covid
2019;01;Valencia;Pimientos;2002.34;3755.97;1.88;63.96;0.41;0.77;2019-01-01;Pre-covid;Pre-covid
2019;01;Valencia;Champiñoneso setas;768.91;2816.34;3.66;49.63;0.16;0.58;2019-01-01;Pre-covid;Pre-covid
2019;01;Valencia;Lechuga/esc /endivia;1373.88;4066.23;2.96;60.4;0.28;0.84;2019-01-01;Pre-covid;Pre-covid
2019;01;Valencia;Esparragos;110.37;438.59;3.97;7.76;0.02;0.09;2019-01-01;Pre-covid;Pre-covid
2019;01;Valencia;Verduras de hoja;659.52;1616.31;2.45;32.0;0.14;0.33;2019-01-01;Pre-covid;Pre-covid
2019;01;Valencia;Berenjenas;521.71;1149.64;2.2;30.93;0.11;0.24;2019-01-01;Pre-covid;Pre-covid
2019;01;Valencia;Zanahorias;1509.43;1353.97;0.9;56.69;0.31;0.28;2019-01-01;Pre-covid;Pre-covid
2019;01;Valencia;Calabacines;1477.47;2664.88;1.8;54.92;0.3;0.55;2019-01-01;Pre-covid;Pre-covid
2019;01;Valencia;Otr hortalizas/verd ;6793.75;13871.66;2.04;87.24;1.4;2.86;2019-01-01;Pre-covid;Pre-covid
2019;01;Valencia;Brocoli;628.25;967.03;1.54;28.79;0.13;0.2;2019-01-01;Pre-covid;Pre-covid
2019;01;Valencia;Alcachofas;2276.62;4124.02;1.81;50.88;0.47;0.85;2019-01-01;Pre-covid;Pre-covid
2019;01;Valencia;Apio;251.2;365.85;1.46;15.51;0.05;0.08;2019-01-01;Pre-covid;Pre-covid
2019;01;Valencia;Coliflor;322.0;451.65;1.4;11.98;0.07;0.09;2019-01-01;Pre-covid;Pre-covid
2019;01;Valencia;Verd /hort  iv gama;2775.97;8154.13;2.94;73.02;0.57;1.68;2019-01-01;Pre-covid;Pre-covid
2019;01;Valencia;Puerro;374.61;1127.13;3.01;33.99;0.08;0.23;2019-01-01;Pre-covid;Pre-covid
2019;01;Nacional;Frutas frescas;320524.47;474026.64;1.48;94.97;6.95;10.28;2019-01-01;Pre-covid;Pre-covid
2019;01;Nacional;Naranjas;90555.5;77640.5;0.86;59.47;1.96;1.68;2019-01-01;Pre-covid;Pre-covid
2019;01;Nacional;Mandarinas;49162.16;59683.04;1.21;63.93;1.07;1.29;2019-01-01;Pre-covid;Pre-covid
2019;01;Nacional;Limones;8457.3;12073.88;1.43;35.46;0.18;0.26;2019-01-01;Pre-covid;Pre-covid
2019;01;Nacional;Platanos;49210.08;81173.34;1.65;79.24;1.07;1.76;2019-01-01;Pre-covid;Pre-covid
2019;01;Nacional;Manzanas;40580.86;57749.23;1.42;66.63;0.88;1.25;2019-01-01;Pre-covid;Pre-covid
2019;01;Nacional;Peras;20087.21;28791.27;1.43;48.46;0.44;0.62;2019-01-01;Pre-covid;Pre-covid
2019;01;Nacional;Melocotones;111.93;167.8;1.5;0.66;0.0;0.0;2019-01-01;Pre-covid;Pre-covid
2019;01;Nacional;Nectarinas;717.09;910.17;1.27;1.56;0.02;0.02;2019-01-01;Pre-covid;Pre-covid
2019;01;Nacional;Albaricoques;172.92;265.06;1.53;0.98;0.0;0.01;2019-01-01;Pre-covid;Pre-covid
2019;01;Nacional;Fresas/freson;7040.89;27848.07;3.96;31.05;0.15;0.6;2019-01-01;Pre-covid;Pre-covid
2019;01;Nacional;Melon;5494.63;8326.27;1.52;8.73;0.12;0.18;2019-01-01;Pre-covid;Pre-covid
2019;01;Nacional;Sandia;314.82;380.26;1.21;0.6;0.01;0.01;2019-01-01;Pre-covid;Pre-covid
2019;01;Nacional;Ciruelas;473.82;973.84;2.06;2.8;0.01;0.02;2019-01-01;Pre-covid;Pre-covid
2019;01;Nacional;Cerezas;139.86;899.87;6.43;1.44;0.0;0.02;2019-01-01;Pre-covid;Pre-covid
2019;01;Nacional;Uvas;5294.24;15511.76;2.93;21.94;0.11;0.34;2019-01-01;Pre-covid;Pre-covid
2019;01;Nacional;Kiwi;11586.83;32261.33;2.78;38.61;0.25;0.7;2019-01-01;Pre-covid;Pre-covid
2019;01;Nacional;Aguacate;5605.28;18510.93;3.3;27.39;0.12;0.4;2019-01-01;Pre-covid;Pre-covid
2019;01;Nacional;Piña;9539.64;14441.56;1.51;22.08;0.21;0.31;2019-01-01;Pre-covid;Pre-covid
2019;01;Nacional;Otras frutas frescas;15979.4;36418.47;2.28;42.5;0.35;0.79;2019-01-01;Pre-covid;Pre-covid
2019;01;Nacional;Pomelo;1262.43;2115.07;1.68;2.78;0.03;0.05;2019-01-01;Pre-covid;Pre-covid
2019;01;Nacional;Chirimoya;15.35;44.72;2.91;0.08;0.0;0.0;2019-01-01;Pre-covid;Pre-covid
2019;01;Nacional;Mango;2269.66;6126.89;2.7;10.64;0.05;0.13;2019-01-01;Pre-covid;Pre-covid
2019;01;Nacional;Frutas iv gama;15423.42;25196.75;1.63;28.61;0.33;0.55;2019-01-01;Pre-covid;Pre-covid
2019;01;Andalucia;Frutas frescas;49726.03;70564.23;1.42;93.15;5.73;8.13;2019-01-01;Pre-covid;Pre-covid
2019;01;Andalucia;Naranjas;13785.09;10998.4;0.8;54.12;1.59;1.27;2019-01-01;Pre-covid;Pre-covid
2019;01;Andalucia;Mandarinas;7686.24;8869.59;1.15;59.13;0.89;1.02;2019-01-01;Pre-covid;Pre-covid
2019;01;Andalucia;Limones;1388.81;1815.64;1.31;30.69;0.16;0.21;2019-01-01;Pre-covid;Pre-covid
2019;01;Andalucia;Platanos;8083.39;12447.68;1.54;80.33;0.93;1.43;2019-01-01;Pre-covid;Pre-covid
2019;01;Andalucia;Manzanas;6030.8;8375.02;1.39;62.48;0.69;0.96;2019-01-01;Pre-covid;Pre-covid
2019;01;Andalucia;Peras;2899.55;4020.16;1.39;44.18;0.33;0.46;2019-01-01;Pre-covid;Pre-covid
2019;01;Andalucia;Melocotones;19.21;42.65;2.22;1.02;0.0;0.0;2019-01-01;Pre-covid;Pre-covid
2019;01;Andalucia;Nectarinas;248.52;254.91;1.03;2.19;0.03;0.03;2019-01-01;Pre-covid;Pre-covid
2019;01;Andalucia;Albaricoques;23.37;36.39;1.56;0.8;0.0;0.0;2019-01-01;Pre-covid;Pre-covid
2019;01;Andalucia;Fresas/freson;1046.96;4127.39;3.94;29.63;0.12;0.48;2019-01-01;Pre-covid;Pre-covid
2019;01;Andalucia;Melon;859.05;1276.08;1.49;9.29;0.1;0.15;2019-01-01;Pre-covid;Pre-covid
2019;01;Andalucia;Sandia;6.34;12.59;1.99;0.32;0.0;0.0;2019-01-01;Pre-covid;Pre-covid
2019;01;Andalucia;Ciruelas;86.5;189.05;2.19;3.4;0.01;0.02;2019-01-01;Pre-covid;Pre-covid
2019;01;Andalucia;Cerezas;20.75;62.83;3.03;0.75;0.0;0.01;2019-01-01;Pre-covid;Pre-covid
2019;01;Andalucia;Uvas;781.21;2237.21;2.86;22.66;0.09;0.26;2019-01-01;Pre-covid;Pre-covid
2019;01;Andalucia;Kiwi;1448.39;4129.35;2.85;35.13;0.17;0.48;2019-01-01;Pre-covid;Pre-covid
2019;01;Andalucia;Aguacate;1012.65;3240.22;3.2;31.96;0.12;0.37;2019-01-01;Pre-covid;Pre-covid
2019;01;Andalucia;Piña;1350.75;1852.28;1.37;18.77;0.16;0.21;2019-01-01;Pre-covid;Pre-covid
2019;01;Andalucia;Otras frutas frescas;2948.46;6576.8;2.23;43.91;0.34;0.76;2019-01-01;Pre-covid;Pre-covid
2019;01;Andalucia;Pomelo;117.23;177.27;1.51;2.57;0.01;0.02;2019-01-01;Pre-covid;Pre-covid
2019;01;Andalucia;Chirimoya;0.0;0.0;0.0;0.0;0.0;0.0;2019-01-01;Pre-covid;Pre-covid
2019;01;Andalucia;Mango;457.61;1148.84;2.51;11.74;0.05;0.13;2019-01-01;Pre-covid;Pre-covid
2019;01;Andalucia;Frutas iv gama;2970.23;4680.35;1.58;30.21;0.34;0.54;2019-01-01;Pre-covid;Pre-covid
2019;01;Aragon;Frutas frescas;8882.54;13026.32;1.47;95.65;6.78;9.95;2019-01-01;Pre-covid;Pre-covid
2019;01;Aragon;Naranjas;2403.2;2029.44;0.84;64.45;1.83;1.55;2019-01-01;Pre-covid;Pre-covid
2019;01;Aragon;Mandarinas;1669.29;1995.73;1.2;72.59;1.27;1.52;2019-01-01;Pre-covid;Pre-covid
2019;01;Aragon;Limones;184.9;277.79;1.5;30.61;0.14;0.21;2019-01-01;Pre-covid;Pre-covid
2019;01;Aragon;Platanos;1142.54;1915.04;1.68;77.32;0.87;1.46;2019-01-01;Pre-covid;Pre-covid
2019;01;Aragon;Manzanas;1114.93;1562.03;1.4;62.03;0.85;1.19;2019-01-01;Pre-covid;Pre-covid
2019;01;Aragon;Peras;470.01;732.99;1.56;47.96;0.36;0.56;2019-01-01;Pre-covid;Pre-covid
2019;01;Aragon;Melocotones;0.0;0.0;0.0;0.0;0.0;0.0;2019-01-01;Pre-covid;Pre-covid
2019;01;Aragon;Nectarinas;8.66;11.19;1.29;2.02;0.01;0.01;2019-01-01;Pre-covid;Pre-covid
2019;01;Aragon;Albaricoques;1.68;3.36;2.0;0.08;0.0;0.0;2019-01-01;Pre-covid;Pre-covid
2019;01;Aragon;Fresas/freson;161.23;592.44;3.67;26.63;0.12;0.45;2019-01-01;Pre-covid;Pre-covid
2019;01;Aragon;Melon;272.81;340.95;1.25;7.81;0.21;0.26;2019-01-01;Pre-covid;Pre-covid
2019;01;Aragon;Sandia;1.83;6.52;3.57;0.55;0.0;0.0;2019-01-01;Pre-covid;Pre-covid
2019;01;Aragon;Ciruelas;5.31;9.89;1.86;1.22;0.0;0.01;2019-01-01;Pre-covid;Pre-covid
2019;01;Aragon;Cerezas;4.81;35.65;7.41;1.31;0.0;0.03;2019-01-01;Pre-covid;Pre-covid
2019;01;Aragon;Uvas;200.22;588.81;2.94;27.08;0.15;0.45;2019-01-01;Pre-covid;Pre-covid
2019;01;Aragon;Kiwi;316.88;897.22;2.83;43.81;0.24;0.69;2019-01-01;Pre-covid;Pre-covid
2019;01;Aragon;Aguacate;91.81;389.25;4.24;21.86;0.07;0.3;2019-01-01;Pre-covid;Pre-covid
2019;01;Aragon;Piña;401.22;602.05;1.5;26.93;0.31;0.46;2019-01-01;Pre-covid;Pre-covid
2019;01;Aragon;Otras frutas frescas;431.21;1035.97;2.4;38.38;0.33;0.79;2019-01-01;Pre-covid;Pre-covid
2019;01;Aragon;Pomelo;25.04;38.42;1.53;3.48;0.02;0.03;2019-01-01;Pre-covid;Pre-covid
2019;01;Aragon;Chirimoya;0.0;0.0;0.0;0.0;0.0;0.0;2019-01-01;Pre-covid;Pre-covid
2019;01;Aragon;Mango;47.74;133.98;2.81;7.0;0.04;0.1;2019-01-01;Pre-covid;Pre-covid
2019;01;Aragon;Frutas iv gama;348.68;647.84;1.86;26.38;0.27;0.49;2019-01-01;Pre-covid;Pre-covid
2019;01;Asturias;Frutas frescas;8918.21;13096.92;1.47;95.78;8.3;12.19;2019-01-01;Pre-covid;Pre-covid
2019;01;Asturias;Naranjas;2578.26;2105.47;0.82;67.92;2.4;1.96;2019-01-01;Pre-covid;Pre-covid
2019;01;Asturias;Mandarinas;1468.67;1879.59;1.28;75.48;1.37;1.75;2019-01-01;Pre-covid;Pre-covid
2019;01;Asturias;Limones;168.78;262.9;1.56;42.91;0.16;0.24;2019-01-01;Pre-covid;Pre-covid
2019;01;Asturias;Platanos;1407.26;2321.59;1.65;80.32;1.31;2.16;2019-01-01;Pre-covid;Pre-covid
2019;01;Asturias;Manzanas;1256.95;1713.64;1.36;69.7;1.17;1.59;2019-01-01;Pre-covid;Pre-covid
2019;01;Asturias;Peras;510.96;715.89;1.4;44.84;0.48;0.67;2019-01-01;Pre-covid;Pre-covid
2019;01;Asturias;Melocotones;0.0;0.0;0.0;0.0;0.0;0.0;2019-01-01;Pre-covid;Pre-covid
2019;01;Asturias;Nectarinas;6.79;3.41;0.5;0.73;0.01;0.0;2019-01-01;Pre-covid;Pre-covid
2019;01;Asturias;Albaricoques;0.0;0.0;0.0;0.0;0.0;0.0;2019-01-01;Pre-covid;Pre-covid
2019;01;Asturias;Fresas/freson;206.09;833.43;4.04;34.32;0.19;0.78;2019-01-01;Pre-covid;Pre-covid
2019;01;Asturias;Melon;129.24;200.88;1.55;14.01;0.12;0.19;2019-01-01;Pre-covid;Pre-covid
2019;01;Asturias;Sandia;0.0;0.0;0.0;0.0;0.0;0.0;2019-01-01;Pre-covid;Pre-covid
2019;01;Asturias;Ciruelas;16.59;43.87;2.64;5.76;0.02;0.04;2019-01-01;Pre-covid;Pre-covid
2019;01;Asturias;Cerezas;1.55;10.05;6.5;1.7;0.0;0.01;2019-01-01;Pre-covid;Pre-covid
2019;01;Asturias;Uvas;205.74;556.27;2.7;41.06;0.19;0.52;2019-01-01;Pre-covid;Pre-covid
2019;01;Asturias;Kiwi;332.69;848.32;2.55;37.39;0.31;0.79;2019-01-01;Pre-covid;Pre-covid
2019;01;Asturias;Aguacate;99.88;390.52;3.91;20.5;0.09;0.36;2019-01-01;Pre-covid;Pre-covid
2019;01;Asturias;Piña;267.01;512.11;1.92;22.97;0.25;0.48;2019-01-01;Pre-covid;Pre-covid
2019;01;Asturias;Otras frutas frescas;261.77;698.98;2.67;38.83;0.24;0.65;2019-01-01;Pre-covid;Pre-covid
2019;01;Asturias;Pomelo;32.43;45.8;1.41;3.27;0.03;0.04;2019-01-01;Pre-covid;Pre-covid
2019;01;Asturias;Chirimoya;0.0;0.0;0.0;0.0;0.0;0.0;2019-01-01;Pre-covid;Pre-covid
2019;01;Asturias;Mango;33.79;97.76;2.89;11.03;0.03;0.09;2019-01-01;Pre-covid;Pre-covid
2019;01;Asturias;Frutas iv gama;288.69;461.77;1.6;25.98;0.27;0.43;2019-01-01;Pre-covid;Pre-covid
2019;01;Baleares;Frutas frescas;6004.92;10396.1;1.73;95.09;5.69;9.85;2019-01-01;Pre-covid;Pre-covid
2019;01;Baleares;Naranjas;1061.76;959.27;0.9;42.61;1.01;0.91;2019-01-01;Pre-covid;Pre-covid
2019;01;Baleares;Mandarinas;835.92;1070.3;1.28;49.6;0.79;1.01;2019-01-01;Pre-covid;Pre-covid
2019;01;Baleares;Limones;344.05;372.81;1.08;27.72;0.33;0.35;2019-01-01;Pre-covid;Pre-covid
2019;01;Baleares;Platanos;1119.23;2030.22;1.81;82.1;1.06;1.92;2019-01-01;Pre-covid;Pre-covid
2019;01;Baleares;Manzanas;874.82;1288.75;1.47;64.29;0.83;1.22;2019-01-01;Pre-covid;Pre-covid
2019;01;Baleares;Peras;483.49;753.96;1.56;57.05;0.46;0.71;2019-01-01;Pre-covid;Pre-covid
2019;01;Baleares;Melocotones;0.0;0.0;0.0;0.0;0.0;0.0;2019-01-01;Pre-covid;Pre-covid
2019;01;Baleares;Nectarinas;4.11;3.83;0.93;0.48;0.0;0.0;2019-01-01;Pre-covid;Pre-covid
2019;01;Baleares;Albaricoques;0.0;0.0;0.0;0.0;0.0;0.0;2019-01-01;Pre-covid;Pre-covid
2019;01;Baleares;Fresas/freson;83.33;391.15;4.69;16.35;0.08;0.37;2019-01-01;Pre-covid;Pre-covid
2019;01;Baleares;Melon;86.99;148.95;1.71;8.11;0.08;0.14;2019-01-01;Pre-covid;Pre-covid
2019;01;Baleares;Sandia;2.05;6.64;3.25;0.86;0.0;0.01;2019-01-01;Pre-covid;Pre-covid
2019;01;Baleares;Ciruelas;0.0;0.0;0.0;0.0;0.0;0.0;2019-01-01;Pre-covid;Pre-covid
2019;01;Baleares;Cerezas;0.49;0.6;1.24;0.38;0.0;0.0;2019-01-01;Pre-covid;Pre-covid
2019;01;Baleares;Uvas;152.04;556.35;3.66;24.83;0.14;0.53;2019-01-01;Pre-covid;Pre-covid
2019;01;Baleares;Kiwi;241.95;818.78;3.38;35.01;0.23;0.78;2019-01-01;Pre-covid;Pre-covid
2019;01;Baleares;Aguacate;232.56;948.54;4.08;39.9;0.22;0.9;2019-01-01;Pre-covid;Pre-covid
2019;01;Baleares;Piña;131.99;240.52;1.82;18.15;0.13;0.23;2019-01-01;Pre-covid;Pre-covid
2019;01;Baleares;Otras frutas frescas;350.15;805.44;2.3;40.4;0.33;0.76;2019-01-01;Pre-covid;Pre-covid
2019;01;Baleares;Pomelo;48.5;70.36;1.45;4.98;0.05;0.07;2019-01-01;Pre-covid;Pre-covid
2019;01;Baleares;Chirimoya;0.0;0.0;0.0;0.0;0.0;0.0;2019-01-01;Pre-covid;Pre-covid
2019;01;Baleares;Mango;71.53;213.63;2.99;10.03;0.07;0.2;2019-01-01;Pre-covid;Pre-covid
2019;01;Baleares;Frutas iv gama;305.24;614.81;2.01;18.67;0.29;0.58;2019-01-01;Pre-covid;Pre-covid
2019;01;Canarias;Frutas frescas;14723.25;23455.6;1.59;95.88;6.67;10.62;2019-01-01;Pre-covid;Pre-covid
2019;01;Canarias;Naranjas;3712.79;3241.17;0.87;50.58;1.68;1.47;2019-01-01;Pre-covid;Pre-covid
2019;01;Canarias;Mandarinas;1644.65;1990.15;1.21;52.96;0.74;0.9;2019-01-01;Pre-covid;Pre-covid
2019;01;Canarias;Limones;461.36;697.45;1.51;40.85;0.21;0.32;2019-01-01;Pre-covid;Pre-covid
2019;01;Canarias;Platanos;2776.63;3908.38;1.41;78.14;1.26;1.77;2019-01-01;Pre-covid;Pre-covid
2019;01;Canarias;Manzanas;2075.88;3230.97;1.56;67.16;0.94;1.46;2019-01-01;Pre-covid;Pre-covid
2019;01;Canarias;Peras;1053.69;1588.94;1.51;50.29;0.48;0.72;2019-01-01;Pre-covid;Pre-covid
2019;01;Canarias;Melocotones;7.68;11.45;1.49;0.77;0.0;0.01;2019-01-01;Pre-covid;Pre-covid
2019;01;Canarias;Nectarinas;1.94;3.47;1.79;0.39;0.0;0.0;2019-01-01;Pre-covid;Pre-covid
2019;01;Canarias;Albaricoques;0.0;0.0;0.0;0.0;0.0;0.0;2019-01-01;Pre-covid;Pre-covid
2019;01;Canarias;Fresas/freson;142.71;856.99;6.01;22.17;0.06;0.39;2019-01-01;Pre-covid;Pre-covid
2019;01;Canarias;Melon;123.45;200.03;1.62;5.04;0.06;0.09;2019-01-01;Pre-covid;Pre-covid
2019;01;Canarias;Sandia;16.59;26.9;1.62;1.22;0.01;0.01;2019-01-01;Pre-covid;Pre-covid
2019;01;Canarias;Ciruelas;3.97;10.98;2.77;1.48;0.0;0.0;2019-01-01;Pre-covid;Pre-covid
2019;01;Canarias;Cerezas;10.48;87.64;8.36;2.27;0.0;0.04;2019-01-01;Pre-covid;Pre-covid
2019;01;Canarias;Uvas;189.27;587.71;3.11;15.55;0.09;0.27;2019-01-01;Pre-covid;Pre-covid
2019;01;Canarias;Kiwi;636.27;1585.08;2.49;42.39;0.29;0.72;2019-01-01;Pre-covid;Pre-covid
2019;01;Canarias;Aguacate;667.99;2480.33;3.71;40.43;0.3;1.12;2019-01-01;Pre-covid;Pre-covid
2019;01;Canarias;Piña;97.5;273.86;2.81;7.47;0.04;0.12;2019-01-01;Pre-covid;Pre-covid
2019;01;Canarias;Otras frutas frescas;1100.41;2674.09;2.43;44.96;0.5;1.21;2019-01-01;Pre-covid;Pre-covid
2019;01;Canarias;Pomelo;54.1;95.83;1.77;2.5;0.02;0.04;2019-01-01;Pre-covid;Pre-covid
2019;01;Canarias;Chirimoya;0.0;0.0;0.0;0.0;0.0;0.0;2019-01-01;Pre-covid;Pre-covid
2019;01;Canarias;Mango;98.92;243.24;2.46;6.19;0.04;0.11;2019-01-01;Pre-covid;Pre-covid
2019;01;Canarias;Frutas iv gama;1020.65;1484.16;1.45;26.52;0.46;0.67;2019-01-01;Pre-covid;Pre-covid
2019;01;Cantabria;Frutas frescas;4182.51;6140.61;1.47;97.4;7.42;10.9;2019-01-01;Pre-covid;Pre-covid
2019;01;Cantabria;Naranjas;1319.15;1263.58;0.96;66.97;2.34;2.24;2019-01-01;Pre-covid;Pre-covid
2019;01;Cantabria;Mandarinas;711.44;856.48;1.2;72.38;1.26;1.52;2019-01-01;Pre-covid;Pre-covid
2019;01;Cantabria;Limones;67.23;105.1;1.56;24.46;0.12;0.19;2019-01-01;Pre-covid;Pre-covid
2019;01;Cantabria;Platanos;591.36;982.1;1.66;78.72;1.05;1.74;2019-01-01;Pre-covid;Pre-covid
2019;01;Cantabria;Manzanas;660.3;851.68;1.29;70.34;1.17;1.51;2019-01-01;Pre-covid;Pre-covid
2019;01;Cantabria;Peras;194.6;274.4;1.41;48.98;0.35;0.49;2019-01-01;Pre-covid;Pre-covid
2019;01;Cantabria;Melocotones;0.0;0.0;0.0;0.0;0.0;0.0;2019-01-01;Pre-covid;Pre-covid
2019;01;Cantabria;Nectarinas;0.0;0.0;0.0;0.0;0.0;0.0;2019-01-01;Pre-covid;Pre-covid
2019;01;Cantabria;Albaricoques;0.0;0.0;0.0;0.0;0.0;0.0;2019-01-01;Pre-covid;Pre-covid
2019;01;Cantabria;Fresas/freson;83.76;351.63;4.2;29.13;0.15;0.62;2019-01-01;Pre-covid;Pre-covid
2019;01;Cantabria;Melon;70.05;149.92;2.14;11.73;0.12;0.27;2019-01-01;Pre-covid;Pre-covid
2019;01;Cantabria;Sandia;0.0;0.0;0.0;0.0;0.0;0.0;2019-01-01;Pre-covid;Pre-covid
2019;01;Cantabria;Ciruelas;8.2;10.09;1.23;2.55;0.01;0.02;2019-01-01;Pre-covid;Pre-covid
2019;01;Cantabria;Cerezas;0.0;0.0;0.0;0.0;0.0;0.0;2019-01-01;Pre-covid;Pre-covid
2019;01;Cantabria;Uvas;52.39;167.52;3.2;28.48;0.09;0.3;2019-01-01;Pre-covid;Pre-covid
2019;01;Cantabria;Kiwi;146.55;417.14;2.85;29.61;0.26;0.74;2019-01-01;Pre-covid;Pre-covid
2019;01;Cantabria;Aguacate;54.98;229.9;4.18;17.5;0.1;0.41;2019-01-01;Pre-covid;Pre-covid
2019;01;Cantabria;Piña;94.99;144.41;1.52;19.18;0.17;0.26;2019-01-01;Pre-covid;Pre-covid
2019;01;Cantabria;Otras frutas frescas;127.5;336.66;2.64;29.42;0.23;0.6;2019-01-01;Pre-covid;Pre-covid
2019;01;Cantabria;Pomelo;7.42;8.68;1.17;2.27;0.01;0.02;2019-01-01;Pre-covid;Pre-covid
2019;01;Cantabria;Chirimoya;0.0;0.0;0.0;0.0;0.0;0.0;2019-01-01;Pre-covid;Pre-covid
2019;01;Cantabria;Mango;22.66;67.68;2.99;11.44;0.04;0.12;2019-01-01;Pre-covid;Pre-covid
2019;01;Cantabria;Frutas iv gama;131.04;221.22;1.69;30.31;0.23;0.39;2019-01-01;Pre-covid;Pre-covid
2019;01;Castilla la mancha;Frutas frescas;13804.47;19245.24;1.39;93.94;6.59;9.18;2019-01-01;Pre-covid;Pre-covid
2019;01;Castilla la mancha;Naranjas;4072.95;3378.13;0.83;67.03;1.94;1.61;2019-01-01;Pre-covid;Pre-covid
2019;01;Castilla la mancha;Mandarinas;2639.86;3025.25;1.15;67.6;1.26;1.44;2019-01-01;Pre-covid;Pre-covid
2019;01;Castilla la mancha;Limones;248.48;357.41;1.44;38.14;0.12;0.17;2019-01-01;Pre-covid;Pre-covid
2019;01;Castilla la mancha;Platanos;2311.09;3642.66;1.58;78.68;1.1;1.74;2019-01-01;Pre-covid;Pre-covid
2019;01;Castilla la mancha;Manzanas;1589.49;2347.34;1.48;68.28;0.76;1.12;2019-01-01;Pre-covid;Pre-covid
2019;01;Castilla la mancha;Peras;770.09;1118.95;1.45;51.12;0.37;0.53;2019-01-01;Pre-covid;Pre-covid
2019;01;Castilla la mancha;Melocotones;0.0;0.0;0.0;0.0;0.0;0.0;2019-01-01;Pre-covid;Pre-covid
2019;01;Castilla la mancha;Nectarinas;12.83;19.39;1.51;1.45;0.01;0.01;2019-01-01;Pre-covid;Pre-covid
2019;01;Castilla la mancha;Albaricoques;39.63;52.99;1.34;4.28;0.02;0.03;2019-01-01;Pre-covid;Pre-covid
2019;01;Castilla la mancha;Fresas/freson;269.86;1056.45;3.91;31.95;0.13;0.5;2019-01-01;Pre-covid;Pre-covid
2019;01;Castilla la mancha;Melon;141.57;217.24;1.53;5.96;0.07;0.1;2019-01-01;Pre-covid;Pre-covid
2019;01;Castilla la mancha;Sandia;0.0;0.0;0.0;0.0;0.0;0.0;2019-01-01;Pre-covid;Pre-covid
2019;01;Castilla la mancha;Ciruelas;15.6;35.47;2.27;1.41;0.01;0.02;2019-01-01;Pre-covid;Pre-covid
2019;01;Castilla la mancha;Cerezas;1.74;2.16;1.24;0.77;0.0;0.0;2019-01-01;Pre-covid;Pre-covid
2019;01;Castilla la mancha;Uvas;220.93;596.87;2.7;20.39;0.11;0.28;2019-01-01;Pre-covid;Pre-covid
2019;01;Castilla la mancha;Kiwi;430.93;1228.54;2.85;44.33;0.21;0.59;2019-01-01;Pre-covid;Pre-covid
2019;01;Castilla la mancha;Aguacate;182.65;603.83;3.31;21.02;0.09;0.29;2019-01-01;Pre-covid;Pre-covid
2019;01;Castilla la mancha;Piña;245.73;311.15;1.27;11.73;0.12;0.15;2019-01-01;Pre-covid;Pre-covid
2019;01;Castilla la mancha;Otras frutas frescas;611.03;1251.42;2.05;38.59;0.29;0.6;2019-01-01;Pre-covid;Pre-covid
2019;01;Castilla la mancha;Pomelo;44.24;75.82;1.71;3.85;0.02;0.04;2019-01-01;Pre-covid;Pre-covid
2019;01;Castilla la mancha;Chirimoya;0.0;0.0;0.0;0.0;0.0;0.0;2019-01-01;Pre-covid;Pre-covid
2019;01;Castilla la mancha;Mango;114.12;328.74;2.88;9.19;0.05;0.16;2019-01-01;Pre-covid;Pre-covid
2019;01;Castilla la mancha;Frutas iv gama;671.55;936.57;1.39;19.95;0.32;0.45;2019-01-01;Pre-covid;Pre-covid
2019;01;Castilla leon;Frutas frescas;20640.95;27753.44;1.34;97.22;8.59;11.55;2019-01-01;Pre-covid;Pre-covid
2019;01;Castilla leon;Naranjas;7111.92;5912.74;0.83;74.72;2.96;2.46;2019-01-01;Pre-covid;Pre-covid
2019;01;Castilla leon;Mandarinas;3035.93;3583.39;1.18;74.79;1.26;1.49;2019-01-01;Pre-covid;Pre-covid
2019;01;Castilla leon;Limones;598.31;929.58;1.55;44.03;0.25;0.39;2019-01-01;Pre-covid;Pre-covid
2019;01;Castilla leon;Platanos;2531.91;3928.05;1.55;79.96;1.05;1.63;2019-01-01;Pre-covid;Pre-covid
2019;01;Castilla leon;Manzanas;2513.21;3246.31;1.29;71.27;1.05;1.35;2019-01-01;Pre-covid;Pre-covid
2019;01;Castilla leon;Peras;1319.69;1766.23;1.34;61.84;0.55;0.73;2019-01-01;Pre-covid;Pre-covid
2019;01;Castilla leon;Melocotones;10.68;14.77;1.38;0.82;0.0;0.01;2019-01-01;Pre-covid;Pre-covid
2019;01;Castilla leon;Nectarinas;18.95;26.61;1.4;1.86;0.01;0.01;2019-01-01;Pre-covid;Pre-covid
2019;01;Castilla leon;Albaricoques;10.06;14.32;1.42;1.2;0.0;0.01;2019-01-01;Pre-covid;Pre-covid
2019;01;Castilla leon;Fresas/freson;281.31;1118.4;3.98;27.97;0.12;0.47;2019-01-01;Pre-covid;Pre-covid
2019;01;Castilla leon;Melon;300.47;445.19;1.48;5.92;0.13;0.19;2019-01-01;Pre-covid;Pre-covid
2019;01;Castilla leon;Sandia;4.78;7.61;1.59;0.14;0.0;0.0;2019-01-01;Pre-covid;Pre-covid
2019;01;Castilla leon;Ciruelas;8.96;16.97;1.89;1.28;0.0;0.01;2019-01-01;Pre-covid;Pre-covid
2019;01;Castilla leon;Cerezas;15.14;114.61;7.57;3.09;0.01;0.05;2019-01-01;Pre-covid;Pre-covid
2019;01;Castilla leon;Uvas;251.7;727.73;2.89;20.73;0.1;0.3;2019-01-01;Pre-covid;Pre-covid
2019;01;Castilla leon;Kiwi;693.6;2002.68;2.89;39.57;0.29;0.83;2019-01-01;Pre-covid;Pre-covid
2019;01;Castilla leon;Aguacate;226.93;782.59;3.45;28.29;0.09;0.33;2019-01-01;Pre-covid;Pre-covid
2019;01;Castilla leon;Piña;805.32;1008.86;1.25;28.31;0.34;0.42;2019-01-01;Pre-covid;Pre-covid
2019;01;Castilla leon;Otras frutas frescas;902.08;2106.82;2.34;42.85;0.38;0.88;2019-01-01;Pre-covid;Pre-covid
2019;01;Castilla leon;Pomelo;207.69;444.58;2.14;6.08;0.09;0.18;2019-01-01;Pre-covid;Pre-covid
2019;01;Castilla leon;Chirimoya;0.0;0.0;0.0;0.0;0.0;0.0;2019-01-01;Pre-covid;Pre-covid
2019;01;Castilla leon;Mango;67.09;203.57;3.03;9.07;0.03;0.08;2019-01-01;Pre-covid;Pre-covid
2019;01;Castilla leon;Frutas iv gama;826.97;1172.99;1.42;25.09;0.34;0.49;2019-01-01;Pre-covid;Pre-covid
2019;01;Cataluña;Frutas frescas;52405.02;81533.88;1.56;94.52;7.32;11.39;2019-01-01;Pre-covid;Pre-covid
2019;01;Cataluña;Naranjas;14638.45;13654.58;0.93;60.69;2.04;1.91;2019-01-01;Pre-covid;Pre-covid
2019;01;Cataluña;Mandarinas;8454.99;10559.33;1.25;68.66;1.18;1.48;2019-01-01;Pre-covid;Pre-covid
2019;01;Cataluña;Limones;1417.87;2243.02;1.58;37.78;0.2;0.31;2019-01-01;Pre-covid;Pre-covid
2019;01;Cataluña;Platanos;7955.38;14227.98;1.79;77.99;1.11;1.99;2019-01-01;Pre-covid;Pre-covid
2019;01;Cataluña;Manzanas;6760.49;9555.86;1.41;67.45;0.94;1.33;2019-01-01;Pre-covid;Pre-covid
2019;01;Cataluña;Peras;3296.17;4740.49;1.44;48.02;0.46;0.66;2019-01-01;Pre-covid;Pre-covid
2019;01;Cataluña;Melocotones;48.24;53.67;1.11;1.14;0.01;0.01;2019-01-01;Pre-covid;Pre-covid
2019;01;Cataluña;Nectarinas;131.1;234.36;1.79;2.07;0.02;0.03;2019-01-01;Pre-covid;Pre-covid
2019;01;Cataluña;Albaricoques;36.36;44.56;1.23;1.57;0.01;0.01;2019-01-01;Pre-covid;Pre-covid
2019;01;Cataluña;Fresas/freson;1431.65;5508.9;3.85;34.01;0.2;0.77;2019-01-01;Pre-covid;Pre-covid
2019;01;Cataluña;Melon;966.38;1756.72;1.82;10.52;0.14;0.25;2019-01-01;Pre-covid;Pre-covid
2019;01;Cataluña;Sandia;18.2;31.28;1.72;0.57;0.0;0.0;2019-01-01;Pre-covid;Pre-covid
2019;01;Cataluña;Ciruelas;102.49;242.32;2.36;3.75;0.01;0.03;2019-01-01;Pre-covid;Pre-covid
2019;01;Cataluña;Cerezas;23.41;244.22;10.43;1.93;0.0;0.03;2019-01-01;Pre-covid;Pre-covid
2019;01;Cataluña;Uvas;903.55;3030.67;3.35;22.53;0.13;0.42;2019-01-01;Pre-covid;Pre-covid
2019;01;Cataluña;Kiwi;1731.29;4958.82;2.86;35.52;0.24;0.69;2019-01-01;Pre-covid;Pre-covid
2019;01;Cataluña;Aguacate;851.83;2733.8;3.21;28.99;0.12;0.38;2019-01-01;Pre-covid;Pre-covid
2019;01;Cataluña;Piña;1536.46;2530.7;1.65;24.01;0.21;0.35;2019-01-01;Pre-covid;Pre-covid
2019;01;Cataluña;Otras frutas frescas;2100.72;5182.62;2.47;40.24;0.29;0.72;2019-01-01;Pre-covid;Pre-covid
2019;01;Cataluña;Pomelo;154.62;251.38;1.63;2.13;0.02;0.04;2019-01-01;Pre-covid;Pre-covid
2019;01;Cataluña;Chirimoya;0.0;0.0;0.0;0.0;0.0;0.0;2019-01-01;Pre-covid;Pre-covid
2019;01;Cataluña;Mango;417.18;1153.28;2.76;15.09;0.06;0.16;2019-01-01;Pre-covid;Pre-covid
2019;01;Cataluña;Frutas iv gama;2234.23;4177.39;1.87;32.89;0.31;0.58;2019-01-01;Pre-covid;Pre-covid
2019;01;Extremadura;Frutas frescas;6749.25;9277.84;1.37;95.14;5.73;7.88;2019-01-01;Pre-covid;Pre-covid
2019;01;Extremadura;Naranjas;2207.91;1871.73;0.85;62.85;1.88;1.59;2019-01-01;Pre-covid;Pre-covid
2019;01;Extremadura;Mandarinas;1143.34;1349.63;1.18;62.07;0.97;1.15;2019-01-01;Pre-covid;Pre-covid
2019;01;Extremadura;Limones;141.23;151.06;1.07;26.03;0.12;0.13;2019-01-01;Pre-covid;Pre-covid
2019;01;Extremadura;Platanos;1073.1;1590.92;1.48;85.63;0.91;1.35;2019-01-01;Pre-covid;Pre-covid
2019;01;Extremadura;Manzanas;733.88;993.81;1.35;65.48;0.62;0.84;2019-01-01;Pre-covid;Pre-covid
2019;01;Extremadura;Peras;401.51;519.88;1.29;48.3;0.34;0.44;2019-01-01;Pre-covid;Pre-covid
2019;01;Extremadura;Melocotones;0.0;0.0;0.0;0.0;0.0;0.0;2019-01-01;Pre-covid;Pre-covid
2019;01;Extremadura;Nectarinas;52.2;73.17;1.4;2.12;0.04;0.06;2019-01-01;Pre-covid;Pre-covid
2019;01;Extremadura;Albaricoques;0.0;0.0;0.0;0.0;0.0;0.0;2019-01-01;Pre-covid;Pre-covid
2019;01;Extremadura;Fresas/freson;128.41;556.6;4.33;27.09;0.11;0.47;2019-01-01;Pre-covid;Pre-covid
2019;01;Extremadura;Melon;88.17;164.14;1.86;5.42;0.07;0.14;2019-01-01;Pre-covid;Pre-covid
2019;01;Extremadura;Sandia;0.0;0.0;0.0;0.0;0.0;0.0;2019-01-01;Pre-covid;Pre-covid
2019;01;Extremadura;Ciruelas;0.0;0.0;0.0;0.0;0.0;0.0;2019-01-01;Pre-covid;Pre-covid
2019;01;Extremadura;Cerezas;1.98;29.74;15.0;2.34;0.0;0.03;2019-01-01;Pre-covid;Pre-covid
2019;01;Extremadura;Uvas;90.52;246.71;2.73;15.49;0.08;0.21;2019-01-01;Pre-covid;Pre-covid
2019;01;Extremadura;Kiwi;262.52;646.18;2.46;37.07;0.22;0.55;2019-01-01;Pre-covid;Pre-covid
2019;01;Extremadura;Aguacate;96.64;321.22;3.32;16.96;0.08;0.27;2019-01-01;Pre-covid;Pre-covid
2019;01;Extremadura;Piña;114.59;248.66;2.17;13.28;0.1;0.21;2019-01-01;Pre-covid;Pre-covid
2019;01;Extremadura;Otras frutas frescas;213.27;514.39;2.41;25.15;0.18;0.44;2019-01-01;Pre-covid;Pre-covid
2019;01;Extremadura;Pomelo;7.74;16.74;2.16;2.95;0.01;0.01;2019-01-01;Pre-covid;Pre-covid
2019;01;Extremadura;Chirimoya;0.0;0.0;0.0;0.0;0.0;0.0;2019-01-01;Pre-covid;Pre-covid
2019;01;Extremadura;Mango;22.07;73.14;3.31;6.44;0.02;0.06;2019-01-01;Pre-covid;Pre-covid
2019;01;Extremadura;Frutas iv gama;580.94;928.18;1.6;25.51;0.49;0.79;2019-01-01;Pre-covid;Pre-covid
2019;01;Galicia;Frutas frescas;21857.83;32434.1;1.48;97.0;8.05;11.94;2019-01-01;Pre-covid;Pre-covid
2019;01;Galicia;Naranjas;6697.45;5621.05;0.84;64.8;2.47;2.07;2019-01-01;Pre-covid;Pre-covid
2019;01;Galicia;Mandarinas;2894.27;3777.38;1.31;60.29;1.07;1.39;2019-01-01;Pre-covid;Pre-covid
2019;01;Galicia;Limones;521.44;769.13;1.48;35.85;0.19;0.28;2019-01-01;Pre-covid;Pre-covid
2019;01;Galicia;Platanos;3335.55;5721.09;1.72;82.38;1.23;2.11;2019-01-01;Pre-covid;Pre-covid
2019;01;Galicia;Manzanas;2777.1;3871.97;1.39;67.69;1.02;1.43;2019-01-01;Pre-covid;Pre-covid
2019;01;Galicia;Peras;1420.98;2036.11;1.43;47.31;0.52;0.75;2019-01-01;Pre-covid;Pre-covid
2019;01;Galicia;Melocotones;18.11;35.64;1.97;3.08;0.01;0.01;2019-01-01;Pre-covid;Pre-covid
2019;01;Galicia;Nectarinas;69.26;79.52;1.15;2.35;0.03;0.03;2019-01-01;Pre-covid;Pre-covid
2019;01;Galicia;Albaricoques;0.0;0.0;0.0;0.0;0.0;0.0;2019-01-01;Pre-covid;Pre-covid
2019;01;Galicia;Fresas/freson;495.95;2216.68;4.47;35.66;0.18;0.82;2019-01-01;Pre-covid;Pre-covid
2019;01;Galicia;Melon;237.79;385.87;1.62;4.43;0.09;0.14;2019-01-01;Pre-covid;Pre-covid
2019;01;Galicia;Sandia;14.99;18.55;1.24;0.4;0.01;0.01;2019-01-01;Pre-covid;Pre-covid
2019;01;Galicia;Ciruelas;27.4;79.08;2.89;2.99;0.01;0.03;2019-01-01;Pre-covid;Pre-covid
2019;01;Galicia;Cerezas;14.22;76.43;5.37;2.56;0.01;0.03;2019-01-01;Pre-covid;Pre-covid
2019;01;Galicia;Uvas;412.62;1136.06;2.75;23.62;0.15;0.42;2019-01-01;Pre-covid;Pre-covid
2019;01;Galicia;Kiwi;934.89;2141.03;2.29;43.35;0.34;0.79;2019-01-01;Pre-covid;Pre-covid
2019;01;Galicia;Aguacate;400.43;1091.86;2.73;18.92;0.15;0.4;2019-01-01;Pre-covid;Pre-covid
2019;01;Galicia;Piña;750.73;1073.65;1.43;27.43;0.28;0.4;2019-01-01;Pre-covid;Pre-covid
2019;01;Galicia;Otras frutas frescas;834.63;2302.99;2.76;42.67;0.31;0.85;2019-01-01;Pre-covid;Pre-covid
2019;01;Galicia;Pomelo;57.01;98.79;1.73;2.25;0.02;0.04;2019-01-01;Pre-covid;Pre-covid
2019;01;Galicia;Chirimoya;0.0;0.0;0.0;0.0;0.0;0.0;2019-01-01;Pre-covid;Pre-covid
2019;01;Galicia;Mango;90.2;308.32;3.42;11.58;0.03;0.11;2019-01-01;Pre-covid;Pre-covid
2019;01;Galicia;Frutas iv gama;645.06;1033.79;1.6;24.05;0.24;0.38;2019-01-01;Pre-covid;Pre-covid
2019;01;La rioja;Frutas frescas;2026.62;3080.84;1.52;96.2;6.25;9.51;2019-01-01;Pre-covid;Pre-covid
2019;01;La rioja;Naranjas;512.44;412.68;0.81;67.85;1.58;1.27;2019-01-01;Pre-covid;Pre-covid
2019;01;La rioja;Mandarinas;352.75;427.65;1.21;77.78;1.09;1.32;2019-01-01;Pre-covid;Pre-covid
2019;01;La rioja;Limones;45.36;69.5;1.53;30.04;0.14;0.21;2019-01-01;Pre-covid;Pre-covid
2019;01;La rioja;Platanos;303.8;547.66;1.8;81.07;0.94;1.69;2019-01-01;Pre-covid;Pre-covid
2019;01;La rioja;Manzanas;313.1;439.43;1.4;78.21;0.97;1.36;2019-01-01;Pre-covid;Pre-covid
2019;01;La rioja;Peras;168.27;252.91;1.5;49.77;0.52;0.78;2019-01-01;Pre-covid;Pre-covid
2019;01;La rioja;Melocotones;0.0;0.0;0.0;0.0;0.0;0.0;2019-01-01;Pre-covid;Pre-covid
2019;01;La rioja;Nectarinas;0.0;0.0;0.0;0.0;0.0;0.0;2019-01-01;Pre-covid;Pre-covid
2019;01;La rioja;Albaricoques;0.0;0.0;0.0;0.0;0.0;0.0;2019-01-01;Pre-covid;Pre-covid
2019;01;La rioja;Fresas/freson;24.82;130.93;5.28;14.73;0.08;0.4;2019-01-01;Pre-covid;Pre-covid
2019;01;La rioja;Melon;17.92;38.39;2.14;3.2;0.06;0.12;2019-01-01;Pre-covid;Pre-covid
2019;01;La rioja;Sandia;0.0;0.0;0.0;0.0;0.0;0.0;2019-01-01;Pre-covid;Pre-covid
2019;01;La rioja;Ciruelas;0.0;0.0;0.0;0.0;0.0;0.0;2019-01-01;Pre-covid;Pre-covid
2019;01;La rioja;Cerezas;0.0;0.0;0.0;0.0;0.0;0.0;2019-01-01;Pre-covid;Pre-covid
2019;01;La rioja;Uvas;40.43;91.97;2.27;29.55;0.12;0.28;2019-01-01;Pre-covid;Pre-covid
2019;01;La rioja;Kiwi;101.96;375.91;3.69;40.47;0.31;1.16;2019-01-01;Pre-covid;Pre-covid
2019;01;La rioja;Aguacate;21.05;78.01;3.71;16.72;0.06;0.24;2019-01-01;Pre-covid;Pre-covid
2019;01;La rioja;Piña;55.37;92.96;1.68;28.45;0.17;0.29;2019-01-01;Pre-covid;Pre-covid
2019;01;La rioja;Otras frutas frescas;69.34;122.84;1.77;33.72;0.21;0.38;2019-01-01;Pre-covid;Pre-covid
2019;01;La rioja;Pomelo;6.44;8.45;1.31;1.09;0.02;0.03;2019-01-01;Pre-covid;Pre-covid
2019;01;La rioja;Chirimoya;0.0;0.0;0.0;0.0;0.0;0.0;2019-01-01;Pre-covid;Pre-covid
2019;01;La rioja;Mango;14.4;23.15;1.61;3.19;0.04;0.07;2019-01-01;Pre-covid;Pre-covid
2019;01;La rioja;Frutas iv gama;35.26;63.35;1.8;16.47;0.11;0.2;2019-01-01;Pre-covid;Pre-covid
2019;01;Madrid;Frutas frescas;49344.59;73605.31;1.49;96.08;7.8;11.63;2019-01-01;Pre-covid;Pre-covid
2019;01;Madrid;Naranjas;14254.81;12252.98;0.86;66.4;2.25;1.94;2019-01-01;Pre-covid;Pre-covid
2019;01;Madrid;Mandarinas;7804.8;9748.34;1.25;72.68;1.23;1.54;2019-01-01;Pre-covid;Pre-covid
2019;01;Madrid;Limones;1173.17;1741.73;1.48;43.66;0.19;0.28;2019-01-01;Pre-covid;Pre-covid
2019;01;Madrid;Platanos;6685.13;11651.91;1.74;78.58;1.06;1.84;2019-01-01;Pre-covid;Pre-covid
2019;01;Madrid;Manzanas;5804.73;8442.1;1.45;72.28;0.92;1.33;2019-01-01;Pre-covid;Pre-covid
2019;01;Madrid;Peras;3255.81;4713.14;1.45;51.13;0.51;0.74;2019-01-01;Pre-covid;Pre-covid
2019;01;Madrid;Melocotones;4.93;4.88;0.99;0.09;0.0;0.0;2019-01-01;Pre-covid;Pre-covid
2019;01;Madrid;Nectarinas;107.72;138.35;1.28;2.15;0.02;0.02;2019-01-01;Pre-covid;Pre-covid
2019;01;Madrid;Albaricoques;42.99;77.7;1.81;1.69;0.01;0.01;2019-01-01;Pre-covid;Pre-covid
2019;01;Madrid;Fresas/freson;1164.6;3851.91;3.31;34.07;0.18;0.61;2019-01-01;Pre-covid;Pre-covid
2019;01;Madrid;Melon;896.08;1406.05;1.57;14.18;0.14;0.22;2019-01-01;Pre-covid;Pre-covid
2019;01;Madrid;Sandia;5.27;18.81;3.57;0.34;0.0;0.0;2019-01-01;Pre-covid;Pre-covid
2019;01;Madrid;Ciruelas;117.5;146.35;1.25;2.61;0.02;0.02;2019-01-01;Pre-covid;Pre-covid
2019;01;Madrid;Cerezas;20.41;71.9;3.52;1.14;0.0;0.01;2019-01-01;Pre-covid;Pre-covid
2019;01;Madrid;Uvas;853.78;2315.29;2.71;22.07;0.13;0.37;2019-01-01;Pre-covid;Pre-covid
2019;01;Madrid;Kiwi;2078.76;5873.82;2.83;42.82;0.33;0.93;2019-01-01;Pre-covid;Pre-covid
2019;01;Madrid;Aguacate;690.84;2274.13;3.29;29.73;0.11;0.36;2019-01-01;Pre-covid;Pre-covid
2019;01;Madrid;Piña;1526.12;2230.93;1.46;24.74;0.24;0.35;2019-01-01;Pre-covid;Pre-covid
2019;01;Madrid;Otras frutas frescas;2857.14;6645.0;2.33;54.48;0.45;1.05;2019-01-01;Pre-covid;Pre-covid
2019;01;Madrid;Pomelo;87.09;134.82;1.55;2.55;0.01;0.02;2019-01-01;Pre-covid;Pre-covid
2019;01;Madrid;Chirimoya;9.69;12.11;1.25;0.4;0.0;0.0;2019-01-01;Pre-covid;Pre-covid
2019;01;Madrid;Mango;453.16;1312.71;2.9;13.03;0.07;0.21;2019-01-01;Pre-covid;Pre-covid
2019;01;Madrid;Frutas iv gama;2377.14;3485.07;1.47;31.66;0.38;0.55;2019-01-01;Pre-covid;Pre-covid
2019;01;Murcia;Frutas frescas;8112.52;11504.8;1.42;89.11;5.63;7.99;2019-01-01;Pre-covid;Pre-covid
2019;01;Murcia;Naranjas;2305.6;1812.22;0.79;48.94;1.6;1.26;2019-01-01;Pre-covid;Pre-covid
2019;01;Murcia;Mandarinas;927.22;1075.41;1.16;55.76;0.64;0.75;2019-01-01;Pre-covid;Pre-covid
2019;01;Murcia;Limones;308.48;351.73;1.14;20.47;0.21;0.24;2019-01-01;Pre-covid;Pre-covid
2019;01;Murcia;Platanos;1344.88;2135.87;1.59;71.19;0.93;1.48;2019-01-01;Pre-covid;Pre-covid
2019;01;Murcia;Manzanas;1166.97;1659.58;1.42;61.3;0.81;1.15;2019-01-01;Pre-covid;Pre-covid
2019;01;Murcia;Peras;428.51;642.7;1.5;40.68;0.3;0.45;2019-01-01;Pre-covid;Pre-covid
2019;01;Murcia;Melocotones;0.0;0.0;0.0;0.0;0.0;0.0;2019-01-01;Pre-covid;Pre-covid
2019;01;Murcia;Nectarinas;0.0;0.0;0.0;0.0;0.0;0.0;2019-01-01;Pre-covid;Pre-covid
2019;01;Murcia;Albaricoques;0.0;0.0;0.0;0.0;0.0;0.0;2019-01-01;Pre-covid;Pre-covid
2019;01;Murcia;Fresas/freson;191.45;814.41;4.25;26.64;0.13;0.57;2019-01-01;Pre-covid;Pre-covid
2019;01;Murcia;Melon;70.13;140.12;2.0;5.47;0.05;0.1;2019-01-01;Pre-covid;Pre-covid
2019;01;Murcia;Sandia;0.0;0.0;0.0;0.0;0.0;0.0;2019-01-01;Pre-covid;Pre-covid
2019;01;Murcia;Ciruelas;14.86;24.36;1.64;4.43;0.01;0.02;2019-01-01;Pre-covid;Pre-covid
2019;01;Murcia;Cerezas;5.64;44.87;7.96;1.97;0.0;0.03;2019-01-01;Pre-covid;Pre-covid
2019;01;Murcia;Uvas;131.82;360.84;2.74;15.47;0.09;0.25;2019-01-01;Pre-covid;Pre-covid
2019;01;Murcia;Kiwi;238.75;703.59;2.95;35.54;0.17;0.49;2019-01-01;Pre-covid;Pre-covid
2019;01;Murcia;Aguacate;141.39;432.28;3.06;26.9;0.1;0.3;2019-01-01;Pre-covid;Pre-covid
2019;01;Murcia;Piña;355.27;482.78;1.36;28.07;0.25;0.34;2019-01-01;Pre-covid;Pre-covid
2019;01;Murcia;Otras frutas frescas;481.55;824.02;1.71;32.62;0.33;0.57;2019-01-01;Pre-covid;Pre-covid
2019;01;Murcia;Pomelo;88.43;91.17;1.03;1.87;0.06;0.06;2019-01-01;Pre-covid;Pre-covid
2019;01;Murcia;Chirimoya;1.79;5.87;3.29;0.39;0.0;0.0;2019-01-01;Pre-covid;Pre-covid
2019;01;Murcia;Mango;30.12;95.95;3.19;6.48;0.02;0.07;2019-01-01;Pre-covid;Pre-covid
2019;01;Murcia;Frutas iv gama;282.81;589.83;2.09;30.09;0.2;0.41;2019-01-01;Pre-covid;Pre-covid
2019;01;Navarra;Frutas frescas;4355.69;6441.51;1.48;93.13;7.29;10.78;2019-01-01;Pre-covid;Pre-covid
2019;01;Navarra;Naranjas;1274.74;1278.37;1.0;62.88;2.13;2.14;2019-01-01;Pre-covid;Pre-covid
2019;01;Navarra;Mandarinas;794.64;1027.93;1.29;78.95;1.33;1.72;2019-01-01;Pre-covid;Pre-covid
2019;01;Navarra;Limones;120.31;163.02;1.36;33.02;0.2;0.27;2019-01-01;Pre-covid;Pre-covid
2019;01;Navarra;Platanos;717.77;1157.19;1.61;78.98;1.2;1.94;2019-01-01;Pre-covid;Pre-covid
2019;01;Navarra;Manzanas;645.56;922.24;1.43;57.09;1.08;1.54;2019-01-01;Pre-covid;Pre-covid
2019;01;Navarra;Peras;166.94;233.07;1.4;34.04;0.28;0.39;2019-01-01;Pre-covid;Pre-covid
2019;01;Navarra;Melocotones;0.0;0.0;0.0;0.0;0.0;0.0;2019-01-01;Pre-covid;Pre-covid
2019;01;Navarra;Nectarinas;19.79;24.76;1.25;3.89;0.03;0.04;2019-01-01;Pre-covid;Pre-covid
2019;01;Navarra;Albaricoques;0.0;0.0;0.0;0.0;0.0;0.0;2019-01-01;Pre-covid;Pre-covid
2019;01;Navarra;Fresas/freson;73.08;294.96;4.04;34.19;0.12;0.49;2019-01-01;Pre-covid;Pre-covid
2019;01;Navarra;Melon;5.7;8.28;1.45;0.66;0.01;0.01;2019-01-01;Pre-covid;Pre-covid
2019;01;Navarra;Sandia;0.0;0.0;0.0;0.0;0.0;0.0;2019-01-01;Pre-covid;Pre-covid
2019;01;Navarra;Ciruelas;1.72;1.53;0.89;0.89;0.0;0.0;2019-01-01;Pre-covid;Pre-covid
2019;01;Navarra;Cerezas;2.88;5.45;1.89;0.89;0.0;0.01;2019-01-01;Pre-covid;Pre-covid
2019;01;Navarra;Uvas;82.25;220.38;2.68;21.45;0.14;0.37;2019-01-01;Pre-covid;Pre-covid
2019;01;Navarra;Kiwi;144.29;383.87;2.66;32.61;0.24;0.64;2019-01-01;Pre-covid;Pre-covid
2019;01;Navarra;Aguacate;70.73;238.95;3.38;32.61;0.12;0.4;2019-01-01;Pre-covid;Pre-covid
2019;01;Navarra;Piña;145.06;262.89;1.81;21.69;0.24;0.44;2019-01-01;Pre-covid;Pre-covid
2019;01;Navarra;Otras frutas frescas;90.23;218.63;2.42;24.97;0.15;0.37;2019-01-01;Pre-covid;Pre-covid
2019;01;Navarra;Pomelo;0.93;1.87;2.0;1.02;0.0;0.0;2019-01-01;Pre-covid;Pre-covid
2019;01;Navarra;Chirimoya;0.0;0.0;0.0;0.0;0.0;0.0;2019-01-01;Pre-covid;Pre-covid
2019;01;Navarra;Mango;19.33;55.69;2.88;9.82;0.03;0.09;2019-01-01;Pre-covid;Pre-covid
2019;01;Navarra;Frutas iv gama;322.07;597.02;1.85;30.41;0.54;1.0;2019-01-01;Pre-covid;Pre-covid
2019;01;Pais vasco;Frutas frescas;18009.41;28195.5;1.57;95.33;8.52;13.34;2019-01-01;Pre-covid;Pre-covid
2019;01;Pais vasco;Naranjas;5526.79;5392.27;0.98;66.87;2.61;2.55;2019-01-01;Pre-covid;Pre-covid
2019;01;Pais vasco;Mandarinas;2772.29;3833.11;1.38;63.11;1.31;1.81;2019-01-01;Pre-covid;Pre-covid
2019;01;Pais vasco;Limones;492.28;780.68;1.59;44.43;0.23;0.37;2019-01-01;Pre-covid;Pre-covid
2019;01;Pais vasco;Platanos;2501.58;4561.63;1.82;76.8;1.18;2.16;2019-01-01;Pre-covid;Pre-covid
2019;01;Pais vasco;Manzanas;2304.84;3559.35;1.54;66.56;1.09;1.68;2019-01-01;Pre-covid;Pre-covid
2019;01;Pais vasco;Peras;1161.95;1828.5;1.57;48.66;0.55;0.87;2019-01-01;Pre-covid;Pre-covid
2019;01;Pais vasco;Melocotones;1.1;1.92;1.74;0.15;0.0;0.0;2019-01-01;Pre-covid;Pre-covid
2019;01;Pais vasco;Nectarinas;0.0;0.0;0.0;0.0;0.0;0.0;2019-01-01;Pre-covid;Pre-covid
2019;01;Pais vasco;Albaricoques;7.61;18.82;2.47;1.01;0.0;0.01;2019-01-01;Pre-covid;Pre-covid
2019;01;Pais vasco;Fresas/freson;458.83;1626.95;3.55;36.93;0.22;0.77;2019-01-01;Pre-covid;Pre-covid
2019;01;Pais vasco;Melon;213.01;332.72;1.56;10.51;0.1;0.16;2019-01-01;Pre-covid;Pre-covid
2019;01;Pais vasco;Sandia;7.02;18.61;2.65;0.64;0.0;0.01;2019-01-01;Pre-covid;Pre-covid
2019;01;Pais vasco;Ciruelas;24.02;52.1;2.17;3.74;0.01;0.02;2019-01-01;Pre-covid;Pre-covid
2019;01;Pais vasco;Cerezas;10.2;29.33;2.88;0.9;0.0;0.01;2019-01-01;Pre-covid;Pre-covid
2019;01;Pais vasco;Uvas;241.33;726.75;3.01;21.93;0.11;0.34;2019-01-01;Pre-covid;Pre-covid
2019;01;Pais vasco;Kiwi;812.67;2356.31;2.9;47.8;0.38;1.11;2019-01-01;Pre-covid;Pre-covid
2019;01;Pais vasco;Aguacate;219.8;745.71;3.39;22.56;0.1;0.35;2019-01-01;Pre-covid;Pre-covid
2019;01;Pais vasco;Piña;664.77;1140.36;1.72;28.05;0.31;0.54;2019-01-01;Pre-covid;Pre-covid
2019;01;Pais vasco;Otras frutas frescas;589.32;1190.36;2.02;34.69;0.28;0.56;2019-01-01;Pre-covid;Pre-covid
2019;01;Pais vasco;Pomelo;99.45;140.68;1.41;3.88;0.05;0.07;2019-01-01;Pre-covid;Pre-covid
2019;01;Pais vasco;Chirimoya;0.0;0.0;0.0;0.0;0.0;0.0;2019-01-01;Pre-covid;Pre-covid
2019;01;Pais vasco;Mango;74.3;189.24;2.55;8.03;0.04;0.09;2019-01-01;Pre-covid;Pre-covid
2019;01;Pais vasco;Frutas iv gama;1158.27;1859.92;1.61;33.17;0.55;0.88;2019-01-01;Pre-covid;Pre-covid
2019;01;Valencia;Frutas frescas;30780.64;44274.41;1.44;95.59;6.34;9.12;2019-01-01;Pre-covid;Pre-covid
2019;01;Valencia;Naranjas;7092.18;5456.41;0.77;46.94;1.46;1.12;2019-01-01;Pre-covid;Pre-covid
2019;01;Valencia;Mandarinas;4325.87;4613.76;1.07;50.64;0.89;0.95;2019-01-01;Pre-covid;Pre-covid
2019;01;Valencia;Limones;775.23;985.33;1.27;27.88;0.16;0.2;2019-01-01;Pre-covid;Pre-covid
2019;01;Valencia;Platanos;5329.47;8403.39;1.58;81.43;1.1;1.73;2019-01-01;Pre-covid;Pre-covid
2019;01;Valencia;Manzanas;3957.83;5689.12;1.44;64.82;0.81;1.17;2019-01-01;Pre-covid;Pre-covid
2019;01;Valencia;Peras;2084.98;2852.95;1.37;48.58;0.43;0.59;2019-01-01;Pre-covid;Pre-covid
2019;01;Valencia;Melocotones;1.98;2.82;1.42;0.13;0.0;0.0;2019-01-01;Pre-covid;Pre-covid
2019;01;Valencia;Nectarinas;35.2;37.18;1.06;1.09;0.01;0.01;2019-01-01;Pre-covid;Pre-covid
2019;01;Valencia;Albaricoques;11.23;16.92;1.51;0.41;0.0;0.0;2019-01-01;Pre-covid;Pre-covid
2019;01;Valencia;Fresas/freson;796.84;3518.85;4.42;33.14;0.16;0.72;2019-01-01;Pre-covid;Pre-covid
2019;01;Valencia;Melon;1015.83;1114.75;1.1;7.9;0.21;0.23;2019-01-01;Pre-covid;Pre-covid
2019;01;Valencia;Sandia;237.76;232.76;0.98;2.15;0.05;0.05;2019-01-01;Pre-covid;Pre-covid
2019;01;Valencia;Ciruelas;40.7;111.8;2.75;2.41;0.01;0.02;2019-01-01;Pre-covid;Pre-covid
2019;01;Valencia;Cerezas;6.16;84.39;13.69;0.72;0.0;0.02;2019-01-01;Pre-covid;Pre-covid
2019;01;Valencia;Uvas;484.43;1364.65;2.82;19.58;0.1;0.28;2019-01-01;Pre-covid;Pre-covid
2019;01;Valencia;Kiwi;1034.43;2894.68;2.8;35.82;0.21;0.6;2019-01-01;Pre-covid;Pre-covid
2019;01;Valencia;Aguacate;543.12;1529.79;2.82;25.41;0.11;0.31;2019-01-01;Pre-covid;Pre-covid
2019;01;Valencia;Piña;996.79;1433.41;1.44;23.27;0.21;0.3;2019-01-01;Pre-covid;Pre-covid
2019;01;Valencia;Otras frutas frescas;2010.61;3931.47;1.96;45.13;0.41;0.81;2019-01-01;Pre-covid;Pre-covid
2019;01;Valencia;Pomelo;224.08;414.4;1.85;3.64;0.05;0.09;2019-01-01;Pre-covid;Pre-covid
2019;01;Valencia;Chirimoya;3.88;26.74;6.89;0.1;0.0;0.01;2019-01-01;Pre-covid;Pre-covid
2019;01;Valencia;Mango;235.44;477.97;2.03;8.19;0.05;0.1;2019-01-01;Pre-covid;Pre-covid
2019;01;Valencia;Frutas iv gama;1224.6;2242.48;1.83;27.92;0.25;0.46;2019-01-01;Pre-covid;Pre-covid
2019;02;Nacional;Patatas;99731.9;90350.52;0.91;77.57;2.16;1.96;2019-02-01;Pre-covid;Pre-covid
2019;02;Nacional;Patatas frescas;72061.93;60635.58;0.84;63.92;1.56;1.31;2019-02-01;Pre-covid;Pre-covid
2019;02;Nacional;Patatas congeladas;3612.25;4585.49;1.27;10.59;0.08;0.1;2019-02-01;Pre-covid;Pre-covid
2019;02;Nacional;Patatas procesadas;4811.54;25129.45;5.22;45.21;0.1;0.54;2019-02-01;Pre-covid;Pre-covid
2019;02;Nacional;Patatas fritas;3926.5;23876.17;6.08;43.05;0.09;0.52;2019-02-01;Pre-covid;Pre-covid
2019;02;Nacional;Hortalizas frescas;206595.31;388007.29;1.88;96.71;4.48;8.41;2019-02-01;Pre-covid;Pre-covid
2019;02;Nacional;Omates;38829.74;68021.54;1.75;76.72;0.84;1.47;2019-02-01;Pre-covid;Pre-covid
2019;02;Nacional;Cebollas;25914.54;31681.42;1.22;66.52;0.56;0.69;2019-02-01;Pre-covid;Pre-covid
2019;02;Nacional;Ajos;2443.16;10279.97;4.21;32.6;0.05;0.22;2019-02-01;Pre-covid;Pre-covid
2019;02;Nacional;Coles;6703.91;8264.81;1.23;21.07;0.15;0.18;2019-02-01;Pre-covid;Pre-covid
2019;02;Nacional;Pepinos;3820.55;6871.17;1.8;20.77;0.08;0.15;2019-02-01;Pre-covid;Pre-covid
2019;02;Nacional;Judias verdes;3905.98;16374.17;4.19;25.71;0.08;0.36;2019-02-01;Pre-covid;Pre-covid
2019;02;Nacional;Pimientos;15664.82;30100.44;1.92;62.6;0.34;0.65;2019-02-01;Pre-covid;Pre-covid
2019;02;Nacional;Champiñoneso setas;5342.55;20324.04;3.8;38.61;0.12;0.44;2019-02-01;Pre-covid;Pre-covid
2019;02;Nacional;Lechuga/esc /endivia;12740.95;36180.3;2.84;60.41;0.28;0.78;2019-02-01;Pre-covid;Pre-covid
2019;02;Nacional;Esparragos;2187.73;4756.96;2.17;8.43;0.05;0.1;2019-02-01;Pre-covid;Pre-covid
2019;02;Nacional;Verduras de hoja;5732.15;12900.86;2.25;26.88;0.12;0.28;2019-02-01;Pre-covid;Pre-covid
2019;02;Nacional;Berenjenas;4373.33;8046.83;1.84;26.63;0.09;0.17;2019-02-01;Pre-covid;Pre-covid
2019;02;Nacional;Zanahorias;12742.79;11388.19;0.89;55.18;0.28;0.25;2019-02-01;Pre-covid;Pre-covid
2019;02;Nacional;Calabacines;14846.31;23093.35;1.56;50.3;0.32;0.5;2019-02-01;Pre-covid;Pre-covid
2019;02;Nacional;Otr hortalizas/verd ;51346.8;99723.23;1.94;80.16;1.11;2.16;2019-02-01;Pre-covid;Pre-covid
2019;02;Nacional;Brocoli;6109.63;9192.84;1.5;25.03;0.13;0.2;2019-02-01;Pre-covid;Pre-covid
2019;02;Nacional;Alcachofas;11879.87;19629.89;1.65;31.71;0.26;0.43;2019-02-01;Pre-covid;Pre-covid
2019;02;Nacional;Apio;2076.1;3009.68;1.45;11.46;0.05;0.07;2019-02-01;Pre-covid;Pre-covid
2019;02;Nacional;Coliflor;3688.95;4438.23;1.2;13.35;0.08;0.1;2019-02-01;Pre-covid;Pre-covid
2019;02;Nacional;Verd /hort  iv gama;23466.33;63282.16;2.7;64.69;0.51;1.37;2019-02-01;Pre-covid;Pre-covid
2019;02;Nacional;Puerro;4302.28;11201.67;2.6;32.5;0.09;0.24;2019-02-01;Pre-covid;Pre-covid
2019;02;Andalucia;Patatas;19076.46;17259.18;0.9;80.85;2.2;1.99;2019-02-01;Pre-covid;Pre-covid
2019;02;Andalucia;Patatas frescas;12954.68;10542.27;0.81;64.01;1.49;1.21;2019-02-01;Pre-covid;Pre-covid
2019;02;Andalucia;Patatas congeladas;979.24;1177.57;1.2;15.62;0.11;0.14;2019-02-01;Pre-covid;Pre-covid
2019;02;Andalucia;Patatas procesadas;1028.51;5539.34;5.39;50.95;0.12;0.64;2019-02-01;Pre-covid;Pre-covid
2019;02;Andalucia;Patatas fritas;899.97;5360.71;5.96;49.49;0.1;0.62;2019-02-01;Pre-covid;Pre-covid
2019;02;Andalucia;Hortalizas frescas;32358.14;58054.24;1.79;96.44;3.73;6.69;2019-02-01;Pre-covid;Pre-covid
2019;02;Andalucia;Omates;6653.47;10227.79;1.54;75.2;0.77;1.18;2019-02-01;Pre-covid;Pre-covid
2019;02;Andalucia;Cebollas;4289.58;4927.67;1.15;67.37;0.49;0.57;2019-02-01;Pre-covid;Pre-covid
2019;02;Andalucia;Ajos;401.21;1529.91;3.81;32.3;0.05;0.18;2019-02-01;Pre-covid;Pre-covid
2019;02;Andalucia;Coles;664.51;835.78;1.26;13.19;0.08;0.1;2019-02-01;Pre-covid;Pre-covid
2019;02;Andalucia;Pepinos;634.76;1052.19;1.66;22.43;0.07;0.12;2019-02-01;Pre-covid;Pre-covid
2019;02;Andalucia;Judias verdes;514.67;2089.59;4.06;24.23;0.06;0.24;2019-02-01;Pre-covid;Pre-covid
2019;02;Andalucia;Pimientos;2408.43;4428.43;1.84;63.78;0.28;0.51;2019-02-01;Pre-covid;Pre-covid
2019;02;Andalucia;Champiñoneso setas;1009.73;3401.47;3.37;40.21;0.12;0.39;2019-02-01;Pre-covid;Pre-covid
2019;02;Andalucia;Lechuga/esc /endivia;2223.8;6243.7;2.81;63.57;0.26;0.72;2019-02-01;Pre-covid;Pre-covid
2019;02;Andalucia;Esparragos;152.05;468.14;3.08;6.1;0.02;0.05;2019-02-01;Pre-covid;Pre-covid
2019;02;Andalucia;Verduras de hoja;807.32;1830.51;2.27;24.52;0.09;0.21;2019-02-01;Pre-covid;Pre-covid
2019;02;Andalucia;Berenjenas;714.47;1209.59;1.69;29.09;0.08;0.14;2019-02-01;Pre-covid;Pre-covid
2019;02;Andalucia;Zanahorias;1969.66;1715.12;0.87;49.62;0.23;0.2;2019-02-01;Pre-covid;Pre-covid
2019;02;Andalucia;Calabacines;2333.76;3616.04;1.55;46.78;0.27;0.42;2019-02-01;Pre-covid;Pre-covid
2019;02;Andalucia;Otr hortalizas/verd ;7580.74;14478.29;1.91;77.61;0.87;1.67;2019-02-01;Pre-covid;Pre-covid
2019;02;Andalucia;Brocoli;920.8;1284.09;1.39;22.6;0.11;0.15;2019-02-01;Pre-covid;Pre-covid
2019;02;Andalucia;Alcachofas;1435.61;2345.57;1.63;30.77;0.17;0.27;2019-02-01;Pre-covid;Pre-covid
2019;02;Andalucia;Apio;368.15;579.1;1.57;13.06;0.04;0.07;2019-02-01;Pre-covid;Pre-covid
2019;02;Andalucia;Coliflor;695.59;826.43;1.19;16.48;0.08;0.1;2019-02-01;Pre-covid;Pre-covid
2019;02;Andalucia;Verd /hort  iv gama;4241.35;10417.91;2.46;66.31;0.49;1.2;2019-02-01;Pre-covid;Pre-covid
2019;02;Andalucia;Puerro;627.85;1628.78;2.59;30.35;0.07;0.19;2019-02-01;Pre-covid;Pre-covid
2019;02;Aragon;Patatas;2470.86;2185.16;0.88;77.74;1.89;1.67;2019-02-01;Pre-covid;Pre-covid
2019;02;Aragon;Patatas frescas;1840.64;1434.08;0.78;68.58;1.41;1.09;2019-02-01;Pre-covid;Pre-covid
2019;02;Aragon;Patatas congeladas;59.03;79.94;1.35;9.45;0.05;0.06;2019-02-01;Pre-covid;Pre-covid
2019;02;Aragon;Patatas procesadas;114.24;671.14;5.87;41.76;0.09;0.51;2019-02-01;Pre-covid;Pre-covid
2019;02;Aragon;Patatas fritas;104.59;662.32;6.33;40.24;0.08;0.51;2019-02-01;Pre-covid;Pre-covid
2019;02;Aragon;Hortalizas frescas;7866.45;14039.67;1.78;97.02;6.01;10.72;2019-02-01;Pre-covid;Pre-covid
2019;02;Aragon;Omates;1212.4;2164.17;1.79;79.9;0.93;1.65;2019-02-01;Pre-covid;Pre-covid
2019;02;Aragon;Cebollas;846.19;1024.49;1.21;67.69;0.65;0.78;2019-02-01;Pre-covid;Pre-covid
2019;02;Aragon;Ajos;44.25;187.3;4.23;20.66;0.03;0.14;2019-02-01;Pre-covid;Pre-covid
2019;02;Aragon;Coles;165.21;185.78;1.12;13.39;0.13;0.14;2019-02-01;Pre-covid;Pre-covid
2019;02;Aragon;Pepinos;189.89;329.05;1.73;23.95;0.14;0.25;2019-02-01;Pre-covid;Pre-covid
2019;02;Aragon;Judias verdes;167.09;624.44;3.74;31.89;0.13;0.48;2019-02-01;Pre-covid;Pre-covid
2019;02;Aragon;Pimientos;380.44;717.35;1.89;56.45;0.29;0.55;2019-02-01;Pre-covid;Pre-covid
2019;02;Aragon;Champiñoneso setas;197.64;698.31;3.53;46.84;0.15;0.53;2019-02-01;Pre-covid;Pre-covid
2019;02;Aragon;Lechuga/esc /endivia;718.36;1888.6;2.63;68.87;0.55;1.44;2019-02-01;Pre-covid;Pre-covid
2019;02;Aragon;Esparragos;125.26;292.12;2.33;15.3;0.1;0.22;2019-02-01;Pre-covid;Pre-covid
2019;02;Aragon;Verduras de hoja;516.39;871.66;1.69;30.72;0.39;0.67;2019-02-01;Pre-covid;Pre-covid
2019;02;Aragon;Berenjenas;75.3;153.42;2.04;20.61;0.06;0.12;2019-02-01;Pre-covid;Pre-covid
2019;02;Aragon;Zanahorias;321.51;273.19;0.85;49.99;0.25;0.21;2019-02-01;Pre-covid;Pre-covid
2019;02;Aragon;Calabacines;455.86;735.04;1.61;57.14;0.35;0.56;2019-02-01;Pre-covid;Pre-covid
2019;02;Aragon;Otr hortalizas/verd ;2450.64;3894.75;1.59;86.12;1.87;2.97;2019-02-01;Pre-covid;Pre-covid
2019;02;Aragon;Brocoli;378.46;345.97;0.91;23.0;0.29;0.26;2019-02-01;Pre-covid;Pre-covid
2019;02;Aragon;Alcachofas;446.39;672.74;1.51;39.0;0.34;0.51;2019-02-01;Pre-covid;Pre-covid
2019;02;Aragon;Apio;197.2;220.86;1.12;11.24;0.15;0.17;2019-02-01;Pre-covid;Pre-covid
2019;02;Aragon;Coliflor;62.06;74.62;1.2;7.29;0.05;0.06;2019-02-01;Pre-covid;Pre-covid
2019;02;Aragon;Verd /hort  iv gama;916.37;2065.47;2.25;66.69;0.7;1.58;2019-02-01;Pre-covid;Pre-covid
2019;02;Aragon;Puerro;145.88;359.74;2.47;31.34;0.11;0.27;2019-02-01;Pre-covid;Pre-covid
2019;02;Asturias;Patatas;2334.41;1956.29;0.84;68.71;2.17;1.82;2019-02-01;Pre-covid;Pre-covid
2019;02;Asturias;Patatas frescas;1819.23;1474.6;0.81;58.27;1.69;1.37;2019-02-01;Pre-covid;Pre-covid
2019;02;Asturias;Patatas congeladas;77.02;105.96;1.38;7.37;0.07;0.1;2019-02-01;Pre-covid;Pre-covid
2019;02;Asturias;Patatas procesadas;87.63;375.72;4.29;31.0;0.08;0.35;2019-02-01;Pre-covid;Pre-covid
2019;02;Asturias;Patatas fritas;54.94;333.18;6.06;27.11;0.05;0.31;2019-02-01;Pre-covid;Pre-covid
2019;02;Asturias;Hortalizas frescas;3742.42;7423.42;1.98;95.3;3.48;6.91;2019-02-01;Pre-covid;Pre-covid
2019;02;Asturias;Omates;655.16;1225.99;1.87;65.79;0.61;1.14;2019-02-01;Pre-covid;Pre-covid
2019;02;Asturias;Cebollas;650.76;806.31;1.24;68.46;0.61;0.75;2019-02-01;Pre-covid;Pre-covid
2019;02;Asturias;Ajos;65.18;289.24;4.44;44.81;0.06;0.27;2019-02-01;Pre-covid;Pre-covid
2019;02;Asturias;Coles;138.19;374.97;2.71;27.53;0.13;0.35;2019-02-01;Pre-covid;Pre-covid
2019;02;Asturias;Pepinos;40.14;75.57;1.88;9.23;0.04;0.07;2019-02-01;Pre-covid;Pre-covid
2019;02;Asturias;Judias verdes;67.91;273.84;4.03;20.23;0.06;0.25;2019-02-01;Pre-covid;Pre-covid
2019;02;Asturias;Pimientos;368.93;722.96;1.96;60.16;0.34;0.67;2019-02-01;Pre-covid;Pre-covid
2019;02;Asturias;Champiñoneso setas;87.23;361.37;4.14;28.29;0.08;0.34;2019-02-01;Pre-covid;Pre-covid
2019;02;Asturias;Lechuga/esc /endivia;216.59;606.66;2.8;53.29;0.2;0.56;2019-02-01;Pre-covid;Pre-covid
2019;02;Asturias;Esparragos;8.97;61.13;6.81;5.03;0.01;0.06;2019-02-01;Pre-covid;Pre-covid
2019;02;Asturias;Verduras de hoja;45.6;117.03;2.57;16.06;0.04;0.11;2019-02-01;Pre-covid;Pre-covid
2019;02;Asturias;Berenjenas;82.2;145.53;1.77;25.23;0.08;0.14;2019-02-01;Pre-covid;Pre-covid
2019;02;Asturias;Zanahorias;256.4;233.73;0.91;59.79;0.24;0.22;2019-02-01;Pre-covid;Pre-covid
2019;02;Asturias;Calabacines;296.85;463.74;1.56;37.8;0.28;0.43;2019-02-01;Pre-covid;Pre-covid
2019;02;Asturias;Otr hortalizas/verd ;762.33;1665.35;2.18;70.33;0.71;1.55;2019-02-01;Pre-covid;Pre-covid
2019;02;Asturias;Brocoli;77.24;135.1;1.75;22.01;0.07;0.13;2019-02-01;Pre-covid;Pre-covid
2019;02;Asturias;Alcachofas;89.74;163.88;1.83;15.33;0.08;0.15;2019-02-01;Pre-covid;Pre-covid
2019;02;Asturias;Apio;19.21;28.64;1.49;4.63;0.02;0.03;2019-02-01;Pre-covid;Pre-covid
2019;02;Asturias;Coliflor;46.82;57.4;1.23;6.11;0.04;0.05;2019-02-01;Pre-covid;Pre-covid
2019;02;Asturias;Verd /hort  iv gama;416.07;1218.35;2.93;60.73;0.39;1.13;2019-02-01;Pre-covid;Pre-covid
2019;02;Asturias;Puerro;87.6;274.95;3.14;33.42;0.08;0.26;2019-02-01;Pre-covid;Pre-covid
2019;02;Baleares;Patatas;2503.89;2325.05;0.93;81.07;2.37;2.2;2019-02-01;Pre-covid;Pre-covid
2019;02;Baleares;Patatas frescas;1786.56;1622.05;0.91;69.1;1.69;1.54;2019-02-01;Pre-covid;Pre-covid
2019;02;Baleares;Patatas congeladas;73.86;114.23;1.55;11.97;0.07;0.11;2019-02-01;Pre-covid;Pre-covid
2019;02;Baleares;Patatas procesadas;128.69;588.77;4.57;50.98;0.12;0.56;2019-02-01;Pre-covid;Pre-covid
2019;02;Baleares;Patatas fritas;95.63;559.53;5.85;46.51;0.09;0.53;2019-02-01;Pre-covid;Pre-covid
2019;02;Baleares;Hortalizas frescas;5920.27;12135.66;2.05;98.25;5.61;11.5;2019-02-01;Pre-covid;Pre-covid
2019;02;Baleares;Omates;1001.71;1919.4;1.92;89.13;0.95;1.82;2019-02-01;Pre-covid;Pre-covid
2019;02;Baleares;Cebollas;770.02;1100.76;1.43;69.15;0.73;1.04;2019-02-01;Pre-covid;Pre-covid
2019;02;Baleares;Ajos;37.88;190.0;5.02;26.32;0.04;0.18;2019-02-01;Pre-covid;Pre-covid
2019;02;Baleares;Coles;220.4;297.35;1.35;23.91;0.21;0.28;2019-02-01;Pre-covid;Pre-covid
2019;02;Baleares;Pepinos;88.37;168.45;1.91;24.37;0.08;0.16;2019-02-01;Pre-covid;Pre-covid
2019;02;Baleares;Judias verdes;98.63;484.58;4.91;34.08;0.09;0.46;2019-02-01;Pre-covid;Pre-covid
2019;02;Baleares;Pimientos;457.18;964.11;2.11;77.79;0.43;0.91;2019-02-01;Pre-covid;Pre-covid
2019;02;Baleares;Champiñoneso setas;192.71;791.82;4.11;49.03;0.18;0.75;2019-02-01;Pre-covid;Pre-covid
2019;02;Baleares;Lechuga/esc /endivia;380.06;1108.66;2.92;64.2;0.36;1.05;2019-02-01;Pre-covid;Pre-covid
2019;02;Baleares;Esparragos;11.77;73.39;6.23;8.0;0.01;0.07;2019-02-01;Pre-covid;Pre-covid
2019;02;Baleares;Verduras de hoja;163.64;416.86;2.55;34.79;0.16;0.4;2019-02-01;Pre-covid;Pre-covid
2019;02;Baleares;Berenjenas;143.25;264.65;1.85;32.87;0.14;0.25;2019-02-01;Pre-covid;Pre-covid
2019;02;Baleares;Zanahorias;423.04;406.78;0.96;64.9;0.4;0.39;2019-02-01;Pre-covid;Pre-covid
2019;02;Baleares;Calabacines;387.29;705.8;1.82;55.12;0.37;0.67;2019-02-01;Pre-covid;Pre-covid
2019;02;Baleares;Otr hortalizas/verd ;1544.32;3243.06;2.1;89.48;1.46;3.07;2019-02-01;Pre-covid;Pre-covid
2019;02;Baleares;Brocoli;216.24;377.79;1.75;34.82;0.2;0.36;2019-02-01;Pre-covid;Pre-covid
2019;02;Baleares;Alcachofas;291.19;527.4;1.81;40.21;0.28;0.5;2019-02-01;Pre-covid;Pre-covid
2019;02;Baleares;Apio;88.94;138.96;1.56;16.32;0.08;0.13;2019-02-01;Pre-covid;Pre-covid
2019;02;Baleares;Coliflor;201.06;230.39;1.15;24.85;0.19;0.22;2019-02-01;Pre-covid;Pre-covid
2019;02;Baleares;Verd /hort  iv gama;698.42;2237.48;3.2;72.63;0.66;2.12;2019-02-01;Pre-covid;Pre-covid
2019;02;Baleares;Puerro;157.1;404.34;2.57;34.55;0.15;0.38;2019-02-01;Pre-covid;Pre-covid
2019;02;Canarias;Patatas;4530.94;4585.41;1.01;72.48;2.05;2.08;2019-02-01;Pre-covid;Pre-covid
2019;02;Canarias;Patatas frescas;3350.4;3521.61;1.05;58.96;1.52;1.59;2019-02-01;Pre-covid;Pre-covid
2019;02;Canarias;Patatas congeladas;362.27;365.89;1.01;10.62;0.16;0.17;2019-02-01;Pre-covid;Pre-covid
2019;02;Canarias;Patatas procesadas;163.65;697.91;4.26;36.53;0.07;0.32;2019-02-01;Pre-covid;Pre-covid
2019;02;Canarias;Patatas fritas;121.37;653.94;5.39;33.84;0.05;0.3;2019-02-01;Pre-covid;Pre-covid
2019;02;Canarias;Hortalizas frescas;8855.84;16231.12;1.83;95.5;4.01;7.35;2019-02-01;Pre-covid;Pre-covid
2019;02;Canarias;Omates;1700.8;2598.08;1.53;72.43;0.77;1.18;2019-02-01;Pre-covid;Pre-covid
2019;02;Canarias;Cebollas;1142.04;1373.89;1.2;65.29;0.52;0.62;2019-02-01;Pre-covid;Pre-covid
2019;02;Canarias;Ajos;71.93;295.25;4.1;29.15;0.03;0.13;2019-02-01;Pre-covid;Pre-covid
2019;02;Canarias;Coles;182.87;241.16;1.32;18.22;0.08;0.11;2019-02-01;Pre-covid;Pre-covid
2019;02;Canarias;Pepinos;146.01;239.01;1.64;22.68;0.07;0.11;2019-02-01;Pre-covid;Pre-covid
2019;02;Canarias;Judias verdes;231.6;632.57;2.73;18.83;0.1;0.29;2019-02-01;Pre-covid;Pre-covid
2019;02;Canarias;Pimientos;943.89;1671.63;1.77;72.52;0.43;0.76;2019-02-01;Pre-covid;Pre-covid
2019;02;Canarias;Champiñoneso setas;139.28;674.67;4.84;34.82;0.06;0.31;2019-02-01;Pre-covid;Pre-covid
2019;02;Canarias;Lechuga/esc /endivia;298.75;1104.91;3.7;41.32;0.14;0.5;2019-02-01;Pre-covid;Pre-covid
2019;02;Canarias;Esparragos;7.47;49.32;6.6;1.89;0.0;0.02;2019-02-01;Pre-covid;Pre-covid
2019;02;Canarias;Verduras de hoja;121.85;352.37;2.89;19.46;0.06;0.16;2019-02-01;Pre-covid;Pre-covid
2019;02;Canarias;Berenjenas;45.56;109.98;2.41;11.05;0.02;0.05;2019-02-01;Pre-covid;Pre-covid
2019;02;Canarias;Zanahorias;796.78;785.41;0.99;71.01;0.36;0.36;2019-02-01;Pre-covid;Pre-covid
2019;02;Canarias;Calabacines;1291.33;1730.49;1.34;70.34;0.58;0.78;2019-02-01;Pre-covid;Pre-covid
2019;02;Canarias;Otr hortalizas/verd ;1735.67;4372.37;2.52;77.76;0.79;1.98;2019-02-01;Pre-covid;Pre-covid
2019;02;Canarias;Brocoli;50.8;122.78;2.42;8.22;0.02;0.06;2019-02-01;Pre-covid;Pre-covid
2019;02;Canarias;Alcachofas;24.5;56.31;2.3;2.73;0.01;0.03;2019-02-01;Pre-covid;Pre-covid
2019;02;Canarias;Apio;56.03;86.12;1.54;7.95;0.03;0.04;2019-02-01;Pre-covid;Pre-covid
2019;02;Canarias;Coliflor;111.73;206.75;1.85;12.58;0.05;0.09;2019-02-01;Pre-covid;Pre-covid
2019;02;Canarias;Verd /hort  iv gama;1271.27;3162.21;2.49;56.04;0.58;1.43;2019-02-01;Pre-covid;Pre-covid
2019;02;Canarias;Puerro;159.21;414.92;2.61;28.31;0.07;0.19;2019-02-01;Pre-covid;Pre-covid
2019;02;Cantabria;Patatas;1855.89;1430.92;0.77;73.61;3.29;2.54;2019-02-01;Pre-covid;Pre-covid
2019;02;Cantabria;Patatas frescas;1536.05;1140.2;0.74;65.52;2.73;2.02;2019-02-01;Pre-covid;Pre-covid
2019;02;Cantabria;Patatas congeladas;84.65;101.71;1.2;11.51;0.15;0.18;2019-02-01;Pre-covid;Pre-covid
2019;02;Cantabria;Patatas procesadas;47.04;189.01;4.02;34.54;0.08;0.34;2019-02-01;Pre-covid;Pre-covid
2019;02;Cantabria;Patatas fritas;23.54;154.72;6.57;28.52;0.04;0.27;2019-02-01;Pre-covid;Pre-covid
2019;02;Cantabria;Hortalizas frescas;2023.42;3627.9;1.79;96.74;3.59;6.44;2019-02-01;Pre-covid;Pre-covid
2019;02;Cantabria;Omates;334.76;635.64;1.9;73.32;0.59;1.13;2019-02-01;Pre-covid;Pre-covid
2019;02;Cantabria;Cebollas;313.84;342.42;1.09;64.51;0.56;0.61;2019-02-01;Pre-covid;Pre-covid
2019;02;Cantabria;Ajos;20.61;102.64;4.98;20.11;0.04;0.18;2019-02-01;Pre-covid;Pre-covid
2019;02;Cantabria;Coles;108.01;83.19;0.77;18.07;0.19;0.15;2019-02-01;Pre-covid;Pre-covid
2019;02;Cantabria;Pepinos;39.58;71.17;1.8;19.66;0.07;0.13;2019-02-01;Pre-covid;Pre-covid
2019;02;Cantabria;Judias verdes;29.36;68.31;2.33;13.12;0.05;0.12;2019-02-01;Pre-covid;Pre-covid
2019;02;Cantabria;Pimientos;241.45;484.91;2.01;61.86;0.43;0.86;2019-02-01;Pre-covid;Pre-covid
2019;02;Cantabria;Champiñoneso setas;50.91;221.15;4.34;40.4;0.09;0.39;2019-02-01;Pre-covid;Pre-covid
2019;02;Cantabria;Lechuga/esc /endivia;81.12;256.24;3.16;45.24;0.14;0.45;2019-02-01;Pre-covid;Pre-covid
2019;02;Cantabria;Esparragos;8.96;33.32;3.72;6.15;0.02;0.06;2019-02-01;Pre-covid;Pre-covid
2019;02;Cantabria;Verduras de hoja;38.24;85.04;2.22;14.02;0.07;0.15;2019-02-01;Pre-covid;Pre-covid
2019;02;Cantabria;Berenjenas;20.91;37.46;1.79;13.41;0.04;0.07;2019-02-01;Pre-covid;Pre-covid
2019;02;Cantabria;Zanahorias;166.74;148.35;0.89;50.84;0.3;0.26;2019-02-01;Pre-covid;Pre-covid
2019;02;Cantabria;Calabacines;149.08;229.15;1.54;55.81;0.26;0.41;2019-02-01;Pre-covid;Pre-covid
2019;02;Cantabria;Otr hortalizas/verd ;419.85;828.9;1.97;73.93;0.75;1.47;2019-02-01;Pre-covid;Pre-covid
2019;02;Cantabria;Brocoli;68.61;123.69;1.8;25.4;0.12;0.22;2019-02-01;Pre-covid;Pre-covid
2019;02;Cantabria;Alcachofas;42.6;54.64;1.28;19.81;0.08;0.1;2019-02-01;Pre-covid;Pre-covid
2019;02;Cantabria;Apio;17.65;23.93;1.36;5.5;0.03;0.04;2019-02-01;Pre-covid;Pre-covid
2019;02;Cantabria;Coliflor;21.52;26.56;1.23;5.44;0.04;0.05;2019-02-01;Pre-covid;Pre-covid
2019;02;Cantabria;Verd /hort  iv gama;163.81;460.03;2.81;49.08;0.29;0.82;2019-02-01;Pre-covid;Pre-covid
2019;02;Cantabria;Puerro;59.3;188.2;3.17;35.04;0.11;0.33;2019-02-01;Pre-covid;Pre-covid
2019;02;Castilla la mancha;Patatas;4303.84;3486.15;0.81;81.1;2.05;1.66;2019-02-01;Pre-covid;Pre-covid
2019;02;Castilla la mancha;Patatas frescas;3093.75;2296.14;0.74;62.56;1.48;1.1;2019-02-01;Pre-covid;Pre-covid
2019;02;Castilla la mancha;Patatas congeladas;187.02;220.47;1.18;16.65;0.09;0.11;2019-02-01;Pre-covid;Pre-covid
2019;02;Castilla la mancha;Patatas procesadas;204.61;969.54;4.74;51.26;0.1;0.46;2019-02-01;Pre-covid;Pre-covid
2019;02;Castilla la mancha;Patatas fritas;164.81;915.91;5.56;48.18;0.08;0.44;2019-02-01;Pre-covid;Pre-covid
2019;02;Castilla la mancha;Hortalizas frescas;7414.66;14266.96;1.92;95.5;3.54;6.81;2019-02-01;Pre-covid;Pre-covid
2019;02;Castilla la mancha;Omates;1699.99;2876.97;1.69;75.62;0.81;1.37;2019-02-01;Pre-covid;Pre-covid
2019;02;Castilla la mancha;Cebollas;781.24;871.43;1.12;59.71;0.37;0.42;2019-02-01;Pre-covid;Pre-covid
2019;02;Castilla la mancha;Ajos;85.87;326.57;3.8;28.06;0.04;0.16;2019-02-01;Pre-covid;Pre-covid
2019;02;Castilla la mancha;Coles;166.44;210.83;1.27;19.37;0.08;0.1;2019-02-01;Pre-covid;Pre-covid
2019;02;Castilla la mancha;Pepinos;179.66;345.22;1.92;18.19;0.09;0.16;2019-02-01;Pre-covid;Pre-covid
2019;02;Castilla la mancha;Judias verdes;162.34;639.47;3.94;22.92;0.08;0.31;2019-02-01;Pre-covid;Pre-covid
2019;02;Castilla la mancha;Pimientos;641.83;1227.58;1.91;59.42;0.31;0.59;2019-02-01;Pre-covid;Pre-covid
2019;02;Castilla la mancha;Champiñoneso setas;221.62;922.06;4.16;38.92;0.11;0.44;2019-02-01;Pre-covid;Pre-covid
2019;02;Castilla la mancha;Lechuga/esc /endivia;431.08;1226.15;2.84;57.96;0.21;0.59;2019-02-01;Pre-covid;Pre-covid
2019;02;Castilla la mancha;Esparragos;111.95;323.71;2.89;13.31;0.05;0.15;2019-02-01;Pre-covid;Pre-covid
2019;02;Castilla la mancha;Verduras de hoja;194.6;449.59;2.31;23.5;0.09;0.21;2019-02-01;Pre-covid;Pre-covid
2019;02;Castilla la mancha;Berenjenas;174.09;490.19;2.82;21.49;0.08;0.23;2019-02-01;Pre-covid;Pre-covid
2019;02;Castilla la mancha;Zanahorias;482.69;409.38;0.85;48.6;0.23;0.2;2019-02-01;Pre-covid;Pre-covid
2019;02;Castilla la mancha;Calabacines;607.37;901.39;1.48;47.62;0.29;0.43;2019-02-01;Pre-covid;Pre-covid
2019;02;Castilla la mancha;Otr hortalizas/verd ;1473.88;3046.43;2.07;76.82;0.7;1.45;2019-02-01;Pre-covid;Pre-covid
2019;02;Castilla la mancha;Brocoli;250.23;546.13;2.18;21.31;0.12;0.26;2019-02-01;Pre-covid;Pre-covid
2019;02;Castilla la mancha;Alcachofas;231.93;394.9;1.7;26.42;0.11;0.19;2019-02-01;Pre-covid;Pre-covid
2019;02;Castilla la mancha;Apio;24.59;44.22;1.8;6.1;0.01;0.02;2019-02-01;Pre-covid;Pre-covid
2019;02;Castilla la mancha;Coliflor;138.33;165.78;1.2;10.0;0.07;0.08;2019-02-01;Pre-covid;Pre-covid
2019;02;Castilla la mancha;Verd /hort  iv gama;932.17;2479.09;2.66;63.1;0.44;1.18;2019-02-01;Pre-covid;Pre-covid
2019;02;Castilla la mancha;Puerro;111.8;308.35;2.76;23.29;0.05;0.15;2019-02-01;Pre-covid;Pre-covid
2019;02;Castilla leon;Patatas;4228.05;3606.01;0.85;63.7;1.76;1.5;2019-02-01;Pre-covid;Pre-covid
2019;02;Castilla leon;Patatas frescas;3268.85;2590.48;0.79;47.45;1.36;1.08;2019-02-01;Pre-covid;Pre-covid
2019;02;Castilla leon;Patatas congeladas;91.73;118.6;1.29;6.27;0.04;0.05;2019-02-01;Pre-covid;Pre-covid
2019;02;Castilla leon;Patatas procesadas;173.49;896.93;5.17;34.38;0.07;0.37;2019-02-01;Pre-covid;Pre-covid
2019;02;Castilla leon;Patatas fritas;136.88;838.65;6.13;32.08;0.06;0.35;2019-02-01;Pre-covid;Pre-covid
2019;02;Castilla leon;Hortalizas frescas;9413.63;17436.68;1.85;95.42;3.92;7.25;2019-02-01;Pre-covid;Pre-covid
2019;02;Castilla leon;Omates;1627.08;2842.64;1.75;67.72;0.68;1.18;2019-02-01;Pre-covid;Pre-covid
2019;02;Castilla leon;Cebollas;1101.48;1288.33;1.17;57.14;0.46;0.54;2019-02-01;Pre-covid;Pre-covid
2019;02;Castilla leon;Ajos;114.67;456.52;3.98;30.03;0.05;0.19;2019-02-01;Pre-covid;Pre-covid
2019;02;Castilla leon;Coles;446.76;545.65;1.22;24.72;0.19;0.23;2019-02-01;Pre-covid;Pre-covid
2019;02;Castilla leon;Pepinos;194.92;367.61;1.89;18.3;0.08;0.15;2019-02-01;Pre-covid;Pre-covid
2019;02;Castilla leon;Judias verdes;155.04;637.91;4.11;22.5;0.06;0.27;2019-02-01;Pre-covid;Pre-covid
2019;02;Castilla leon;Pimientos;926.49;1814.46;1.96;64.25;0.39;0.75;2019-02-01;Pre-covid;Pre-covid
2019;02;Castilla leon;Champiñoneso setas;247.5;884.56;3.57;34.59;0.1;0.37;2019-02-01;Pre-covid;Pre-covid
2019;02;Castilla leon;Lechuga/esc /endivia;736.43;1901.56;2.58;61.69;0.31;0.79;2019-02-01;Pre-covid;Pre-covid
2019;02;Castilla leon;Esparragos;21.63;97.92;4.53;3.41;0.01;0.04;2019-02-01;Pre-covid;Pre-covid
2019;02;Castilla leon;Verduras de hoja;195.31;538.89;2.76;20.41;0.08;0.22;2019-02-01;Pre-covid;Pre-covid
2019;02;Castilla leon;Berenjenas;166.78;310.92;1.86;20.77;0.07;0.13;2019-02-01;Pre-covid;Pre-covid
2019;02;Castilla leon;Zanahorias;740.15;601.1;0.81;52.29;0.31;0.25;2019-02-01;Pre-covid;Pre-covid
2019;02;Castilla leon;Calabacines;623.65;1008.97;1.62;35.34;0.26;0.42;2019-02-01;Pre-covid;Pre-covid
2019;02;Castilla leon;Otr hortalizas/verd ;2115.75;4139.65;1.96;69.31;0.88;1.72;2019-02-01;Pre-covid;Pre-covid
2019;02;Castilla leon;Brocoli;243.0;401.13;1.65;24.39;0.1;0.17;2019-02-01;Pre-covid;Pre-covid
2019;02;Castilla leon;Alcachofas;407.56;664.87;1.63;21.97;0.17;0.28;2019-02-01;Pre-covid;Pre-covid
2019;02;Castilla leon;Apio;78.1;127.87;1.64;10.75;0.03;0.05;2019-02-01;Pre-covid;Pre-covid
2019;02;Castilla leon;Coliflor;269.92;300.06;1.11;17.56;0.11;0.12;2019-02-01;Pre-covid;Pre-covid
2019;02;Castilla leon;Verd /hort  iv gama;921.59;2755.82;2.99;58.19;0.38;1.15;2019-02-01;Pre-covid;Pre-covid
2019;02;Castilla leon;Puerro;284.75;762.08;2.68;27.79;0.12;0.32;2019-02-01;Pre-covid;Pre-covid
2019;02;Cataluña;Patatas;17362.54;16817.06;0.97;84.6;2.43;2.35;2019-02-01;Pre-covid;Pre-covid
2019;02;Cataluña;Patatas frescas;12319.48;10915.15;0.89;71.48;1.72;1.52;2019-02-01;Pre-covid;Pre-covid
2019;02;Cataluña;Patatas congeladas;446.2;632.83;1.42;9.24;0.06;0.09;2019-02-01;Pre-covid;Pre-covid
2019;02;Cataluña;Patatas procesadas;919.37;5269.08;5.73;52.18;0.13;0.74;2019-02-01;Pre-covid;Pre-covid
2019;02;Cataluña;Patatas fritas;760.5;5000.01;6.57;50.61;0.11;0.7;2019-02-01;Pre-covid;Pre-covid
2019;02;Cataluña;Hortalizas frescas;40683.69;78776.19;1.94;98.43;5.68;11.01;2019-02-01;Pre-covid;Pre-covid
2019;02;Cataluña;Omates;7464.32;14185.03;1.9;82.77;1.04;1.98;2019-02-01;Pre-covid;Pre-covid
2019;02;Cataluña;Cebollas;4867.91;6316.86;1.3;72.87;0.68;0.88;2019-02-01;Pre-covid;Pre-covid
2019;02;Cataluña;Ajos;509.21;2278.27;4.47;35.8;0.07;0.32;2019-02-01;Pre-covid;Pre-covid
2019;02;Cataluña;Coles;1268.16;1589.38;1.25;26.16;0.18;0.22;2019-02-01;Pre-covid;Pre-covid
2019;02;Cataluña;Pepinos;672.31;1233.45;1.83;23.49;0.09;0.17;2019-02-01;Pre-covid;Pre-covid
2019;02;Cataluña;Judias verdes;895.36;4403.41;4.92;34.26;0.13;0.62;2019-02-01;Pre-covid;Pre-covid
2019;02;Cataluña;Pimientos;2799.65;5642.82;2.02;62.58;0.39;0.79;2019-02-01;Pre-covid;Pre-covid
2019;02;Cataluña;Champiñoneso setas;844.24;3044.83;3.61;35.59;0.12;0.43;2019-02-01;Pre-covid;Pre-covid
2019;02;Cataluña;Lechuga/esc /endivia;2585.57;7501.09;2.9;68.8;0.36;1.05;2019-02-01;Pre-covid;Pre-covid
2019;02;Cataluña;Esparragos;900.41;1191.6;1.32;11.6;0.13;0.17;2019-02-01;Pre-covid;Pre-covid
2019;02;Cataluña;Verduras de hoja;1135.02;2518.01;2.22;31.54;0.16;0.35;2019-02-01;Pre-covid;Pre-covid
2019;02;Cataluña;Berenjenas;1070.46;1970.72;1.84;35.31;0.15;0.28;2019-02-01;Pre-covid;Pre-covid
2019;02;Cataluña;Zanahorias;2013.88;2029.42;1.01;57.39;0.28;0.28;2019-02-01;Pre-covid;Pre-covid
2019;02;Cataluña;Calabacines;2583.88;4100.19;1.59;53.04;0.36;0.57;2019-02-01;Pre-covid;Pre-covid
2019;02;Cataluña;Otr hortalizas/verd ;11073.3;20771.12;1.88;85.33;1.55;2.9;2019-02-01;Pre-covid;Pre-covid
2019;02;Cataluña;Brocoli;1228.9;1771.39;1.44;29.12;0.17;0.25;2019-02-01;Pre-covid;Pre-covid
2019;02;Cataluña;Alcachofas;3632.97;6338.89;1.74;51.22;0.51;0.89;2019-02-01;Pre-covid;Pre-covid
2019;02;Cataluña;Apio;542.54;721.72;1.33;15.96;0.08;0.1;2019-02-01;Pre-covid;Pre-covid
2019;02;Cataluña;Coliflor;536.41;636.76;1.19;11.77;0.07;0.09;2019-02-01;Pre-covid;Pre-covid
2019;02;Cataluña;Verd /hort  iv gama;4570.56;12037.26;2.63;69.87;0.64;1.68;2019-02-01;Pre-covid;Pre-covid
2019;02;Cataluña;Puerro;690.61;1572.23;2.28;30.12;0.1;0.22;2019-02-01;Pre-covid;Pre-covid
2019;02;Extremadura;Patatas;2373.99;2024.93;0.85;76.1;2.02;1.72;2019-02-01;Pre-covid;Pre-covid
2019;02;Extremadura;Patatas frescas;1782.78;1383.46;0.78;59.36;1.51;1.18;2019-02-01;Pre-covid;Pre-covid
2019;02;Extremadura;Patatas congeladas;86.5;98.47;1.14;11.23;0.07;0.08;2019-02-01;Pre-covid;Pre-covid
2019;02;Extremadura;Patatas procesadas;100.94;543.0;5.38;51.89;0.09;0.46;2019-02-01;Pre-covid;Pre-covid
2019;02;Extremadura;Patatas fritas;97.73;538.42;5.51;51.37;0.08;0.46;2019-02-01;Pre-covid;Pre-covid
2019;02;Extremadura;Hortalizas frescas;4809.85;8660.01;1.8;96.06;4.09;7.36;2019-02-01;Pre-covid;Pre-covid
2019;02;Extremadura;Omates;1027.6;1710.01;1.66;79.44;0.87;1.45;2019-02-01;Pre-covid;Pre-covid
2019;02;Extremadura;Cebollas;895.03;1018.6;1.14;74.07;0.76;0.87;2019-02-01;Pre-covid;Pre-covid
2019;02;Extremadura;Ajos;177.87;708.26;3.98;44.19;0.15;0.6;2019-02-01;Pre-covid;Pre-covid
2019;02;Extremadura;Coles;114.0;123.46;1.08;13.17;0.1;0.1;2019-02-01;Pre-covid;Pre-covid
2019;02;Extremadura;Pepinos;111.51;182.18;1.63;18.76;0.09;0.15;2019-02-01;Pre-covid;Pre-covid
2019;02;Extremadura;Judias verdes;79.41;313.08;3.94;18.02;0.07;0.27;2019-02-01;Pre-covid;Pre-covid
2019;02;Extremadura;Pimientos;292.19;518.69;1.78;53.5;0.25;0.44;2019-02-01;Pre-covid;Pre-covid
2019;02;Extremadura;Champiñoneso setas;69.79;295.87;4.24;25.32;0.06;0.25;2019-02-01;Pre-covid;Pre-covid
2019;02;Extremadura;Lechuga/esc /endivia;283.76;795.21;2.8;59.33;0.24;0.68;2019-02-01;Pre-covid;Pre-covid
2019;02;Extremadura;Esparragos;27.37;60.66;2.22;7.11;0.02;0.05;2019-02-01;Pre-covid;Pre-covid
2019;02;Extremadura;Verduras de hoja;118.98;255.01;2.14;21.39;0.1;0.22;2019-02-01;Pre-covid;Pre-covid
2019;02;Extremadura;Berenjenas;97.76;161.33;1.65;23.41;0.08;0.14;2019-02-01;Pre-covid;Pre-covid
2019;02;Extremadura;Zanahorias;317.57;265.62;0.84;48.19;0.27;0.23;2019-02-01;Pre-covid;Pre-covid
2019;02;Extremadura;Calabacines;306.19;484.33;1.58;48.95;0.26;0.41;2019-02-01;Pre-covid;Pre-covid
2019;02;Extremadura;Otr hortalizas/verd ;890.82;1767.71;1.98;71.84;0.76;1.5;2019-02-01;Pre-covid;Pre-covid
2019;02;Extremadura;Brocoli;100.64;167.19;1.66;19.96;0.09;0.14;2019-02-01;Pre-covid;Pre-covid
2019;02;Extremadura;Alcachofas;240.84;367.73;1.53;20.69;0.2;0.31;2019-02-01;Pre-covid;Pre-covid
2019;02;Extremadura;Apio;16.71;28.07;1.68;5.6;0.01;0.02;2019-02-01;Pre-covid;Pre-covid
2019;02;Extremadura;Coliflor;63.65;91.95;1.44;16.43;0.05;0.08;2019-02-01;Pre-covid;Pre-covid
2019;02;Extremadura;Verd /hort  iv gama;432.9;1161.33;2.68;62.0;0.37;0.99;2019-02-01;Pre-covid;Pre-covid
2019;02;Extremadura;Puerro;98.23;232.75;2.37;34.42;0.08;0.2;2019-02-01;Pre-covid;Pre-covid
2019;02;Galicia;Patatas;6592.12;5729.52;0.87;63.77;2.43;2.11;2019-02-01;Pre-covid;Pre-covid
2019;02;Galicia;Patatas frescas;5464.32;4390.1;0.8;47.92;2.01;1.62;2019-02-01;Pre-covid;Pre-covid
2019;02;Galicia;Patatas congeladas;118.22;148.86;1.26;5.25;0.04;0.05;2019-02-01;Pre-covid;Pre-covid
2019;02;Galicia;Patatas procesadas;201.92;1190.56;5.9;34.29;0.07;0.44;2019-02-01;Pre-covid;Pre-covid
2019;02;Galicia;Patatas fritas;156.84;1134.76;7.24;31.28;0.06;0.42;2019-02-01;Pre-covid;Pre-covid
2019;02;Galicia;Hortalizas frescas;9719.29;17831.37;1.83;95.58;3.58;6.57;2019-02-01;Pre-covid;Pre-covid
2019;02;Galicia;Omates;1627.73;3241.83;1.99;69.64;0.6;1.19;2019-02-01;Pre-covid;Pre-covid
2019;02;Galicia;Cebollas;1026.03;1257.48;1.23;56.54;0.38;0.46;2019-02-01;Pre-covid;Pre-covid
2019;02;Galicia;Ajos;123.24;522.94;4.24;35.71;0.05;0.19;2019-02-01;Pre-covid;Pre-covid
2019;02;Galicia;Coles;1048.81;1103.17;1.05;34.24;0.39;0.41;2019-02-01;Pre-covid;Pre-covid
2019;02;Galicia;Pepinos;78.71;179.15;2.28;9.03;0.03;0.07;2019-02-01;Pre-covid;Pre-covid
2019;02;Galicia;Judias verdes;111.77;518.2;4.64;15.65;0.04;0.19;2019-02-01;Pre-covid;Pre-covid
2019;02;Galicia;Pimientos;691.86;1412.5;2.04;56.94;0.25;0.52;2019-02-01;Pre-covid;Pre-covid
2019;02;Galicia;Champiñoneso setas;225.34;1047.01;4.65;26.61;0.08;0.39;2019-02-01;Pre-covid;Pre-covid
2019;02;Galicia;Lechuga/esc /endivia;736.36;1794.14;2.44;50.71;0.27;0.66;2019-02-01;Pre-covid;Pre-covid
2019;02;Galicia;Esparragos;25.84;102.37;3.96;3.44;0.01;0.04;2019-02-01;Pre-covid;Pre-covid
2019;02;Galicia;Verduras de hoja;148.64;379.75;2.55;16.98;0.05;0.14;2019-02-01;Pre-covid;Pre-covid
2019;02;Galicia;Berenjenas;113.66;236.22;2.08;13.87;0.04;0.09;2019-02-01;Pre-covid;Pre-covid
2019;02;Galicia;Zanahorias;809.7;687.1;0.85;59.6;0.3;0.25;2019-02-01;Pre-covid;Pre-covid
2019;02;Galicia;Calabacines;373.78;617.11;1.65;28.92;0.14;0.23;2019-02-01;Pre-covid;Pre-covid
2019;02;Galicia;Otr hortalizas/verd ;2577.82;4732.42;1.84;76.3;0.95;1.74;2019-02-01;Pre-covid;Pre-covid
2019;02;Galicia;Brocoli;559.55;841.93;1.5;30.94;0.21;0.31;2019-02-01;Pre-covid;Pre-covid
2019;02;Galicia;Alcachofas;195.46;359.0;1.84;12.95;0.07;0.13;2019-02-01;Pre-covid;Pre-covid
2019;02;Galicia;Apio;63.53;94.79;1.49;7.6;0.02;0.03;2019-02-01;Pre-covid;Pre-covid
2019;02;Galicia;Coliflor;213.81;257.81;1.21;11.11;0.08;0.09;2019-02-01;Pre-covid;Pre-covid
2019;02;Galicia;Verd /hort  iv gama;737.32;2003.54;2.72;47.23;0.27;0.74;2019-02-01;Pre-covid;Pre-covid
2019;02;Galicia;Puerro;294.75;750.01;2.54;28.62;0.11;0.28;2019-02-01;Pre-covid;Pre-covid
2019;02;La rioja;Patatas;490.33;413.73;0.84;69.92;1.51;1.28;2019-02-01;Pre-covid;Pre-covid
2019;02;La rioja;Patatas frescas;388.51;311.56;0.8;58.04;1.2;0.96;2019-02-01;Pre-covid;Pre-covid
2019;02;La rioja;Patatas congeladas;4.19;8.18;1.95;2.87;0.01;0.03;2019-02-01;Pre-covid;Pre-covid
2019;02;La rioja;Patatas procesadas;19.52;93.99;4.81;33.99;0.06;0.29;2019-02-01;Pre-covid;Pre-covid
2019;02;La rioja;Patatas fritas;15.3;89.04;5.82;30.56;0.05;0.27;2019-02-01;Pre-covid;Pre-covid
2019;02;La rioja;Hortalizas frescas;1361.0;2599.5;1.91;97.01;4.2;8.02;2019-02-01;Pre-covid;Pre-covid
2019;02;La rioja;Omates;115.2;230.46;2.0;49.14;0.36;0.71;2019-02-01;Pre-covid;Pre-covid
2019;02;La rioja;Cebollas;125.95;200.4;1.59;42.83;0.39;0.62;2019-02-01;Pre-covid;Pre-covid
2019;02;La rioja;Ajos;14.81;70.0;4.73;25.23;0.05;0.22;2019-02-01;Pre-covid;Pre-covid
2019;02;La rioja;Coles;12.32;13.12;1.07;10.92;0.04;0.04;2019-02-01;Pre-covid;Pre-covid
2019;02;La rioja;Pepinos;11.3;20.51;1.81;16.78;0.03;0.06;2019-02-01;Pre-covid;Pre-covid
2019;02;La rioja;Judias verdes;15.19;77.13;5.08;21.03;0.05;0.24;2019-02-01;Pre-covid;Pre-covid
2019;02;La rioja;Pimientos;72.99;147.47;2.02;49.14;0.23;0.46;2019-02-01;Pre-covid;Pre-covid
2019;02;La rioja;Champiñoneso setas;58.21;241.45;4.15;42.92;0.18;0.75;2019-02-01;Pre-covid;Pre-covid
2019;02;La rioja;Lechuga/esc /endivia;148.32;365.67;2.47;70.03;0.46;1.13;2019-02-01;Pre-covid;Pre-covid
2019;02;La rioja;Esparragos;1.17;7.86;6.71;3.09;0.0;0.02;2019-02-01;Pre-covid;Pre-covid
2019;02;La rioja;Verduras de hoja;101.24;161.62;1.6;28.6;0.31;0.5;2019-02-01;Pre-covid;Pre-covid
2019;02;La rioja;Berenjenas;23.73;44.64;1.88;21.65;0.07;0.14;2019-02-01;Pre-covid;Pre-covid
2019;02;La rioja;Zanahorias;76.22;59.93;0.79;55.76;0.24;0.18;2019-02-01;Pre-covid;Pre-covid
2019;02;La rioja;Calabacines;89.32;161.92;1.81;51.34;0.28;0.5;2019-02-01;Pre-covid;Pre-covid
2019;02;La rioja;Otr hortalizas/verd ;495.03;797.33;1.61;82.97;1.53;2.46;2019-02-01;Pre-covid;Pre-covid
2019;02;La rioja;Brocoli;83.99;57.95;0.69;11.62;0.26;0.18;2019-02-01;Pre-covid;Pre-covid
2019;02;La rioja;Alcachofas;51.74;112.5;2.17;29.37;0.16;0.35;2019-02-01;Pre-covid;Pre-covid
2019;02;La rioja;Apio;57.15;82.88;1.45;27.58;0.18;0.26;2019-02-01;Pre-covid;Pre-covid
2019;02;La rioja;Coliflor;4.89;7.5;1.53;3.28;0.02;0.02;2019-02-01;Pre-covid;Pre-covid
2019;02;La rioja;Verd /hort  iv gama;85.03;281.13;3.31;40.12;0.26;0.87;2019-02-01;Pre-covid;Pre-covid
2019;02;La rioja;Puerro;23.6;63.77;2.7;38.27;0.07;0.2;2019-02-01;Pre-covid;Pre-covid
2019;02;Madrid;Patatas;12396.77;10814.34;0.87;76.85;1.96;1.71;2019-02-01;Pre-covid;Pre-covid
2019;02;Madrid;Patatas frescas;8597.69;7104.83;0.83;67.31;1.36;1.12;2019-02-01;Pre-covid;Pre-covid
2019;02;Madrid;Patatas congeladas;438.15;581.48;1.33;10.04;0.07;0.09;2019-02-01;Pre-covid;Pre-covid
2019;02;Madrid;Patatas procesadas;672.18;3128.03;4.65;42.2;0.11;0.49;2019-02-01;Pre-covid;Pre-covid
2019;02;Madrid;Patatas fritas;505.81;2891.17;5.72;39.31;0.08;0.46;2019-02-01;Pre-covid;Pre-covid
2019;02;Madrid;Hortalizas frescas;28788.73;55288.3;1.92;97.4;4.55;8.74;2019-02-01;Pre-covid;Pre-covid
2019;02;Madrid;Omates;5888.0;10432.08;1.77;84.03;0.93;1.65;2019-02-01;Pre-covid;Pre-covid
2019;02;Madrid;Cebollas;3396.44;4100.48;1.21;68.37;0.54;0.65;2019-02-01;Pre-covid;Pre-covid
2019;02;Madrid;Ajos;288.9;1215.76;4.21;32.35;0.05;0.19;2019-02-01;Pre-covid;Pre-covid
2019;02;Madrid;Coles;873.97;1180.28;1.35;22.61;0.14;0.19;2019-02-01;Pre-covid;Pre-covid
2019;02;Madrid;Pepinos;455.02;870.19;1.91;19.29;0.07;0.14;2019-02-01;Pre-covid;Pre-covid
2019;02;Madrid;Judias verdes;571.92;2076.61;3.63;25.0;0.09;0.33;2019-02-01;Pre-covid;Pre-covid
2019;02;Madrid;Pimientos;2412.03;4711.5;1.95;68.03;0.38;0.74;2019-02-01;Pre-covid;Pre-covid
2019;02;Madrid;Champiñoneso setas;753.63;2991.73;3.97;41.37;0.12;0.47;2019-02-01;Pre-covid;Pre-covid
2019;02;Madrid;Lechuga/esc /endivia;1331.59;4090.36;3.07;57.14;0.21;0.65;2019-02-01;Pre-covid;Pre-covid
2019;02;Madrid;Esparragos;375.69;968.82;2.58;12.1;0.06;0.15;2019-02-01;Pre-covid;Pre-covid
2019;02;Madrid;Verduras de hoja;904.4;2116.55;2.34;33.78;0.14;0.33;2019-02-01;Pre-covid;Pre-covid
2019;02;Madrid;Berenjenas;633.23;1197.09;1.89;29.95;0.1;0.19;2019-02-01;Pre-covid;Pre-covid
2019;02;Madrid;Zanahorias;1839.11;1573.14;0.86;57.18;0.29;0.25;2019-02-01;Pre-covid;Pre-covid
2019;02;Madrid;Calabacines;2568.58;4001.72;1.56;61.33;0.41;0.63;2019-02-01;Pre-covid;Pre-covid
2019;02;Madrid;Otr hortalizas/verd ;6496.21;13762.01;2.12;82.74;1.03;2.17;2019-02-01;Pre-covid;Pre-covid
2019;02;Madrid;Brocoli;772.52;1431.06;1.85;28.3;0.12;0.23;2019-02-01;Pre-covid;Pre-covid
2019;02;Madrid;Alcachofas;1301.53;2275.12;1.75;29.94;0.21;0.36;2019-02-01;Pre-covid;Pre-covid
2019;02;Madrid;Apio;187.54;313.63;1.67;10.71;0.03;0.05;2019-02-01;Pre-covid;Pre-covid
2019;02;Madrid;Coliflor;490.29;559.31;1.14;12.72;0.08;0.09;2019-02-01;Pre-covid;Pre-covid
2019;02;Madrid;Verd /hort  iv gama;3620.71;10128.49;2.8;71.61;0.57;1.6;2019-02-01;Pre-covid;Pre-covid
2019;02;Madrid;Puerro;776.28;1847.94;2.38;43.88;0.12;0.29;2019-02-01;Pre-covid;Pre-covid
2019;02;Murcia;Patatas;2942.81;2771.27;0.94;74.94;2.04;1.92;2019-02-01;Pre-covid;Pre-covid
2019;02;Murcia;Patatas frescas;1985.23;1693.28;0.85;58.11;1.38;1.18;2019-02-01;Pre-covid;Pre-covid
2019;02;Murcia;Patatas congeladas;151.22;181.12;1.2;19.0;0.11;0.13;2019-02-01;Pre-covid;Pre-covid
2019;02;Murcia;Patatas procesadas;161.27;896.87;5.56;51.95;0.11;0.62;2019-02-01;Pre-covid;Pre-covid
2019;02;Murcia;Patatas fritas;148.43;876.82;5.91;50.57;0.1;0.61;2019-02-01;Pre-covid;Pre-covid
2019;02;Murcia;Hortalizas frescas;6704.79;11923.51;1.78;95.5;4.66;8.28;2019-02-01;Pre-covid;Pre-covid
2019;02;Murcia;Omates;1492.34;2524.41;1.69;75.14;1.04;1.75;2019-02-01;Pre-covid;Pre-covid
2019;02;Murcia;Cebollas;820.93;982.7;1.2;65.44;0.57;0.68;2019-02-01;Pre-covid;Pre-covid
2019;02;Murcia;Ajos;98.54;351.74;3.57;35.42;0.07;0.24;2019-02-01;Pre-covid;Pre-covid
2019;02;Murcia;Coles;91.54;115.35;1.26;13.2;0.06;0.08;2019-02-01;Pre-covid;Pre-covid
2019;02;Murcia;Pepinos;175.32;266.42;1.52;20.86;0.12;0.19;2019-02-01;Pre-covid;Pre-covid
2019;02;Murcia;Judias verdes;111.46;439.2;3.94;32.84;0.08;0.3;2019-02-01;Pre-covid;Pre-covid
2019;02;Murcia;Pimientos;476.96;875.36;1.84;65.11;0.33;0.61;2019-02-01;Pre-covid;Pre-covid
2019;02;Murcia;Champiñoneso setas;168.64;645.91;3.83;45.01;0.12;0.45;2019-02-01;Pre-covid;Pre-covid
2019;02;Murcia;Lechuga/esc /endivia;317.4;931.94;2.94;51.01;0.22;0.65;2019-02-01;Pre-covid;Pre-covid
2019;02;Murcia;Esparragos;84.9;181.66;2.14;10.83;0.06;0.13;2019-02-01;Pre-covid;Pre-covid
2019;02;Murcia;Verduras de hoja;140.36;303.14;2.16;28.66;0.1;0.21;2019-02-01;Pre-covid;Pre-covid
2019;02;Murcia;Berenjenas;168.77;275.91;1.63;38.39;0.12;0.19;2019-02-01;Pre-covid;Pre-covid
2019;02;Murcia;Zanahorias;326.24;287.13;0.88;56.82;0.23;0.2;2019-02-01;Pre-covid;Pre-covid
2019;02;Murcia;Calabacines;522.74;816.7;1.56;47.8;0.36;0.57;2019-02-01;Pre-covid;Pre-covid
2019;02;Murcia;Otr hortalizas/verd ;1708.64;2925.92;1.71;79.07;1.19;2.03;2019-02-01;Pre-covid;Pre-covid
2019;02;Murcia;Brocoli;216.95;225.63;1.04;27.81;0.15;0.16;2019-02-01;Pre-covid;Pre-covid
2019;02;Murcia;Alcachofas;493.3;687.49;1.39;37.94;0.34;0.48;2019-02-01;Pre-covid;Pre-covid
2019;02;Murcia;Apio;85.09;120.66;1.42;15.08;0.06;0.08;2019-02-01;Pre-covid;Pre-covid
2019;02;Murcia;Coliflor;139.81;163.82;1.17;16.67;0.1;0.11;2019-02-01;Pre-covid;Pre-covid
2019;02;Murcia;Verd /hort  iv gama;702.8;1788.91;2.55;61.56;0.49;1.24;2019-02-01;Pre-covid;Pre-covid
2019;02;Murcia;Puerro;92.95;250.6;2.7;31.29;0.06;0.17;2019-02-01;Pre-covid;Pre-covid
2019;02;Navarra;Patatas;1148.61;1049.8;0.91;64.48;1.92;1.76;2019-02-01;Pre-covid;Pre-covid
2019;02;Navarra;Patatas frescas;934.94;833.82;0.89;54.08;1.56;1.39;2019-02-01;Pre-covid;Pre-covid
2019;02;Navarra;Patatas congeladas;22.34;27.96;1.25;3.22;0.04;0.05;2019-02-01;Pre-covid;Pre-covid
2019;02;Navarra;Patatas procesadas;38.27;188.02;4.91;33.6;0.06;0.31;2019-02-01;Pre-covid;Pre-covid
2019;02;Navarra;Patatas fritas;24.22;170.42;7.04;30.31;0.04;0.29;2019-02-01;Pre-covid;Pre-covid
2019;02;Navarra;Hortalizas frescas;2696.13;4785.69;1.78;95.93;4.51;8.01;2019-02-01;Pre-covid;Pre-covid
2019;02;Navarra;Omates;253.69;478.19;1.88;58.84;0.42;0.8;2019-02-01;Pre-covid;Pre-covid
2019;02;Navarra;Cebollas;320.25;439.67;1.37;67.43;0.54;0.74;2019-02-01;Pre-covid;Pre-covid
2019;02;Navarra;Ajos;34.0;142.17;4.18;32.42;0.06;0.24;2019-02-01;Pre-covid;Pre-covid
2019;02;Navarra;Coles;289.92;248.39;0.86;24.44;0.49;0.42;2019-02-01;Pre-covid;Pre-covid
2019;02;Navarra;Pepinos;29.41;48.94;1.66;14.09;0.05;0.08;2019-02-01;Pre-covid;Pre-covid
2019;02;Navarra;Judias verdes;60.67;334.81;5.52;27.55;0.1;0.56;2019-02-01;Pre-covid;Pre-covid
2019;02;Navarra;Pimientos;126.05;259.98;2.06;50.2;0.21;0.43;2019-02-01;Pre-covid;Pre-covid
2019;02;Navarra;Champiñoneso setas;40.33;164.1;4.07;27.14;0.07;0.27;2019-02-01;Pre-covid;Pre-covid
2019;02;Navarra;Lechuga/esc /endivia;242.09;620.96;2.56;54.13;0.4;1.04;2019-02-01;Pre-covid;Pre-covid
2019;02;Navarra;Esparragos;5.42;15.38;2.84;2.56;0.01;0.03;2019-02-01;Pre-covid;Pre-covid
2019;02;Navarra;Verduras de hoja;44.73;76.08;1.7;17.59;0.07;0.13;2019-02-01;Pre-covid;Pre-covid
2019;02;Navarra;Berenjenas;116.54;196.12;1.68;17.54;0.19;0.33;2019-02-01;Pre-covid;Pre-covid
2019;02;Navarra;Zanahorias;156.13;124.83;0.8;55.36;0.26;0.21;2019-02-01;Pre-covid;Pre-covid
2019;02;Navarra;Calabacines;169.69;267.06;1.57;34.74;0.28;0.45;2019-02-01;Pre-covid;Pre-covid
2019;02;Navarra;Otr hortalizas/verd ;807.17;1369.01;1.7;80.85;1.35;2.29;2019-02-01;Pre-covid;Pre-covid
2019;02;Navarra;Brocoli;150.95;145.1;0.96;27.43;0.25;0.24;2019-02-01;Pre-covid;Pre-covid
2019;02;Navarra;Alcachofas;122.13;266.63;2.18;29.9;0.2;0.45;2019-02-01;Pre-covid;Pre-covid
2019;02;Navarra;Apio;10.77;13.74;1.28;3.87;0.02;0.02;2019-02-01;Pre-covid;Pre-covid
2019;02;Navarra;Coliflor;37.78;44.35;1.17;11.71;0.06;0.07;2019-02-01;Pre-covid;Pre-covid
2019;02;Navarra;Verd /hort  iv gama;142.71;396.09;2.78;51.9;0.24;0.66;2019-02-01;Pre-covid;Pre-covid
2019;02;Navarra;Puerro;71.3;240.24;3.37;33.13;0.12;0.4;2019-02-01;Pre-covid;Pre-covid
2019;02;Pais vasco;Patatas;4515.32;4153.62;0.92;77.35;2.14;1.96;2019-02-01;Pre-covid;Pre-covid
2019;02;Pais vasco;Patatas frescas;3374.82;2914.68;0.86;64.62;1.6;1.38;2019-02-01;Pre-covid;Pre-covid
2019;02;Pais vasco;Patatas congeladas;89.34;134.21;1.5;5.79;0.04;0.06;2019-02-01;Pre-covid;Pre-covid
2019;02;Pais vasco;Patatas procesadas;210.23;1104.73;5.25;39.49;0.1;0.52;2019-02-01;Pre-covid;Pre-covid
2019;02;Pais vasco;Patatas fritas;153.36;1031.6;6.73;36.49;0.07;0.49;2019-02-01;Pre-covid;Pre-covid
2019;02;Pais vasco;Hortalizas frescas;9681.83;20242.25;2.09;96.55;4.58;9.58;2019-02-01;Pre-covid;Pre-covid
2019;02;Pais vasco;Omates;1862.21;3780.28;2.03;67.49;0.88;1.79;2019-02-01;Pre-covid;Pre-covid
2019;02;Pais vasco;Cebollas;1276.35;1885.01;1.48;65.56;0.6;0.89;2019-02-01;Pre-covid;Pre-covid
2019;02;Pais vasco;Ajos;97.87;512.65;5.24;33.68;0.05;0.24;2019-02-01;Pre-covid;Pre-covid
2019;02;Pais vasco;Coles;459.53;571.73;1.24;27.34;0.22;0.27;2019-02-01;Pre-covid;Pre-covid
2019;02;Pais vasco;Pepinos;109.11;210.32;1.93;13.62;0.05;0.1;2019-02-01;Pre-covid;Pre-covid
2019;02;Pais vasco;Judias verdes;246.38;1053.13;4.27;22.09;0.12;0.5;2019-02-01;Pre-covid;Pre-covid
2019;02;Pais vasco;Pimientos;681.99;1405.38;2.06;62.98;0.32;0.66;2019-02-01;Pre-covid;Pre-covid
2019;02;Pais vasco;Champiñoneso setas;380.8;1412.32;3.71;45.62;0.18;0.67;2019-02-01;Pre-covid;Pre-covid
2019;02;Pais vasco;Lechuga/esc /endivia;662.47;1847.59;2.79;64.67;0.31;0.87;2019-02-01;Pre-covid;Pre-covid
2019;02;Pais vasco;Esparragos;46.03;221.82;4.82;8.3;0.02;0.1;2019-02-01;Pre-covid;Pre-covid
2019;02;Pais vasco;Verduras de hoja;274.44;675.19;2.46;25.87;0.13;0.32;2019-02-01;Pre-covid;Pre-covid
2019;02;Pais vasco;Berenjenas;123.39;216.81;1.76;18.96;0.06;0.1;2019-02-01;Pre-covid;Pre-covid
2019;02;Pais vasco;Zanahorias;759.96;662.26;0.87;59.46;0.36;0.31;2019-02-01;Pre-covid;Pre-covid
2019;02;Pais vasco;Calabacines;695.47;1144.37;1.65;51.51;0.33;0.54;2019-02-01;Pre-covid;Pre-covid
2019;02;Pais vasco;Otr hortalizas/verd ;2005.84;4643.41;2.31;79.4;0.95;2.2;2019-02-01;Pre-covid;Pre-covid
2019;02;Pais vasco;Brocoli;269.04;436.52;1.62;27.89;0.13;0.21;2019-02-01;Pre-covid;Pre-covid
2019;02;Pais vasco;Alcachofas;386.63;854.27;2.21;19.94;0.18;0.4;2019-02-01;Pre-covid;Pre-covid
2019;02;Pais vasco;Apio;64.62;103.53;1.6;8.98;0.03;0.05;2019-02-01;Pre-covid;Pre-covid
2019;02;Pais vasco;Coliflor;209.75;254.8;1.21;14.09;0.1;0.12;2019-02-01;Pre-covid;Pre-covid
2019;02;Pais vasco;Verd /hort  iv gama;969.87;3162.49;3.26;65.55;0.46;1.5;2019-02-01;Pre-covid;Pre-covid
2019;02;Pais vasco;Puerro;262.89;871.21;3.31;43.58;0.12;0.41;2019-02-01;Pre-covid;Pre-covid
2019;02;Valencia;Patatas;10605.07;9742.09;0.92;82.54;2.18;2.01;2019-02-01;Pre-covid;Pre-covid
2019;02;Valencia;Patatas frescas;7564.01;6467.3;0.86;70.42;1.56;1.33;2019-02-01;Pre-covid;Pre-covid
2019;02;Valencia;Patatas congeladas;341.26;488.0;1.43;10.36;0.07;0.1;2019-02-01;Pre-covid;Pre-covid
2019;02;Valencia;Patatas procesadas;539.96;2786.8;5.16;48.28;0.11;0.57;2019-02-01;Pre-covid;Pre-covid
2019;02;Valencia;Patatas fritas;462.57;2664.96;5.76;47.22;0.1;0.55;2019-02-01;Pre-covid;Pre-covid
2019;02;Valencia;Hortalizas frescas;24555.16;44684.84;1.82;96.14;5.06;9.2;2019-02-01;Pre-covid;Pre-covid
2019;02;Valencia;Omates;4213.27;6948.6;1.65;77.88;0.87;1.43;2019-02-01;Pre-covid;Pre-covid
2019;02;Valencia;Cebollas;3290.51;3744.93;1.14;67.72;0.68;0.77;2019-02-01;Pre-covid;Pre-covid
2019;02;Valencia;Ajos;257.1;1100.77;4.28;31.29;0.05;0.23;2019-02-01;Pre-covid;Pre-covid
2019;02;Valencia;Coles;453.27;545.23;1.2;18.66;0.09;0.11;2019-02-01;Pre-covid;Pre-covid
2019;02;Valencia;Pepinos;664.51;1211.75;1.82;30.42;0.14;0.25;2019-02-01;Pre-covid;Pre-covid
2019;02;Valencia;Judias verdes;387.17;1707.88;4.41;29.72;0.08;0.35;2019-02-01;Pre-covid;Pre-covid
2019;02;Valencia;Pimientos;1742.47;3095.3;1.78;56.22;0.36;0.64;2019-02-01;Pre-covid;Pre-covid
2019;02;Valencia;Champiñoneso setas;654.96;2525.42;3.86;45.99;0.13;0.52;2019-02-01;Pre-covid;Pre-covid
2019;02;Valencia;Lechuga/esc /endivia;1347.19;3896.88;2.89;61.55;0.28;0.8;2019-02-01;Pre-covid;Pre-covid
2019;02;Valencia;Esparragos;272.83;607.74;2.23;9.25;0.06;0.13;2019-02-01;Pre-covid;Pre-covid
2019;02;Valencia;Verduras de hoja;781.38;1753.56;2.24;31.66;0.16;0.36;2019-02-01;Pre-covid;Pre-covid
2019;02;Valencia;Berenjenas;603.24;1026.27;1.7;31.49;0.12;0.21;2019-02-01;Pre-covid;Pre-covid
2019;02;Valencia;Zanahorias;1287.02;1125.69;0.87;51.23;0.26;0.23;2019-02-01;Pre-covid;Pre-covid
2019;02;Valencia;Calabacines;1391.48;2109.34;1.52;50.27;0.29;0.43;2019-02-01;Pre-covid;Pre-covid
2019;02;Valencia;Otr hortalizas/verd ;7208.77;13285.49;1.84;84.56;1.48;2.74;2019-02-01;Pre-covid;Pre-covid
2019;02;Valencia;Brocoli;521.69;779.41;1.49;24.32;0.11;0.16;2019-02-01;Pre-covid;Pre-covid
2019;02;Valencia;Alcachofas;2485.74;3487.94;1.4;46.88;0.51;0.72;2019-02-01;Pre-covid;Pre-covid
2019;02;Valencia;Apio;198.26;280.95;1.42;11.98;0.04;0.06;2019-02-01;Pre-covid;Pre-covid
2019;02;Valencia;Coliflor;445.53;533.95;1.2;13.7;0.09;0.11;2019-02-01;Pre-covid;Pre-covid
2019;02;Valencia;Verd /hort  iv gama;2643.37;7526.54;2.85;66.78;0.54;1.55;2019-02-01;Pre-covid;Pre-covid
2019;02;Valencia;Puerro;358.18;1031.56;2.88;29.64;0.07;0.21;2019-02-01;Pre-covid;Pre-covid
2019;02;Nacional;Frutas frescas;302194.16;479617.93;1.59;95.15;6.55;10.4;2019-02-01;Pre-covid;Pre-covid
2019;02;Nacional;Naranjas;86560.42;74248.29;0.86;57.22;1.88;1.61;2019-02-01;Pre-covid;Pre-covid
2019;02;Nacional;Mandarinas;37587.58;51994.38;1.38;57.04;0.81;1.13;2019-02-01;Pre-covid;Pre-covid
2019;02;Nacional;Limones;7566.4;11532.39;1.52;31.27;0.16;0.25;2019-02-01;Pre-covid;Pre-covid
2019;02;Nacional;Platanos;48462.55;80430.78;1.66;79.26;1.05;1.74;2019-02-01;Pre-covid;Pre-covid
2019;02;Nacional;Manzanas;40297.8;58101.91;1.44;66.93;0.87;1.26;2019-02-01;Pre-covid;Pre-covid
2019;02;Nacional;Peras;19149.51;28360.3;1.48;48.16;0.42;0.61;2019-02-01;Pre-covid;Pre-covid
2019;02;Nacional;Melocotones;143.01;246.22;1.72;0.86;0.0;0.01;2019-02-01;Pre-covid;Pre-covid
2019;02;Nacional;Nectarinas;567.99;1188.45;2.09;1.61;0.01;0.03;2019-02-01;Pre-covid;Pre-covid
2019;02;Nacional;Albaricoques;251.45;285.39;1.13;1.01;0.01;0.01;2019-02-01;Pre-covid;Pre-covid
2019;02;Nacional;Fresas/freson;19620.16;65757.77;3.35;55.37;0.43;1.43;2019-02-01;Pre-covid;Pre-covid
2019;02;Nacional;Melon;4665.6;7765.56;1.66;8.28;0.1;0.17;2019-02-01;Pre-covid;Pre-covid
2019;02;Nacional;Sandia;212.63;445.37;2.09;0.47;0.0;0.01;2019-02-01;Pre-covid;Pre-covid
2019;02;Nacional;Ciruelas;864.86;2017.96;2.33;5.33;0.02;0.04;2019-02-01;Pre-covid;Pre-covid
2019;02;Nacional;Cerezas;62.6;423.56;6.77;0.53;0.0;0.01;2019-02-01;Pre-covid;Pre-covid
2019;02;Nacional;Uvas;3439.24;12135.51;3.53;13.94;0.07;0.26;2019-02-01;Pre-covid;Pre-covid
2019;02;Nacional;Kiwi;10914.48;30019.18;2.75;37.86;0.24;0.65;2019-02-01;Pre-covid;Pre-covid
2019;02;Nacional;Aguacate;5005.88;17784.42;3.55;27.05;0.11;0.39;2019-02-01;Pre-covid;Pre-covid
2019;02;Nacional;Piña;7068.32;11680.34;1.65;17.76;0.15;0.25;2019-02-01;Pre-covid;Pre-covid
2019;02;Nacional;Otras frutas frescas;9753.68;25200.17;2.58;30.24;0.21;0.55;2019-02-01;Pre-covid;Pre-covid
2019;02;Nacional;Pomelo;1486.54;2692.08;1.81;2.94;0.03;0.06;2019-02-01;Pre-covid;Pre-covid
2019;02;Nacional;Chirimoya;4.14;28.5;6.89;0.01;0.0;0.0;2019-02-01;Pre-covid;Pre-covid
2019;02;Nacional;Mango;2511.43;6501.23;2.59;11.04;0.05;0.14;2019-02-01;Pre-covid;Pre-covid
2019;02;Nacional;Frutas iv gama;13514.38;24993.46;1.85;26.26;0.29;0.54;2019-02-01;Pre-covid;Pre-covid
2019;02;Andalucia;Frutas frescas;45782.36;70550.73;1.54;94.37;5.27;8.13;2019-02-01;Pre-covid;Pre-covid
2019;02;Andalucia;Naranjas;13604.71;11173.81;0.82;50.83;1.57;1.29;2019-02-01;Pre-covid;Pre-covid
2019;02;Andalucia;Mandarinas;4849.2;6402.87;1.32;49.42;0.56;0.74;2019-02-01;Pre-covid;Pre-covid
2019;02;Andalucia;Limones;1185.41;1936.45;1.63;25.94;0.14;0.22;2019-02-01;Pre-covid;Pre-covid
2019;02;Andalucia;Platanos;7638.96;11710.15;1.53;80.38;0.88;1.35;2019-02-01;Pre-covid;Pre-covid
2019;02;Andalucia;Manzanas;5932.99;8331.29;1.4;63.27;0.68;0.96;2019-02-01;Pre-covid;Pre-covid
2019;02;Andalucia;Peras;2621.81;3696.39;1.41;42.87;0.3;0.43;2019-02-01;Pre-covid;Pre-covid
2019;02;Andalucia;Melocotones;44.71;78.53;1.76;1.52;0.01;0.01;2019-02-01;Pre-covid;Pre-covid
2019;02;Andalucia;Nectarinas;74.47;119.58;1.61;1.93;0.01;0.01;2019-02-01;Pre-covid;Pre-covid
2019;02;Andalucia;Albaricoques;89.34;102.14;1.14;1.39;0.01;0.01;2019-02-01;Pre-covid;Pre-covid
2019;02;Andalucia;Fresas/freson;3150.91;10322.92;3.28;55.41;0.36;1.19;2019-02-01;Pre-covid;Pre-covid
2019;02;Andalucia;Melon;655.73;1206.9;1.84;6.96;0.08;0.14;2019-02-01;Pre-covid;Pre-covid
2019;02;Andalucia;Sandia;9.73;81.1;8.34;0.66;0.0;0.01;2019-02-01;Pre-covid;Pre-covid
2019;02;Andalucia;Ciruelas;180.03;489.79;2.72;6.21;0.02;0.06;2019-02-01;Pre-covid;Pre-covid
2019;02;Andalucia;Cerezas;9.47;94.33;9.96;0.77;0.0;0.01;2019-02-01;Pre-covid;Pre-covid
2019;02;Andalucia;Uvas;497.81;1685.62;3.39;14.6;0.06;0.19;2019-02-01;Pre-covid;Pre-covid
2019;02;Andalucia;Kiwi;1523.55;4227.79;2.77;35.12;0.18;0.49;2019-02-01;Pre-covid;Pre-covid
2019;02;Andalucia;Aguacate;838.75;2984.0;3.56;25.93;0.1;0.34;2019-02-01;Pre-covid;Pre-covid
2019;02;Andalucia;Piña;1001.09;1472.77;1.47;16.26;0.12;0.17;2019-02-01;Pre-covid;Pre-covid
2019;02;Andalucia;Otras frutas frescas;1873.7;4434.29;2.37;30.45;0.22;0.51;2019-02-01;Pre-covid;Pre-covid
2019;02;Andalucia;Pomelo;191.43;395.46;2.07;2.98;0.02;0.05;2019-02-01;Pre-covid;Pre-covid
2019;02;Andalucia;Chirimoya;0.0;0.0;0.0;0.0;0.0;0.0;2019-02-01;Pre-covid;Pre-covid
2019;02;Andalucia;Mango;526.02;1213.93;2.31;10.72;0.06;0.14;2019-02-01;Pre-covid;Pre-covid
2019;02;Andalucia;Frutas iv gama;2117.27;4097.22;1.94;27.87;0.24;0.47;2019-02-01;Pre-covid;Pre-covid
2019;02;Aragon;Frutas frescas;8928.27;12990.1;1.45;95.31;6.82;9.92;2019-02-01;Pre-covid;Pre-covid
2019;02;Aragon;Naranjas;2502.09;2101.34;0.84;69.87;1.91;1.6;2019-02-01;Pre-covid;Pre-covid
2019;02;Aragon;Mandarinas;1569.79;1903.33;1.21;63.43;1.2;1.45;2019-02-01;Pre-covid;Pre-covid
2019;02;Aragon;Limones;171.8;255.55;1.49;34.17;0.13;0.2;2019-02-01;Pre-covid;Pre-covid
2019;02;Aragon;Platanos;1128.02;1838.39;1.63;75.89;0.86;1.4;2019-02-01;Pre-covid;Pre-covid
2019;02;Aragon;Manzanas;1244.01;1575.16;1.27;67.54;0.95;1.2;2019-02-01;Pre-covid;Pre-covid
2019;02;Aragon;Peras;425.74;643.83;1.51;45.34;0.33;0.49;2019-02-01;Pre-covid;Pre-covid
2019;02;Aragon;Melocotones;0.0;0.0;0.0;0.0;0.0;0.0;2019-02-01;Pre-covid;Pre-covid
2019;02;Aragon;Nectarinas;4.02;23.3;5.8;0.45;0.0;0.02;2019-02-01;Pre-covid;Pre-covid
2019;02;Aragon;Albaricoques;2.99;3.45;1.15;0.94;0.0;0.0;2019-02-01;Pre-covid;Pre-covid
2019;02;Aragon;Fresas/freson;524.95;1581.54;3.01;51.06;0.4;1.21;2019-02-01;Pre-covid;Pre-covid
2019;02;Aragon;Melon;276.96;559.66;2.02;15.69;0.21;0.43;2019-02-01;Pre-covid;Pre-covid
2019;02;Aragon;Sandia;0.0;0.0;0.0;0.0;0.0;0.0;2019-02-01;Pre-covid;Pre-covid
2019;02;Aragon;Ciruelas;52.95;48.88;0.92;6.11;0.04;0.04;2019-02-01;Pre-covid;Pre-covid
2019;02;Aragon;Cerezas;0.0;0.0;0.0;0.0;0.0;0.0;2019-02-01;Pre-covid;Pre-covid
2019;02;Aragon;Uvas;112.6;348.95;3.1;22.28;0.09;0.27;2019-02-01;Pre-covid;Pre-covid
2019;02;Aragon;Kiwi;264.24;647.8;2.45;42.69;0.2;0.49;2019-02-01;Pre-covid;Pre-covid
2019;02;Aragon;Aguacate;121.35;470.18;3.87;22.2;0.09;0.36;2019-02-01;Pre-covid;Pre-covid
2019;02;Aragon;Piña;214.75;338.92;1.58;19.7;0.16;0.26;2019-02-01;Pre-covid;Pre-covid
2019;02;Aragon;Otras frutas frescas;312.01;649.83;2.08;29.43;0.24;0.5;2019-02-01;Pre-covid;Pre-covid
2019;02;Aragon;Pomelo;6.83;5.28;0.77;1.2;0.01;0.0;2019-02-01;Pre-covid;Pre-covid
2019;02;Aragon;Chirimoya;0.0;0.0;0.0;0.0;0.0;0.0;2019-02-01;Pre-covid;Pre-covid
2019;02;Aragon;Mango;49.92;121.3;2.43;9.19;0.04;0.09;2019-02-01;Pre-covid;Pre-covid
2019;02;Aragon;Frutas iv gama;355.89;725.7;2.04;25.92;0.27;0.55;2019-02-01;Pre-covid;Pre-covid
2019;02;Asturias;Frutas frescas;8281.8;13251.96;1.6;94.87;7.71;12.33;2019-02-01;Pre-covid;Pre-covid
2019;02;Asturias;Naranjas;2458.56;2091.0;0.85;70.34;2.29;1.95;2019-02-01;Pre-covid;Pre-covid
2019;02;Asturias;Mandarinas;1015.55;1516.27;1.49;67.37;0.94;1.41;2019-02-01;Pre-covid;Pre-covid
2019;02;Asturias;Limones;172.9;264.43;1.53;37.02;0.16;0.25;2019-02-01;Pre-covid;Pre-covid
2019;02;Asturias;Platanos;1338.99;2253.05;1.68;75.56;1.25;2.1;2019-02-01;Pre-covid;Pre-covid
2019;02;Asturias;Manzanas;1076.23;1478.39;1.37;74.27;1.0;1.38;2019-02-01;Pre-covid;Pre-covid
2019;02;Asturias;Peras;564.82;854.74;1.51;57.64;0.53;0.8;2019-02-01;Pre-covid;Pre-covid
2019;02;Asturias;Melocotones;0.0;0.0;0.0;0.0;0.0;0.0;2019-02-01;Pre-covid;Pre-covid
2019;02;Asturias;Nectarinas;15.7;31.14;1.98;0.81;0.01;0.03;2019-02-01;Pre-covid;Pre-covid
2019;02;Asturias;Albaricoques;20.61;16.49;0.8;0.59;0.02;0.02;2019-02-01;Pre-covid;Pre-covid
2019;02;Asturias;Fresas/freson;604.84;2126.68;3.52;66.21;0.56;1.98;2019-02-01;Pre-covid;Pre-covid
2019;02;Asturias;Melon;65.47;154.76;2.36;7.81;0.06;0.14;2019-02-01;Pre-covid;Pre-covid
2019;02;Asturias;Sandia;2.95;5.6;1.89;0.7;0.0;0.01;2019-02-01;Pre-covid;Pre-covid
2019;02;Asturias;Ciruelas;47.16;61.72;1.31;5.85;0.04;0.06;2019-02-01;Pre-covid;Pre-covid
2019;02;Asturias;Cerezas;5.64;53.58;9.5;1.57;0.01;0.05;2019-02-01;Pre-covid;Pre-covid
2019;02;Asturias;Uvas;154.73;491.12;3.17;16.16;0.14;0.46;2019-02-01;Pre-covid;Pre-covid
2019;02;Asturias;Kiwi;281.4;654.71;2.33;41.31;0.26;0.61;2019-02-01;Pre-covid;Pre-covid
2019;02;Asturias;Aguacate;80.64;292.0;3.62;21.74;0.08;0.27;2019-02-01;Pre-covid;Pre-covid
2019;02;Asturias;Piña;210.13;371.25;1.77;21.5;0.2;0.35;2019-02-01;Pre-covid;Pre-covid
2019;02;Asturias;Otras frutas frescas;165.47;535.03;3.23;27.91;0.15;0.5;2019-02-01;Pre-covid;Pre-covid
2019;02;Asturias;Pomelo;26.03;40.93;1.57;3.64;0.02;0.04;2019-02-01;Pre-covid;Pre-covid
2019;02;Asturias;Chirimoya;0.0;0.0;0.0;0.0;0.0;0.0;2019-02-01;Pre-covid;Pre-covid
2019;02;Asturias;Mango;38.73;108.16;2.79;9.97;0.04;0.1;2019-02-01;Pre-covid;Pre-covid
2019;02;Asturias;Frutas iv gama;270.4;620.65;2.3;21.98;0.25;0.58;2019-02-01;Pre-covid;Pre-covid
2019;02;Baleares;Frutas frescas;6168.25;10964.85;1.78;95.94;5.85;10.39;2019-02-01;Pre-covid;Pre-covid
2019;02;Baleares;Naranjas;1341.4;1198.31;0.89;52.01;1.27;1.14;2019-02-01;Pre-covid;Pre-covid
2019;02;Baleares;Mandarinas;559.62;834.83;1.49;41.97;0.53;0.79;2019-02-01;Pre-covid;Pre-covid
2019;02;Baleares;Limones;99.14;145.48;1.47;21.92;0.09;0.14;2019-02-01;Pre-covid;Pre-covid
2019;02;Baleares;Platanos;1240.87;2163.8;1.74;80.35;1.18;2.05;2019-02-01;Pre-covid;Pre-covid
2019;02;Baleares;Manzanas;988.01;1413.95;1.43;66.98;0.94;1.34;2019-02-01;Pre-covid;Pre-covid
2019;02;Baleares;Peras;447.37;704.08;1.57;51.85;0.42;0.67;2019-02-01;Pre-covid;Pre-covid
2019;02;Baleares;Melocotones;0.0;0.0;0.0;0.0;0.0;0.0;2019-02-01;Pre-covid;Pre-covid
2019;02;Baleares;Nectarinas;0.0;0.0;0.0;0.0;0.0;0.0;2019-02-01;Pre-covid;Pre-covid
2019;02;Baleares;Albaricoques;0.0;0.0;0.0;0.0;0.0;0.0;2019-02-01;Pre-covid;Pre-covid
2019;02;Baleares;Fresas/freson;330.4;1147.97;3.47;46.75;0.31;1.09;2019-02-01;Pre-covid;Pre-covid
2019;02;Baleares;Melon;77.99;132.4;1.7;7.2;0.07;0.13;2019-02-01;Pre-covid;Pre-covid
2019;02;Baleares;Sandia;0.0;0.0;0.0;0.0;0.0;0.0;2019-02-01;Pre-covid;Pre-covid
2019;02;Baleares;Ciruelas;25.11;75.52;3.01;7.19;0.02;0.07;2019-02-01;Pre-covid;Pre-covid
2019;02;Baleares;Cerezas;0.0;0.0;0.0;0.0;0.0;0.0;2019-02-01;Pre-covid;Pre-covid
2019;02;Baleares;Uvas;150.71;660.51;4.38;17.73;0.14;0.63;2019-02-01;Pre-covid;Pre-covid
2019;02;Baleares;Kiwi;284.59;864.07;3.04;39.95;0.27;0.82;2019-02-01;Pre-covid;Pre-covid
2019;02;Baleares;Aguacate;229.15;877.56;3.83;33.61;0.22;0.83;2019-02-01;Pre-covid;Pre-covid
2019;02;Baleares;Piña;194.33;230.66;1.19;24.32;0.18;0.22;2019-02-01;Pre-covid;Pre-covid
2019;02;Baleares;Otras frutas frescas;199.55;515.7;2.58;40.11;0.19;0.49;2019-02-01;Pre-covid;Pre-covid
2019;02;Baleares;Pomelo;58.2;101.39;1.74;2.88;0.06;0.1;2019-02-01;Pre-covid;Pre-covid
2019;02;Baleares;Chirimoya;0.0;0.0;0.0;0.0;0.0;0.0;2019-02-01;Pre-covid;Pre-covid
2019;02;Baleares;Mango;67.78;145.14;2.14;20.78;0.06;0.14;2019-02-01;Pre-covid;Pre-covid
2019;02;Baleares;Frutas iv gama;372.51;681.06;1.83;32.36;0.35;0.65;2019-02-01;Pre-covid;Pre-covid
2019;02;Canarias;Frutas frescas;13918.15;23022.76;1.65;92.66;6.3;10.42;2019-02-01;Pre-covid;Pre-covid
2019;02;Canarias;Naranjas;3563.28;2995.7;0.84;52.53;1.61;1.36;2019-02-01;Pre-covid;Pre-covid
2019;02;Canarias;Mandarinas;1294.5;1791.04;1.38;56.34;0.59;0.81;2019-02-01;Pre-covid;Pre-covid
2019;02;Canarias;Limones;470.01;707.64;1.51;36.38;0.21;0.32;2019-02-01;Pre-covid;Pre-covid
2019;02;Canarias;Platanos;2750.52;4227.79;1.54;72.02;1.25;1.91;2019-02-01;Pre-covid;Pre-covid
2019;02;Canarias;Manzanas;2026.87;3216.14;1.59;60.99;0.92;1.46;2019-02-01;Pre-covid;Pre-covid
2019;02;Canarias;Peras;1019.69;1581.34;1.55;46.43;0.46;0.72;2019-02-01;Pre-covid;Pre-covid
2019;02;Canarias;Melocotones;1.14;4.49;3.94;0.45;0.0;0.0;2019-02-01;Pre-covid;Pre-covid
2019;02;Canarias;Nectarinas;0.0;0.0;0.0;0.0;0.0;0.0;2019-02-01;Pre-covid;Pre-covid
2019;02;Canarias;Albaricoques;0.0;0.0;0.0;0.0;0.0;0.0;2019-02-01;Pre-covid;Pre-covid
2019;02;Canarias;Fresas/freson;611.14;2447.68;4.01;48.87;0.28;1.11;2019-02-01;Pre-covid;Pre-covid
2019;02;Canarias;Melon;57.05;114.64;2.01;3.06;0.03;0.05;2019-02-01;Pre-covid;Pre-covid
2019;02;Canarias;Sandia;0.0;0.0;0.0;0.0;0.0;0.0;2019-02-01;Pre-covid;Pre-covid
2019;02;Canarias;Ciruelas;11.66;45.4;3.89;1.7;0.01;0.02;2019-02-01;Pre-covid;Pre-covid
2019;02;Canarias;Cerezas;6.92;30.29;4.38;1.2;0.0;0.01;2019-02-01;Pre-covid;Pre-covid
2019;02;Canarias;Uvas;117.04;518.93;4.43;10.19;0.05;0.23;2019-02-01;Pre-covid;Pre-covid
2019;02;Canarias;Kiwi;566.68;1381.33;2.44;32.42;0.26;0.63;2019-02-01;Pre-covid;Pre-covid
2019;02;Canarias;Aguacate;611.21;2164.75;3.54;38.5;0.28;0.98;2019-02-01;Pre-covid;Pre-covid
2019;02;Canarias;Piña;85.34;188.1;2.2;5.36;0.04;0.09;2019-02-01;Pre-covid;Pre-covid
2019;02;Canarias;Otras frutas frescas;725.1;1607.51;2.22;31.03;0.33;0.73;2019-02-01;Pre-covid;Pre-covid
2019;02;Canarias;Pomelo;69.29;148.2;2.14;1.77;0.03;0.07;2019-02-01;Pre-covid;Pre-covid
2019;02;Canarias;Chirimoya;0.0;0.0;0.0;0.0;0.0;0.0;2019-02-01;Pre-covid;Pre-covid
2019;02;Canarias;Mango;15.62;59.25;3.79;2.53;0.01;0.03;2019-02-01;Pre-covid;Pre-covid
2019;02;Canarias;Frutas iv gama;958.87;1492.77;1.56;28.2;0.43;0.68;2019-02-01;Pre-covid;Pre-covid
2019;02;Cantabria;Frutas frescas;4227.62;6262.86;1.48;97.5;7.5;11.11;2019-02-01;Pre-covid;Pre-covid
2019;02;Cantabria;Naranjas;1451.99;1286.72;0.89;66.51;2.58;2.28;2019-02-01;Pre-covid;Pre-covid
2019;02;Cantabria;Mandarinas;542.93;626.54;1.15;56.44;0.96;1.11;2019-02-01;Pre-covid;Pre-covid
2019;02;Cantabria;Limones;59.8;85.58;1.43;27.34;0.11;0.15;2019-02-01;Pre-covid;Pre-covid
2019;02;Cantabria;Platanos;553.98;937.75;1.69;82.26;0.98;1.66;2019-02-01;Pre-covid;Pre-covid
2019;02;Cantabria;Manzanas;664.09;832.81;1.25;61.55;1.18;1.48;2019-02-01;Pre-covid;Pre-covid
2019;02;Cantabria;Peras;222.57;288.9;1.3;49.07;0.39;0.51;2019-02-01;Pre-covid;Pre-covid
2019;02;Cantabria;Melocotones;0.0;0.0;0.0;0.0;0.0;0.0;2019-02-01;Pre-covid;Pre-covid
2019;02;Cantabria;Nectarinas;0.82;1.41;1.73;0.28;0.0;0.0;2019-02-01;Pre-covid;Pre-covid
2019;02;Cantabria;Albaricoques;0.0;0.0;0.0;0.0;0.0;0.0;2019-02-01;Pre-covid;Pre-covid
2019;02;Cantabria;Fresas/freson;354.42;1192.4;3.36;63.15;0.63;2.12;2019-02-01;Pre-covid;Pre-covid
2019;02;Cantabria;Melon;13.08;22.45;1.72;3.19;0.02;0.04;2019-02-01;Pre-covid;Pre-covid
2019;02;Cantabria;Sandia;0.0;0.0;0.0;0.0;0.0;0.0;2019-02-01;Pre-covid;Pre-covid
2019;02;Cantabria;Ciruelas;8.73;27.92;3.2;3.85;0.02;0.05;2019-02-01;Pre-covid;Pre-covid
2019;02;Cantabria;Cerezas;1.18;3.47;2.94;1.28;0.0;0.01;2019-02-01;Pre-covid;Pre-covid
2019;02;Cantabria;Uvas;25.47;84.69;3.33;6.18;0.05;0.15;2019-02-01;Pre-covid;Pre-covid
2019;02;Cantabria;Kiwi;139.49;381.21;2.73;34.04;0.25;0.68;2019-02-01;Pre-covid;Pre-covid
2019;02;Cantabria;Aguacate;52.9;189.25;3.58;22.09;0.09;0.34;2019-02-01;Pre-covid;Pre-covid
2019;02;Cantabria;Piña;78.46;130.4;1.66;22.23;0.14;0.23;2019-02-01;Pre-covid;Pre-covid
2019;02;Cantabria;Otras frutas frescas;57.69;171.34;2.97;25.33;0.1;0.3;2019-02-01;Pre-covid;Pre-covid
2019;02;Cantabria;Pomelo;4.42;5.73;1.3;4.64;0.01;0.01;2019-02-01;Pre-covid;Pre-covid
2019;02;Cantabria;Chirimoya;0.0;0.0;0.0;0.0;0.0;0.0;2019-02-01;Pre-covid;Pre-covid
2019;02;Cantabria;Mango;17.8;43.09;2.42;13.23;0.03;0.08;2019-02-01;Pre-covid;Pre-covid
2019;02;Cantabria;Frutas iv gama;191.79;285.13;1.49;24.52;0.34;0.51;2019-02-01;Pre-covid;Pre-covid
2019;02;Castilla la mancha;Frutas frescas;13090.48;19183.85;1.47;95.4;6.25;9.15;2019-02-01;Pre-covid;Pre-covid
2019;02;Castilla la mancha;Naranjas;4254.81;3393.8;0.8;62.49;2.03;1.62;2019-02-01;Pre-covid;Pre-covid
2019;02;Castilla la mancha;Mandarinas;2025.25;2643.85;1.31;60.67;0.97;1.26;2019-02-01;Pre-covid;Pre-covid
2019;02;Castilla la mancha;Limones;321.75;433.28;1.35;35.1;0.15;0.21;2019-02-01;Pre-covid;Pre-covid
2019;02;Castilla la mancha;Platanos;2020.21;3210.09;1.59;79.93;0.96;1.53;2019-02-01;Pre-covid;Pre-covid
2019;02;Castilla la mancha;Manzanas;1422.1;1953.24;1.37;67.68;0.68;0.93;2019-02-01;Pre-covid;Pre-covid
2019;02;Castilla la mancha;Peras;798.96;1280.56;1.6;44.63;0.38;0.61;2019-02-01;Pre-covid;Pre-covid
2019;02;Castilla la mancha;Melocotones;1.44;2.88;2.0;0.41;0.0;0.0;2019-02-01;Pre-covid;Pre-covid
2019;02;Castilla la mancha;Nectarinas;53.35;84.12;1.58;4.36;0.03;0.04;2019-02-01;Pre-covid;Pre-covid
2019;02;Castilla la mancha;Albaricoques;0.0;0.0;0.0;0.0;0.0;0.0;2019-02-01;Pre-covid;Pre-covid
2019;02;Castilla la mancha;Fresas/freson;752.4;2569.39;3.41;55.82;0.36;1.23;2019-02-01;Pre-covid;Pre-covid
2019;02;Castilla la mancha;Melon;180.58;335.33;1.86;11.52;0.09;0.16;2019-02-01;Pre-covid;Pre-covid
2019;02;Castilla la mancha;Sandia;40.81;64.5;1.58;1.28;0.02;0.03;2019-02-01;Pre-covid;Pre-covid
2019;02;Castilla la mancha;Ciruelas;26.67;64.87;2.43;5.95;0.01;0.03;2019-02-01;Pre-covid;Pre-covid
2019;02;Castilla la mancha;Cerezas;0.9;17.17;19.0;0.37;0.0;0.01;2019-02-01;Pre-covid;Pre-covid
2019;02;Castilla la mancha;Uvas;99.72;351.72;3.53;14.33;0.05;0.17;2019-02-01;Pre-covid;Pre-covid
2019;02;Castilla la mancha;Kiwi;477.8;1260.19;2.64;43.31;0.23;0.6;2019-02-01;Pre-covid;Pre-covid
2019;02;Castilla la mancha;Aguacate;134.01;495.45;3.7;18.08;0.06;0.24;2019-02-01;Pre-covid;Pre-covid
2019;02;Castilla la mancha;Piña;207.23;315.67;1.52;14.98;0.1;0.15;2019-02-01;Pre-covid;Pre-covid
2019;02;Castilla la mancha;Otras frutas frescas;272.49;707.75;2.6;26.33;0.13;0.34;2019-02-01;Pre-covid;Pre-covid
2019;02;Castilla la mancha;Pomelo;43.02;59.4;1.38;2.34;0.02;0.03;2019-02-01;Pre-covid;Pre-covid
2019;02;Castilla la mancha;Chirimoya;0.0;0.0;0.0;0.0;0.0;0.0;2019-02-01;Pre-covid;Pre-covid
2019;02;Castilla la mancha;Mango;93.22;297.07;3.19;14.03;0.04;0.14;2019-02-01;Pre-covid;Pre-covid
2019;02;Castilla la mancha;Frutas iv gama;616.78;1107.08;1.79;23.43;0.29;0.53;2019-02-01;Pre-covid;Pre-covid
2019;02;Castilla leon;Frutas frescas;19028.86;27589.01;1.45;97.28;7.92;11.48;2019-02-01;Pre-covid;Pre-covid
2019;02;Castilla leon;Naranjas;6729.33;5400.26;0.8;69.39;2.8;2.25;2019-02-01;Pre-covid;Pre-covid
2019;02;Castilla leon;Mandarinas;2334.67;3161.14;1.35;66.49;0.97;1.32;2019-02-01;Pre-covid;Pre-covid
2019;02;Castilla leon;Limones;542.19;801.82;1.48;36.83;0.23;0.33;2019-02-01;Pre-covid;Pre-covid
2019;02;Castilla leon;Platanos;2752.42;4440.29;1.61;79.8;1.15;1.85;2019-02-01;Pre-covid;Pre-covid
2019;02;Castilla leon;Manzanas;2154.3;3213.57;1.49;62.52;0.9;1.34;2019-02-01;Pre-covid;Pre-covid
2019;02;Castilla leon;Peras;1180.17;1606.9;1.36;50.1;0.49;0.67;2019-02-01;Pre-covid;Pre-covid
2019;02;Castilla leon;Melocotones;8.32;20.83;2.5;1.28;0.0;0.01;2019-02-01;Pre-covid;Pre-covid
2019;02;Castilla leon;Nectarinas;36.4;53.59;1.47;1.56;0.02;0.02;2019-02-01;Pre-covid;Pre-covid
2019;02;Castilla leon;Albaricoques;15.38;16.97;1.1;0.76;0.01;0.01;2019-02-01;Pre-covid;Pre-covid
2019;02;Castilla leon;Fresas/freson;1081.11;3305.5;3.06;56.94;0.45;1.38;2019-02-01;Pre-covid;Pre-covid
2019;02;Castilla leon;Melon;286.69;407.66;1.42;7.58;0.12;0.17;2019-02-01;Pre-covid;Pre-covid
2019;02;Castilla leon;Sandia;0.0;0.0;0.0;0.0;0.0;0.0;2019-02-01;Pre-covid;Pre-covid
2019;02;Castilla leon;Ciruelas;35.19;91.44;2.6;4.95;0.01;0.04;2019-02-01;Pre-covid;Pre-covid
2019;02;Castilla leon;Cerezas;3.95;6.53;1.65;0.26;0.0;0.0;2019-02-01;Pre-covid;Pre-covid
2019;02;Castilla leon;Uvas;118.81;392.47;3.3;10.4;0.05;0.16;2019-02-01;Pre-covid;Pre-covid
2019;02;Castilla leon;Kiwi;611.72;1916.58;3.13;35.59;0.25;0.8;2019-02-01;Pre-covid;Pre-covid
2019;02;Castilla leon;Aguacate;196.77;679.35;3.45;29.18;0.08;0.28;2019-02-01;Pre-covid;Pre-covid
2019;02;Castilla leon;Piña;457.64;749.56;1.64;18.09;0.19;0.31;2019-02-01;Pre-covid;Pre-covid
2019;02;Castilla leon;Otras frutas frescas;483.82;1324.58;2.74;30.04;0.2;0.55;2019-02-01;Pre-covid;Pre-covid
2019;02;Castilla leon;Pomelo;50.81;79.97;1.57;3.26;0.02;0.03;2019-02-01;Pre-covid;Pre-covid
2019;02;Castilla leon;Chirimoya;0.0;0.0;0.0;0.0;0.0;0.0;2019-02-01;Pre-covid;Pre-covid
2019;02;Castilla leon;Mango;117.58;311.08;2.65;10.38;0.05;0.13;2019-02-01;Pre-covid;Pre-covid
2019;02;Castilla leon;Frutas iv gama;853.21;1347.03;1.58;27.3;0.35;0.56;2019-02-01;Pre-covid;Pre-covid
2019;02;Cataluña;Frutas frescas;51759.91;85358.13;1.65;95.31;7.23;11.92;2019-02-01;Pre-covid;Pre-covid
2019;02;Cataluña;Naranjas;14698.53;13505.33;0.92;59.99;2.05;1.89;2019-02-01;Pre-covid;Pre-covid
2019;02;Cataluña;Mandarinas;7384.76;10855.44;1.47;65.71;1.03;1.52;2019-02-01;Pre-covid;Pre-covid
2019;02;Cataluña;Limones;1299.15;2093.53;1.61;33.84;0.18;0.29;2019-02-01;Pre-covid;Pre-covid
2019;02;Cataluña;Platanos;7868.67;14020.2;1.78;78.56;1.1;1.96;2019-02-01;Pre-covid;Pre-covid
2019;02;Cataluña;Manzanas;6833.1;9907.82;1.45;71.1;0.95;1.38;2019-02-01;Pre-covid;Pre-covid
2019;02;Cataluña;Peras;3255.44;5048.77;1.55;49.06;0.45;0.71;2019-02-01;Pre-covid;Pre-covid
2019;02;Cataluña;Melocotones;21.86;22.87;1.05;0.9;0.0;0.0;2019-02-01;Pre-covid;Pre-covid
2019;02;Cataluña;Nectarinas;18.39;27.52;1.5;0.54;0.0;0.0;2019-02-01;Pre-covid;Pre-covid
2019;02;Cataluña;Albaricoques;4.6;11.43;2.49;0.33;0.0;0.0;2019-02-01;Pre-covid;Pre-covid
2019;02;Cataluña;Fresas/freson;3176.61;10929.33;3.44;54.05;0.44;1.53;2019-02-01;Pre-covid;Pre-covid
2019;02;Cataluña;Melon;1052.35;1729.86;1.64;11.47;0.15;0.24;2019-02-01;Pre-covid;Pre-covid
2019;02;Cataluña;Sandia;25.68;46.64;1.82;0.4;0.0;0.01;2019-02-01;Pre-covid;Pre-covid
2019;02;Cataluña;Ciruelas;128.91;298.79;2.32;5.38;0.02;0.04;2019-02-01;Pre-covid;Pre-covid
2019;02;Cataluña;Cerezas;2.2;5.55;2.52;0.12;0.0;0.0;2019-02-01;Pre-covid;Pre-covid
2019;02;Cataluña;Uvas;717.81;2648.04;3.69;16.06;0.1;0.37;2019-02-01;Pre-covid;Pre-covid
2019;02;Cataluña;Kiwi;1723.66;5095.28;2.96;39.03;0.24;0.71;2019-02-01;Pre-covid;Pre-covid
2019;02;Cataluña;Aguacate;803.05;2630.71;3.28;29.63;0.11;0.37;2019-02-01;Pre-covid;Pre-covid
2019;02;Cataluña;Piña;1427.68;2634.34;1.85;22.72;0.2;0.37;2019-02-01;Pre-covid;Pre-covid
2019;02;Cataluña;Otras frutas frescas;1317.47;3846.67;2.92;29.15;0.18;0.54;2019-02-01;Pre-covid;Pre-covid
2019;02;Cataluña;Pomelo;219.31;298.97;1.36;2.75;0.03;0.04;2019-02-01;Pre-covid;Pre-covid
2019;02;Cataluña;Chirimoya;0.0;0.0;0.0;0.0;0.0;0.0;2019-02-01;Pre-covid;Pre-covid
2019;02;Cataluña;Mango;427.66;1297.92;3.03;12.7;0.06;0.18;2019-02-01;Pre-covid;Pre-covid
2019;02;Cataluña;Frutas iv gama;2078.59;4182.87;2.01;26.26;0.29;0.58;2019-02-01;Pre-covid;Pre-covid
2019;02;Extremadura;Frutas frescas;6997.81;10248.98;1.46;97.3;5.95;8.71;2019-02-01;Pre-covid;Pre-covid
2019;02;Extremadura;Naranjas;2391.47;2151.82;0.9;56.7;2.03;1.83;2019-02-01;Pre-covid;Pre-covid
2019;02;Extremadura;Mandarinas;871.21;1115.72;1.28;47.85;0.74;0.95;2019-02-01;Pre-covid;Pre-covid
2019;02;Extremadura;Limones;128.7;221.89;1.72;24.35;0.11;0.19;2019-02-01;Pre-covid;Pre-covid
2019;02;Extremadura;Platanos;1073.76;1688.28;1.57;85.72;0.91;1.43;2019-02-01;Pre-covid;Pre-covid
2019;02;Extremadura;Manzanas;881.36;1245.04;1.41;70.24;0.75;1.06;2019-02-01;Pre-covid;Pre-covid
2019;02;Extremadura;Peras;472.23;582.91;1.23;47.85;0.4;0.5;2019-02-01;Pre-covid;Pre-covid
2019;02;Extremadura;Melocotones;0.0;0.0;0.0;0.0;0.0;0.0;2019-02-01;Pre-covid;Pre-covid
2019;02;Extremadura;Nectarinas;68.83;88.08;1.28;2.15;0.06;0.07;2019-02-01;Pre-covid;Pre-covid
2019;02;Extremadura;Albaricoques;18.6;21.39;1.15;6.17;0.02;0.02;2019-02-01;Pre-covid;Pre-covid
2019;02;Extremadura;Fresas/freson;426.37;1466.12;3.44;52.18;0.36;1.25;2019-02-01;Pre-covid;Pre-covid
2019;02;Extremadura;Melon;73.98;103.84;1.4;7.89;0.06;0.09;2019-02-01;Pre-covid;Pre-covid
2019;02;Extremadura;Sandia;6.15;18.95;3.08;1.61;0.01;0.02;2019-02-01;Pre-covid;Pre-covid
2019;02;Extremadura;Ciruelas;2.9;7.73;2.66;1.79;0.0;0.01;2019-02-01;Pre-covid;Pre-covid
2019;02;Extremadura;Cerezas;1.88;3.71;1.98;1.18;0.0;0.0;2019-02-01;Pre-covid;Pre-covid
2019;02;Extremadura;Uvas;51.49;181.51;3.53;16.39;0.04;0.15;2019-02-01;Pre-covid;Pre-covid
2019;02;Extremadura;Kiwi;199.01;529.14;2.66;32.71;0.17;0.45;2019-02-01;Pre-covid;Pre-covid
2019;02;Extremadura;Aguacate;52.58;191.4;3.64;21.69;0.04;0.16;2019-02-01;Pre-covid;Pre-covid
2019;02;Extremadura;Piña;91.23;153.87;1.69;11.22;0.08;0.13;2019-02-01;Pre-covid;Pre-covid
2019;02;Extremadura;Otras frutas frescas;186.08;477.59;2.57;25.87;0.16;0.41;2019-02-01;Pre-covid;Pre-covid
2019;02;Extremadura;Pomelo;29.37;42.3;1.44;2.27;0.02;0.04;2019-02-01;Pre-covid;Pre-covid
2019;02;Extremadura;Chirimoya;0.0;0.0;0.0;0.0;0.0;0.0;2019-02-01;Pre-covid;Pre-covid
2019;02;Extremadura;Mango;25.19;50.94;2.02;4.87;0.02;0.04;2019-02-01;Pre-covid;Pre-covid
2019;02;Extremadura;Frutas iv gama;588.48;877.28;1.49;21.39;0.5;0.75;2019-02-01;Pre-covid;Pre-covid
2019;02;Galicia;Frutas frescas;21362.88;35927.28;1.68;97.85;7.87;13.23;2019-02-01;Pre-covid;Pre-covid
2019;02;Galicia;Naranjas;6330.88;5565.2;0.88;68.91;2.33;2.05;2019-02-01;Pre-covid;Pre-covid
2019;02;Galicia;Mandarinas;2229.08;3370.08;1.51;55.87;0.82;1.24;2019-02-01;Pre-covid;Pre-covid
2019;02;Galicia;Limones;570.94;990.68;1.74;37.94;0.21;0.36;2019-02-01;Pre-covid;Pre-covid
2019;02;Galicia;Platanos;3310.29;5921.76;1.79;84.62;1.22;2.18;2019-02-01;Pre-covid;Pre-covid
2019;02;Galicia;Manzanas;3199.27;4685.35;1.46;73.94;1.18;1.73;2019-02-01;Pre-covid;Pre-covid
2019;02;Galicia;Peras;1232.22;1975.69;1.6;51.32;0.45;0.73;2019-02-01;Pre-covid;Pre-covid
2019;02;Galicia;Melocotones;7.96;12.74;1.6;0.32;0.0;0.0;2019-02-01;Pre-covid;Pre-covid
2019;02;Galicia;Nectarinas;73.66;266.04;3.61;2.97;0.03;0.1;2019-02-01;Pre-covid;Pre-covid
2019;02;Galicia;Albaricoques;0.0;0.0;0.0;0.0;0.0;0.0;2019-02-01;Pre-covid;Pre-covid
2019;02;Galicia;Fresas/freson;1259.66;4643.56;3.69;55.1;0.46;1.71;2019-02-01;Pre-covid;Pre-covid
2019;02;Galicia;Melon;340.44;486.89;1.43;13.05;0.13;0.18;2019-02-01;Pre-covid;Pre-covid
2019;02;Galicia;Sandia;8.89;14.04;1.58;0.91;0.0;0.01;2019-02-01;Pre-covid;Pre-covid
2019;02;Galicia;Ciruelas;36.12;120.44;3.33;5.09;0.01;0.04;2019-02-01;Pre-covid;Pre-covid
2019;02;Galicia;Cerezas;3.77;7.54;2.0;0.83;0.0;0.0;2019-02-01;Pre-covid;Pre-covid
2019;02;Galicia;Uvas;319.7;1105.93;3.46;16.88;0.12;0.41;2019-02-01;Pre-covid;Pre-covid
2019;02;Galicia;Kiwi;994.58;2669.24;2.68;47.22;0.37;0.98;2019-02-01;Pre-covid;Pre-covid
2019;02;Galicia;Aguacate;335.53;1500.74;4.47;23.29;0.12;0.55;2019-02-01;Pre-covid;Pre-covid
2019;02;Galicia;Piña;441.48;594.19;1.35;15.65;0.16;0.22;2019-02-01;Pre-covid;Pre-covid
2019;02;Galicia;Otras frutas frescas;668.43;1997.18;2.99;26.24;0.25;0.74;2019-02-01;Pre-covid;Pre-covid
2019;02;Galicia;Pomelo;331.49;778.63;2.35;3.64;0.12;0.29;2019-02-01;Pre-covid;Pre-covid
2019;02;Galicia;Chirimoya;0.0;0.0;0.0;0.0;0.0;0.0;2019-02-01;Pre-covid;Pre-covid
2019;02;Galicia;Mango;88.52;224.33;2.53;7.57;0.03;0.08;2019-02-01;Pre-covid;Pre-covid
2019;02;Galicia;Frutas iv gama;697.19;1308.77;1.88;24.23;0.26;0.48;2019-02-01;Pre-covid;Pre-covid
2019;02;La rioja;Frutas frescas;1873.87;3037.9;1.62;97.63;5.78;9.38;2019-02-01;Pre-covid;Pre-covid
2019;02;La rioja;Naranjas;436.35;422.31;0.97;48.0;1.35;1.3;2019-02-01;Pre-covid;Pre-covid
2019;02;La rioja;Mandarinas;233.56;321.71;1.38;55.47;0.72;0.99;2019-02-01;Pre-covid;Pre-covid
2019;02;La rioja;Limones;28.95;42.24;1.46;18.97;0.09;0.13;2019-02-01;Pre-covid;Pre-covid
2019;02;La rioja;Platanos;295.23;496.93;1.68;81.34;0.91;1.53;2019-02-01;Pre-covid;Pre-covid
2019;02;La rioja;Manzanas;356.43;513.65;1.44;76.68;1.1;1.59;2019-02-01;Pre-covid;Pre-covid
2019;02;La rioja;Peras;105.62;143.3;1.36;48.47;0.33;0.44;2019-02-01;Pre-covid;Pre-covid
2019;02;La rioja;Melocotones;0.0;0.0;0.0;0.0;0.0;0.0;2019-02-01;Pre-covid;Pre-covid
2019;02;La rioja;Nectarinas;0.0;0.0;0.0;0.0;0.0;0.0;2019-02-01;Pre-covid;Pre-covid
2019;02;La rioja;Albaricoques;0.0;0.0;0.0;0.0;0.0;0.0;2019-02-01;Pre-covid;Pre-covid
2019;02;La rioja;Fresas/freson;89.17;315.65;3.54;39.72;0.28;0.97;2019-02-01;Pre-covid;Pre-covid
2019;02;La rioja;Melon;48.18;76.04;1.58;9.43;0.15;0.23;2019-02-01;Pre-covid;Pre-covid
2019;02;La rioja;Sandia;0.0;0.0;0.0;0.0;0.0;0.0;2019-02-01;Pre-covid;Pre-covid
2019;02;La rioja;Ciruelas;3.78;12.18;3.22;2.36;0.01;0.04;2019-02-01;Pre-covid;Pre-covid
2019;02;La rioja;Cerezas;0.0;0.0;0.0;0.0;0.0;0.0;2019-02-01;Pre-covid;Pre-covid
2019;02;La rioja;Uvas;7.33;23.06;3.15;7.26;0.02;0.07;2019-02-01;Pre-covid;Pre-covid
2019;02;La rioja;Kiwi;103.38;327.48;3.17;34.87;0.32;1.01;2019-02-01;Pre-covid;Pre-covid
2019;02;La rioja;Aguacate;15.75;60.71;3.85;28.2;0.05;0.19;2019-02-01;Pre-covid;Pre-covid
2019;02;La rioja;Piña;53.58;78.48;1.46;11.99;0.17;0.24;2019-02-01;Pre-covid;Pre-covid
2019;02;La rioja;Otras frutas frescas;96.55;204.16;2.11;41.94;0.3;0.63;2019-02-01;Pre-covid;Pre-covid
2019;02;La rioja;Pomelo;9.87;16.11;1.63;3.05;0.03;0.05;2019-02-01;Pre-covid;Pre-covid
2019;02;La rioja;Chirimoya;0.0;0.0;0.0;0.0;0.0;0.0;2019-02-01;Pre-covid;Pre-covid
2019;02;La rioja;Mango;24.51;41.98;1.71;15.32;0.08;0.13;2019-02-01;Pre-covid;Pre-covid
2019;02;La rioja;Frutas iv gama;52.74;91.0;1.73;24.56;0.16;0.28;2019-02-01;Pre-covid;Pre-covid
2019;02;Madrid;Frutas frescas;44235.02;70508.52;1.59;95.46;6.99;11.14;2019-02-01;Pre-covid;Pre-covid
2019;02;Madrid;Naranjas;12071.05;10196.3;0.84;59.84;1.91;1.61;2019-02-01;Pre-covid;Pre-covid
2019;02;Madrid;Mandarinas;6164.77;8586.53;1.39;64.7;0.97;1.36;2019-02-01;Pre-covid;Pre-covid
2019;02;Madrid;Limones;1221.12;1729.95;1.42;40.19;0.19;0.27;2019-02-01;Pre-covid;Pre-covid
2019;02;Madrid;Platanos;6423.28;11043.7;1.72;79.66;1.02;1.75;2019-02-01;Pre-covid;Pre-covid
2019;02;Madrid;Manzanas;5469.4;8257.2;1.51;68.8;0.86;1.3;2019-02-01;Pre-covid;Pre-covid
2019;02;Madrid;Peras;3099.34;4602.56;1.49;52.97;0.49;0.73;2019-02-01;Pre-covid;Pre-covid
2019;02;Madrid;Melocotones;17.12;49.36;2.88;1.16;0.0;0.01;2019-02-01;Pre-covid;Pre-covid
2019;02;Madrid;Nectarinas;128.11;282.67;2.21;3.09;0.02;0.04;2019-02-01;Pre-covid;Pre-covid
2019;02;Madrid;Albaricoques;59.45;39.69;0.67;0.93;0.01;0.01;2019-02-01;Pre-covid;Pre-covid
2019;02;Madrid;Fresas/freson;2890.31;9399.15;3.25;60.37;0.46;1.49;2019-02-01;Pre-covid;Pre-covid
2019;02;Madrid;Melon;789.68;1292.86;1.64;9.09;0.12;0.2;2019-02-01;Pre-covid;Pre-covid
2019;02;Madrid;Sandia;7.15;11.35;1.59;0.31;0.0;0.0;2019-02-01;Pre-covid;Pre-covid
2019;02;Madrid;Ciruelas;162.12;301.95;1.86;5.81;0.03;0.05;2019-02-01;Pre-covid;Pre-covid
2019;02;Madrid;Cerezas;6.61;43.73;6.61;0.24;0.0;0.01;2019-02-01;Pre-covid;Pre-covid
2019;02;Madrid;Uvas;460.18;1543.27;3.35;16.14;0.07;0.24;2019-02-01;Pre-covid;Pre-covid
2019;02;Madrid;Kiwi;1789.89;4561.1;2.55;41.95;0.28;0.72;2019-02-01;Pre-covid;Pre-covid
2019;02;Madrid;Aguacate;705.76;2370.11;3.36;31.65;0.11;0.37;2019-02-01;Pre-covid;Pre-covid
2019;02;Madrid;Piña;1069.79;1848.35;1.73;18.77;0.17;0.29;2019-02-01;Pre-covid;Pre-covid
2019;02;Madrid;Otras frutas frescas;1699.87;4348.69;2.56;35.79;0.27;0.69;2019-02-01;Pre-covid;Pre-covid
2019;02;Madrid;Pomelo;134.14;217.19;1.62;2.93;0.02;0.03;2019-02-01;Pre-covid;Pre-covid
2019;02;Madrid;Chirimoya;0.0;0.0;0.0;0.0;0.0;0.0;2019-02-01;Pre-covid;Pre-covid
2019;02;Madrid;Mango;557.61;1392.84;2.5;13.99;0.09;0.22;2019-02-01;Pre-covid;Pre-covid
2019;02;Madrid;Frutas iv gama;1607.52;2946.21;1.83;26.06;0.25;0.47;2019-02-01;Pre-covid;Pre-covid
2019;02;Murcia;Frutas frescas;7692.27;12747.4;1.66;93.8;5.34;8.85;2019-02-01;Pre-covid;Pre-covid
2019;02;Murcia;Naranjas;1580.33;1308.54;0.83;41.22;1.1;0.91;2019-02-01;Pre-covid;Pre-covid
2019;02;Murcia;Mandarinas;788.01;1057.46;1.34;48.26;0.55;0.73;2019-02-01;Pre-covid;Pre-covid
2019;02;Murcia;Limones;171.23;234.83;1.37;23.82;0.12;0.16;2019-02-01;Pre-covid;Pre-covid
2019;02;Murcia;Platanos;1589.0;2495.81;1.57;79.47;1.1;1.73;2019-02-01;Pre-covid;Pre-covid
2019;02;Murcia;Manzanas;1247.37;1791.21;1.44;65.83;0.87;1.24;2019-02-01;Pre-covid;Pre-covid
2019;02;Murcia;Peras;444.91;639.84;1.44;42.78;0.31;0.44;2019-02-01;Pre-covid;Pre-covid
2019;02;Murcia;Melocotones;12.89;11.99;0.93;2.97;0.01;0.01;2019-02-01;Pre-covid;Pre-covid
2019;02;Murcia;Nectarinas;31.67;40.83;1.29;5.05;0.02;0.03;2019-02-01;Pre-covid;Pre-covid
2019;02;Murcia;Albaricoques;14.87;19.17;1.29;2.6;0.01;0.01;2019-02-01;Pre-covid;Pre-covid
2019;02;Murcia;Fresas/freson;718.26;2468.82;3.44;53.41;0.5;1.71;2019-02-01;Pre-covid;Pre-covid
2019;02;Murcia;Melon;66.81;73.48;1.1;3.86;0.05;0.05;2019-02-01;Pre-covid;Pre-covid
2019;02;Murcia;Sandia;64.02;128.04;2.0;1.28;0.04;0.09;2019-02-01;Pre-covid;Pre-covid
2019;02;Murcia;Ciruelas;19.31;49.83;2.58;5.72;0.01;0.03;2019-02-01;Pre-covid;Pre-covid
2019;02;Murcia;Cerezas;3.97;5.76;1.45;1.11;0.0;0.0;2019-02-01;Pre-covid;Pre-covid
2019;02;Murcia;Uvas;130.78;352.23;2.69;12.32;0.09;0.24;2019-02-01;Pre-covid;Pre-covid
2019;02;Murcia;Kiwi;218.5;647.03;2.96;28.87;0.15;0.45;2019-02-01;Pre-covid;Pre-covid
2019;02;Murcia;Aguacate;100.99;356.62;3.53;18.55;0.07;0.25;2019-02-01;Pre-covid;Pre-covid
2019;02;Murcia;Piña;332.41;628.1;1.89;19.29;0.23;0.44;2019-02-01;Pre-covid;Pre-covid
2019;02;Murcia;Otras frutas frescas;156.92;437.81;2.79;27.61;0.11;0.3;2019-02-01;Pre-covid;Pre-covid
2019;02;Murcia;Pomelo;13.52;17.53;1.3;1.95;0.01;0.01;2019-02-01;Pre-covid;Pre-covid
2019;02;Murcia;Chirimoya;0.0;0.0;0.0;0.0;0.0;0.0;2019-02-01;Pre-covid;Pre-covid
2019;02;Murcia;Mango;44.07;144.17;3.27;13.13;0.03;0.1;2019-02-01;Pre-covid;Pre-covid
2019;02;Murcia;Frutas iv gama;279.0;664.9;2.38;26.04;0.19;0.46;2019-02-01;Pre-covid;Pre-covid
2019;02;Navarra;Frutas frescas;4143.51;6856.68;1.65;94.8;6.93;11.47;2019-02-01;Pre-covid;Pre-covid
2019;02;Navarra;Naranjas;1213.24;1283.73;1.06;50.87;2.03;2.15;2019-02-01;Pre-covid;Pre-covid
2019;02;Navarra;Mandarinas;595.54;897.59;1.51;61.7;1.0;1.5;2019-02-01;Pre-covid;Pre-covid
2019;02;Navarra;Limones;105.33;149.78;1.42;32.41;0.18;0.25;2019-02-01;Pre-covid;Pre-covid
2019;02;Navarra;Platanos;692.59;1124.45;1.62;74.5;1.16;1.88;2019-02-01;Pre-covid;Pre-covid
2019;02;Navarra;Manzanas;634.12;831.17;1.31;60.31;1.06;1.39;2019-02-01;Pre-covid;Pre-covid
2019;02;Navarra;Peras;109.78;147.79;1.35;24.46;0.18;0.25;2019-02-01;Pre-covid;Pre-covid
2019;02;Navarra;Melocotones;0.0;0.0;0.0;0.0;0.0;0.0;2019-02-01;Pre-covid;Pre-covid
2019;02;Navarra;Nectarinas;0.9;3.94;4.39;1.0;0.0;0.01;2019-02-01;Pre-covid;Pre-covid
2019;02;Navarra;Albaricoques;4.22;24.11;5.72;8.57;0.01;0.04;2019-02-01;Pre-covid;Pre-covid
2019;02;Navarra;Fresas/freson;319.12;1073.75;3.36;53.27;0.53;1.8;2019-02-01;Pre-covid;Pre-covid
2019;02;Navarra;Melon;25.78;42.62;1.65;6.42;0.04;0.07;2019-02-01;Pre-covid;Pre-covid
2019;02;Navarra;Sandia;0.0;0.0;0.0;0.0;0.0;0.0;2019-02-01;Pre-covid;Pre-covid
2019;02;Navarra;Ciruelas;2.91;6.54;2.25;1.71;0.0;0.01;2019-02-01;Pre-covid;Pre-covid
2019;02;Navarra;Cerezas;0.0;0.0;0.0;0.0;0.0;0.0;2019-02-01;Pre-covid;Pre-covid
2019;02;Navarra;Uvas;34.88;115.59;3.31;10.91;0.06;0.19;2019-02-01;Pre-covid;Pre-covid
2019;02;Navarra;Kiwi;152.37;455.48;2.99;31.09;0.25;0.76;2019-02-01;Pre-covid;Pre-covid
2019;02;Navarra;Aguacate;42.42;180.07;4.25;28.23;0.07;0.3;2019-02-01;Pre-covid;Pre-covid
2019;02;Navarra;Piña;138.98;250.05;1.8;25.81;0.23;0.42;2019-02-01;Pre-covid;Pre-covid
2019;02;Navarra;Otras frutas frescas;71.34;270.02;3.79;32.17;0.12;0.45;2019-02-01;Pre-covid;Pre-covid
2019;02;Navarra;Pomelo;5.75;9.71;1.69;0.7;0.01;0.02;2019-02-01;Pre-covid;Pre-covid
2019;02;Navarra;Chirimoya;0.0;0.0;0.0;0.0;0.0;0.0;2019-02-01;Pre-covid;Pre-covid
2019;02;Navarra;Mango;34.77;80.22;2.31;16.68;0.06;0.13;2019-02-01;Pre-covid;Pre-covid
2019;02;Navarra;Frutas iv gama;355.54;734.55;2.07;31.09;0.59;1.23;2019-02-01;Pre-covid;Pre-covid
2019;02;Pais vasco;Frutas frescas;16720.23;27998.02;1.67;96.07;7.91;13.25;2019-02-01;Pre-covid;Pre-covid
2019;02;Pais vasco;Naranjas;4781.55;4670.2;0.98;66.18;2.26;2.21;2019-02-01;Pre-covid;Pre-covid
2019;02;Pais vasco;Mandarinas;2103.67;3182.62;1.51;64.66;1.0;1.51;2019-02-01;Pre-covid;Pre-covid
2019;02;Pais vasco;Limones;377.32;534.63;1.42;33.03;0.18;0.25;2019-02-01;Pre-covid;Pre-covid
2019;02;Pais vasco;Platanos;2591.37;4745.57;1.83;80.97;1.23;2.25;2019-02-01;Pre-covid;Pre-covid
2019;02;Pais vasco;Manzanas;2377.34;3440.26;1.45;65.45;1.12;1.63;2019-02-01;Pre-covid;Pre-covid
2019;02;Pais vasco;Peras;1033.25;1546.27;1.5;50.78;0.49;0.73;2019-02-01;Pre-covid;Pre-covid
2019;02;Pais vasco;Melocotones;15.97;25.55;1.6;0.75;0.01;0.01;2019-02-01;Pre-covid;Pre-covid
2019;02;Pais vasco;Nectarinas;34.05;136.79;4.02;1.92;0.02;0.06;2019-02-01;Pre-covid;Pre-covid
2019;02;Pais vasco;Albaricoques;1.15;1.59;1.38;0.26;0.0;0.0;2019-02-01;Pre-covid;Pre-covid
2019;02;Pais vasco;Fresas/freson;1202.13;4176.5;3.47;59.88;0.57;1.98;2019-02-01;Pre-covid;Pre-covid
2019;02;Pais vasco;Melon;187.23;310.56;1.66;7.15;0.09;0.15;2019-02-01;Pre-covid;Pre-covid
2019;02;Pais vasco;Sandia;40.32;63.72;1.58;0.24;0.02;0.03;2019-02-01;Pre-covid;Pre-covid
2019;02;Pais vasco;Ciruelas;23.61;75.3;3.19;3.99;0.01;0.04;2019-02-01;Pre-covid;Pre-covid
2019;02;Pais vasco;Cerezas;4.21;6.51;1.55;0.44;0.0;0.0;2019-02-01;Pre-covid;Pre-covid
2019;02;Pais vasco;Uvas;146.99;532.86;3.63;11.43;0.07;0.25;2019-02-01;Pre-covid;Pre-covid
2019;02;Pais vasco;Kiwi;678.46;1834.82;2.7;37.68;0.32;0.87;2019-02-01;Pre-covid;Pre-covid
2019;02;Pais vasco;Aguacate;186.84;691.3;3.7;22.64;0.09;0.33;2019-02-01;Pre-covid;Pre-covid
2019;02;Pais vasco;Piña;336.53;609.13;1.81;13.39;0.16;0.29;2019-02-01;Pre-covid;Pre-covid
2019;02;Pais vasco;Otras frutas frescas;598.24;1413.83;2.36;33.35;0.28;0.67;2019-02-01;Pre-covid;Pre-covid
2019;02;Pais vasco;Pomelo;125.22;215.42;1.72;6.91;0.06;0.1;2019-02-01;Pre-covid;Pre-covid
2019;02;Pais vasco;Chirimoya;0.0;0.0;0.0;0.0;0.0;0.0;2019-02-01;Pre-covid;Pre-covid
2019;02;Pais vasco;Mango;143.15;375.99;2.63;9.73;0.07;0.18;2019-02-01;Pre-covid;Pre-covid
2019;02;Pais vasco;Frutas iv gama;871.26;1679.09;1.93;34.72;0.41;0.79;2019-02-01;Pre-covid;Pre-covid
2019;02;Valencia;Frutas frescas;27982.88;43118.91;1.54;93.19;5.76;8.88;2019-02-01;Pre-covid;Pre-covid
2019;02;Valencia;Naranjas;7150.83;5503.93;0.77;43.77;1.47;1.13;2019-02-01;Pre-covid;Pre-covid
2019;02;Valencia;Mandarinas;3025.47;3727.37;1.23;40.26;0.62;0.77;2019-02-01;Pre-covid;Pre-covid
2019;02;Valencia;Limones;640.68;904.62;1.41;20.35;0.13;0.19;2019-02-01;Pre-covid;Pre-covid
2019;02;Valencia;Platanos;5194.41;8112.77;1.56;78.2;1.07;1.67;2019-02-01;Pre-covid;Pre-covid
2019;02;Valencia;Manzanas;3790.81;5415.67;1.43;65.49;0.78;1.12;2019-02-01;Pre-covid;Pre-covid
2019;02;Valencia;Peras;2115.58;3016.43;1.43;49.95;0.44;0.62;2019-02-01;Pre-covid;Pre-covid
2019;02;Valencia;Melocotones;11.61;16.98;1.46;0.34;0.0;0.0;2019-02-01;Pre-covid;Pre-covid
2019;02;Valencia;Nectarinas;27.63;29.44;1.07;0.57;0.01;0.01;2019-02-01;Pre-covid;Pre-covid
2019;02;Valencia;Albaricoques;20.24;28.95;1.43;1.38;0.0;0.01;2019-02-01;Pre-covid;Pre-covid
2019;02;Valencia;Fresas/freson;2128.35;6590.81;3.1;56.62;0.44;1.36;2019-02-01;Pre-covid;Pre-covid
2019;02;Valencia;Melon;467.62;715.59;1.53;5.29;0.1;0.15;2019-02-01;Pre-covid;Pre-covid
2019;02;Valencia;Sandia;6.93;11.43;1.65;0.38;0.0;0.0;2019-02-01;Pre-covid;Pre-covid
2019;02;Valencia;Ciruelas;97.7;239.64;2.45;6.34;0.02;0.05;2019-02-01;Pre-covid;Pre-covid
2019;02;Valencia;Cerezas;11.89;145.38;12.23;0.57;0.0;0.03;2019-02-01;Pre-covid;Pre-covid
2019;02;Valencia;Uvas;293.19;1099.03;3.75;10.18;0.06;0.23;2019-02-01;Pre-covid;Pre-covid
2019;02;Valencia;Kiwi;905.14;2565.94;2.83;35.27;0.19;0.53;2019-02-01;Pre-covid;Pre-covid
2019;02;Valencia;Aguacate;498.18;1650.23;3.31;29.84;0.1;0.34;2019-02-01;Pre-covid;Pre-covid
2019;02;Valencia;Piña;727.68;1086.51;1.49;19.93;0.15;0.22;2019-02-01;Pre-covid;Pre-covid
2019;02;Valencia;Otras frutas frescas;868.96;2258.2;2.6;27.67;0.18;0.46;2019-02-01;Pre-covid;Pre-covid
2019;02;Valencia;Pomelo;167.84;259.85;1.55;3.04;0.03;0.05;2019-02-01;Pre-covid;Pre-covid
2019;02;Valencia;Chirimoya;4.14;28.5;6.89;0.1;0.0;0.01;2019-02-01;Pre-covid;Pre-covid
2019;02;Valencia;Mango;239.28;593.81;2.48;9.75;0.05;0.12;2019-02-01;Pre-covid;Pre-covid
2019;02;Valencia;Frutas iv gama;1247.35;2152.15;1.73;22.44;0.26;0.44;2019-02-01;Pre-covid;Pre-covid
2019;03;Nacional;Patatas;106250.4;99321.95;0.93;79.5;2.3;2.15;2019-03-01;Pre-covid;Pre-covid
2019;03;Nacional;Patatas frescas;76773.78;66377.2;0.86;67.19;1.66;1.44;2019-03-01;Pre-covid;Pre-covid
2019;03;Nacional;Patatas congeladas;3696.36;4677.04;1.27;11.55;0.08;0.1;2019-03-01;Pre-covid;Pre-covid
2019;03;Nacional;Patatas procesadas;5156.05;28267.71;5.48;46.58;0.11;0.61;2019-03-01;Pre-covid;Pre-covid
2019;03;Nacional;Patatas fritas;4236.67;26848.46;6.34;44.48;0.09;0.58;2019-03-01;Pre-covid;Pre-covid
2019;03;Nacional;Hortalizas frescas;228602.28;426579.89;1.87;97.04;4.96;9.25;2019-03-01;Pre-covid;Pre-covid
2019;03;Nacional;Omates;44314.17;77026.26;1.74;79.79;0.96;1.67;2019-03-01;Pre-covid;Pre-covid
2019;03;Nacional;Cebollas;27553.74;36332.75;1.32;70.45;0.6;0.79;2019-03-01;Pre-covid;Pre-covid
2019;03;Nacional;Ajos;2773.22;11266.71;4.06;36.59;0.06;0.24;2019-03-01;Pre-covid;Pre-covid
2019;03;Nacional;Coles;5886.22;6976.06;1.19;19.71;0.13;0.15;2019-03-01;Pre-covid;Pre-covid
2019;03;Nacional;Pepinos;4931.17;8730.47;1.77;25.89;0.11;0.19;2019-03-01;Pre-covid;Pre-covid
2019;03;Nacional;Judias verdes;6390.25;20666.58;3.23;31.69;0.14;0.45;2019-03-01;Pre-covid;Pre-covid
2019;03;Nacional;Pimientos;16885.87;33489.66;1.98;63.45;0.37;0.73;2019-03-01;Pre-covid;Pre-covid
2019;03;Nacional;Champiñoneso setas;5933.91;22379.09;3.77;41.59;0.13;0.49;2019-03-01;Pre-covid;Pre-covid
2019;03;Nacional;Lechuga/esc /endivia;15028.88;41891.97;2.79;66.57;0.33;0.91;2019-03-01;Pre-covid;Pre-covid
2019;03;Nacional;Esparragos;4757.93;9404.12;1.98;15.45;0.1;0.2;2019-03-01;Pre-covid;Pre-covid
2019;03;Nacional;Verduras de hoja;5900.23;13369.24;2.27;27.73;0.13;0.29;2019-03-01;Pre-covid;Pre-covid
2019;03;Nacional;Berenjenas;6267.27;8432.39;1.35;32.55;0.14;0.18;2019-03-01;Pre-covid;Pre-covid
2019;03;Nacional;Zanahorias;12664.71;11609.77;0.92;55.34;0.27;0.25;2019-03-01;Pre-covid;Pre-covid
2019;03;Nacional;Calabacines;16054.91;20233.42;1.26;54.52;0.35;0.44;2019-03-01;Pre-covid;Pre-covid
2019;03;Nacional;Otr hortalizas/verd ;53259.8;104771.4;1.97;80.78;1.15;2.27;2019-03-01;Pre-covid;Pre-covid
2019;03;Nacional;Brocoli;5825.76;8650.19;1.48;24.23;0.13;0.19;2019-03-01;Pre-covid;Pre-covid
2019;03;Nacional;Alcachofas;12314.1;18076.22;1.47;34.47;0.27;0.39;2019-03-01;Pre-covid;Pre-covid
2019;03;Nacional;Apio;1426.19;2210.84;1.55;9.71;0.03;0.05;2019-03-01;Pre-covid;Pre-covid
2019;03;Nacional;Coliflor;3512.95;4183.92;1.19;13.56;0.08;0.09;2019-03-01;Pre-covid;Pre-covid
2019;03;Nacional;Verd /hort  iv gama;26850.41;72414.5;2.7;68.31;0.58;1.57;2019-03-01;Pre-covid;Pre-covid
2019;03;Nacional;Puerro;4271.48;11661.54;2.73;31.13;0.09;0.25;2019-03-01;Pre-covid;Pre-covid
2019;03;Andalucia;Patatas;20737.79;18885.64;0.91;83.46;2.39;2.18;2019-03-01;Pre-covid;Pre-covid
2019;03;Andalucia;Patatas frescas;14662.6;12219.87;0.83;69.97;1.69;1.41;2019-03-01;Pre-covid;Pre-covid
2019;03;Andalucia;Patatas congeladas;845.17;1008.72;1.19;15.63;0.1;0.12;2019-03-01;Pre-covid;Pre-covid
2019;03;Andalucia;Patatas procesadas;1046.0;5657.05;5.41;53.04;0.12;0.65;2019-03-01;Pre-covid;Pre-covid
2019;03;Andalucia;Patatas fritas;914.18;5460.07;5.97;51.57;0.11;0.63;2019-03-01;Pre-covid;Pre-covid
2019;03;Andalucia;Hortalizas frescas;37399.37;67494.96;1.8;96.75;4.31;7.77;2019-03-01;Pre-covid;Pre-covid
2019;03;Andalucia;Omates;8255.06;13182.19;1.6;79.8;0.95;1.52;2019-03-01;Pre-covid;Pre-covid
2019;03;Andalucia;Cebollas;4365.2;5594.76;1.28;68.7;0.5;0.64;2019-03-01;Pre-covid;Pre-covid
2019;03;Andalucia;Ajos;496.27;1925.1;3.88;37.77;0.06;0.22;2019-03-01;Pre-covid;Pre-covid
2019;03;Andalucia;Coles;780.27;894.78;1.15;16.53;0.09;0.1;2019-03-01;Pre-covid;Pre-covid
2019;03;Andalucia;Pepinos;845.5;1440.57;1.7;28.83;0.1;0.17;2019-03-01;Pre-covid;Pre-covid
2019;03;Andalucia;Judias verdes;841.93;2784.9;3.31;25.4;0.1;0.32;2019-03-01;Pre-covid;Pre-covid
2019;03;Andalucia;Pimientos;2837.64;5369.9;1.89;65.62;0.33;0.62;2019-03-01;Pre-covid;Pre-covid
2019;03;Andalucia;Champiñoneso setas;825.84;3275.22;3.97;36.63;0.1;0.38;2019-03-01;Pre-covid;Pre-covid
2019;03;Andalucia;Lechuga/esc /endivia;2583.9;7391.01;2.86;67.56;0.3;0.85;2019-03-01;Pre-covid;Pre-covid
2019;03;Andalucia;Esparragos;680.63;1347.27;1.98;12.22;0.08;0.16;2019-03-01;Pre-covid;Pre-covid
2019;03;Andalucia;Verduras de hoja;683.9;1621.27;2.37;23.21;0.08;0.19;2019-03-01;Pre-covid;Pre-covid
2019;03;Andalucia;Berenjenas;1331.46;1689.46;1.27;39.54;0.15;0.19;2019-03-01;Pre-covid;Pre-covid
2019;03;Andalucia;Zanahorias;2108.08;1832.39;0.87;55.51;0.24;0.21;2019-03-01;Pre-covid;Pre-covid
2019;03;Andalucia;Calabacines;2560.25;3224.79;1.26;50.33;0.29;0.37;2019-03-01;Pre-covid;Pre-covid
2019;03;Andalucia;Otr hortalizas/verd ;8203.42;15921.35;1.94;80.37;0.94;1.83;2019-03-01;Pre-covid;Pre-covid
2019;03;Andalucia;Brocoli;898.87;1426.54;1.59;25.74;0.1;0.16;2019-03-01;Pre-covid;Pre-covid
2019;03;Andalucia;Alcachofas;1433.36;2142.46;1.49;33.71;0.17;0.25;2019-03-01;Pre-covid;Pre-covid
2019;03;Andalucia;Apio;237.89;380.71;1.6;11.39;0.03;0.04;2019-03-01;Pre-covid;Pre-covid
2019;03;Andalucia;Coliflor;643.57;726.17;1.13;16.85;0.07;0.08;2019-03-01;Pre-covid;Pre-covid
2019;03;Andalucia;Verd /hort  iv gama;4376.15;11568.47;2.64;64.91;0.5;1.33;2019-03-01;Pre-covid;Pre-covid
2019;03;Andalucia;Puerro;648.48;1637.9;2.53;29.1;0.07;0.19;2019-03-01;Pre-covid;Pre-covid
2019;03;Aragon;Patatas;2677.1;2473.13;0.92;80.52;2.04;1.89;2019-03-01;Pre-covid;Pre-covid
2019;03;Aragon;Patatas frescas;2090.2;1722.02;0.82;65.51;1.6;1.31;2019-03-01;Pre-covid;Pre-covid
2019;03;Aragon;Patatas congeladas;40.82;56.38;1.38;5.52;0.03;0.04;2019-03-01;Pre-covid;Pre-covid
2019;03;Aragon;Patatas procesadas;109.22;694.73;6.36;40.17;0.08;0.53;2019-03-01;Pre-covid;Pre-covid
2019;03;Aragon;Patatas fritas;100.72;680.8;6.76;38.89;0.08;0.52;2019-03-01;Pre-covid;Pre-covid
2019;03;Aragon;Hortalizas frescas;8268.62;15045.19;1.82;99.02;6.31;11.49;2019-03-01;Pre-covid;Pre-covid
2019;03;Aragon;Omates;1308.21;2187.98;1.67;81.04;1.0;1.67;2019-03-01;Pre-covid;Pre-covid
2019;03;Aragon;Cebollas;864.71;1092.49;1.26;70.94;0.66;0.83;2019-03-01;Pre-covid;Pre-covid
2019;03;Aragon;Ajos;72.46;280.22;3.87;31.58;0.06;0.21;2019-03-01;Pre-covid;Pre-covid
2019;03;Aragon;Coles;124.97;171.43;1.37;17.59;0.1;0.13;2019-03-01;Pre-covid;Pre-covid
2019;03;Aragon;Pepinos;179.84;323.06;1.8;20.12;0.14;0.25;2019-03-01;Pre-covid;Pre-covid
2019;03;Aragon;Judias verdes;330.6;1000.06;3.03;46.07;0.25;0.76;2019-03-01;Pre-covid;Pre-covid
2019;03;Aragon;Pimientos;574.92;1092.38;1.9;63.87;0.44;0.83;2019-03-01;Pre-covid;Pre-covid
2019;03;Aragon;Champiñoneso setas;255.68;827.97;3.24;47.46;0.2;0.63;2019-03-01;Pre-covid;Pre-covid
2019;03;Aragon;Lechuga/esc /endivia;671.02;1758.85;2.62;76.03;0.51;1.34;2019-03-01;Pre-covid;Pre-covid
2019;03;Aragon;Esparragos;192.58;478.26;2.48;29.02;0.15;0.37;2019-03-01;Pre-covid;Pre-covid
2019;03;Aragon;Verduras de hoja;502.49;783.35;1.56;37.02;0.38;0.6;2019-03-01;Pre-covid;Pre-covid
2019;03;Aragon;Berenjenas;167.35;257.3;1.54;32.59;0.13;0.2;2019-03-01;Pre-covid;Pre-covid
2019;03;Aragon;Zanahorias;334.76;300.47;0.9;46.03;0.26;0.23;2019-03-01;Pre-covid;Pre-covid
2019;03;Aragon;Calabacines;508.46;641.34;1.26;59.08;0.39;0.49;2019-03-01;Pre-covid;Pre-covid
2019;03;Aragon;Otr hortalizas/verd ;2180.57;3850.03;1.77;85.02;1.66;2.94;2019-03-01;Pre-covid;Pre-covid
2019;03;Aragon;Brocoli;213.82;288.97;1.35;25.88;0.16;0.22;2019-03-01;Pre-covid;Pre-covid
2019;03;Aragon;Alcachofas;427.96;566.27;1.32;34.42;0.33;0.43;2019-03-01;Pre-covid;Pre-covid
2019;03;Aragon;Apio;122.6;156.54;1.28;10.88;0.09;0.12;2019-03-01;Pre-covid;Pre-covid
2019;03;Aragon;Coliflor;90.14;102.42;1.14;15.15;0.07;0.08;2019-03-01;Pre-covid;Pre-covid
2019;03;Aragon;Verd /hort  iv gama;1049.29;2337.65;2.23;72.62;0.8;1.78;2019-03-01;Pre-covid;Pre-covid
2019;03;Aragon;Puerro;101.67;318.94;3.14;24.33;0.08;0.24;2019-03-01;Pre-covid;Pre-covid
2019;03;Asturias;Patatas;2362.22;2140.68;0.91;76.0;2.2;1.99;2019-03-01;Pre-covid;Pre-covid
2019;03;Asturias;Patatas frescas;1810.72;1563.45;0.86;71.88;1.68;1.45;2019-03-01;Pre-covid;Pre-covid
2019;03;Asturias;Patatas congeladas;90.06;113.35;1.26;10.65;0.08;0.11;2019-03-01;Pre-covid;Pre-covid
2019;03;Asturias;Patatas procesadas;92.29;463.88;5.03;31.95;0.09;0.43;2019-03-01;Pre-covid;Pre-covid
2019;03;Asturias;Patatas fritas;60.07;412.18;6.86;29.53;0.06;0.38;2019-03-01;Pre-covid;Pre-covid
2019;03;Asturias;Hortalizas frescas;4098.15;8153.98;1.99;97.65;3.81;7.59;2019-03-01;Pre-covid;Pre-covid
2019;03;Asturias;Omates;722.11;1347.6;1.87;74.24;0.67;1.25;2019-03-01;Pre-covid;Pre-covid
2019;03;Asturias;Cebollas;752.17;1017.64;1.35;79.68;0.7;0.95;2019-03-01;Pre-covid;Pre-covid
2019;03;Asturias;Ajos;86.08;364.75;4.24;45.19;0.08;0.34;2019-03-01;Pre-covid;Pre-covid
2019;03;Asturias;Coles;125.14;183.56;1.47;19.5;0.12;0.17;2019-03-01;Pre-covid;Pre-covid
2019;03;Asturias;Pepinos;51.99;91.0;1.75;16.08;0.05;0.08;2019-03-01;Pre-covid;Pre-covid
2019;03;Asturias;Judias verdes;74.91;260.84;3.48;22.81;0.07;0.24;2019-03-01;Pre-covid;Pre-covid
2019;03;Asturias;Pimientos;433.87;942.47;2.17;66.21;0.4;0.88;2019-03-01;Pre-covid;Pre-covid
2019;03;Asturias;Champiñoneso setas;122.15;398.14;3.26;28.73;0.11;0.37;2019-03-01;Pre-covid;Pre-covid
2019;03;Asturias;Lechuga/esc /endivia;309.09;869.02;2.81;59.46;0.29;0.81;2019-03-01;Pre-covid;Pre-covid
2019;03;Asturias;Esparragos;27.71;142.57;5.15;11.79;0.03;0.13;2019-03-01;Pre-covid;Pre-covid
2019;03;Asturias;Verduras de hoja;30.76;82.54;2.68;14.77;0.03;0.08;2019-03-01;Pre-covid;Pre-covid
2019;03;Asturias;Berenjenas;72.77;106.79;1.47;24.05;0.07;0.1;2019-03-01;Pre-covid;Pre-covid
2019;03;Asturias;Zanahorias;245.28;236.64;0.96;45.72;0.23;0.22;2019-03-01;Pre-covid;Pre-covid
2019;03;Asturias;Calabacines;324.85;433.69;1.34;43.11;0.3;0.4;2019-03-01;Pre-covid;Pre-covid
2019;03;Asturias;Otr hortalizas/verd ;719.28;1676.73;2.33;72.49;0.67;1.56;2019-03-01;Pre-covid;Pre-covid
2019;03;Asturias;Brocoli;122.33;207.94;1.7;26.76;0.11;0.19;2019-03-01;Pre-covid;Pre-covid
2019;03;Asturias;Alcachofas;67.43;92.45;1.37;12.53;0.06;0.09;2019-03-01;Pre-covid;Pre-covid
2019;03;Asturias;Apio;14.16;36.76;2.6;5.17;0.01;0.03;2019-03-01;Pre-covid;Pre-covid
2019;03;Asturias;Coliflor;56.05;66.09;1.18;8.63;0.05;0.06;2019-03-01;Pre-covid;Pre-covid
2019;03;Asturias;Verd /hort  iv gama;583.69;1632.63;2.8;60.84;0.54;1.52;2019-03-01;Pre-covid;Pre-covid
2019;03;Asturias;Puerro;91.45;301.22;3.29;38.53;0.09;0.28;2019-03-01;Pre-covid;Pre-covid
2019;03;Baleares;Patatas;2703.24;2469.14;0.91;81.56;2.56;2.34;2019-03-01;Pre-covid;Pre-covid
2019;03;Baleares;Patatas frescas;1863.46;1564.74;0.84;71.53;1.77;1.48;2019-03-01;Pre-covid;Pre-covid
2019;03;Baleares;Patatas congeladas;107.66;131.33;1.22;14.94;0.1;0.12;2019-03-01;Pre-covid;Pre-covid
2019;03;Baleares;Patatas procesadas;146.42;773.08;5.28;51.61;0.14;0.73;2019-03-01;Pre-covid;Pre-covid
2019;03;Baleares;Patatas fritas;112.97;706.51;6.25;47.91;0.11;0.67;2019-03-01;Pre-covid;Pre-covid
2019;03;Baleares;Hortalizas frescas;5878.93;11619.71;1.98;99.1;5.57;11.01;2019-03-01;Pre-covid;Pre-covid
2019;03;Baleares;Omates;1056.35;2008.36;1.9;83.07;1.0;1.9;2019-03-01;Pre-covid;Pre-covid
2019;03;Baleares;Cebollas;725.86;1084.78;1.49;77.71;0.69;1.03;2019-03-01;Pre-covid;Pre-covid
2019;03;Baleares;Ajos;53.01;232.97;4.4;32.94;0.05;0.22;2019-03-01;Pre-covid;Pre-covid
2019;03;Baleares;Coles;248.57;309.15;1.24;25.22;0.24;0.29;2019-03-01;Pre-covid;Pre-covid
2019;03;Baleares;Pepinos;97.44;190.82;1.96;24.57;0.09;0.18;2019-03-01;Pre-covid;Pre-covid
2019;03;Baleares;Judias verdes;125.42;482.43;3.85;37.74;0.12;0.46;2019-03-01;Pre-covid;Pre-covid
2019;03;Baleares;Pimientos;417.64;865.89;2.07;61.6;0.4;0.82;2019-03-01;Pre-covid;Pre-covid
2019;03;Baleares;Champiñoneso setas;224.71;719.31;3.2;57.59;0.21;0.68;2019-03-01;Pre-covid;Pre-covid
2019;03;Baleares;Lechuga/esc /endivia;331.29;1054.0;3.18;75.57;0.31;1.0;2019-03-01;Pre-covid;Pre-covid
2019;03;Baleares;Esparragos;119.9;187.34;1.56;12.18;0.11;0.18;2019-03-01;Pre-covid;Pre-covid
2019;03;Baleares;Verduras de hoja;111.94;362.01;3.23;39.03;0.11;0.34;2019-03-01;Pre-covid;Pre-covid
2019;03;Baleares;Berenjenas;154.75;225.4;1.46;38.1;0.15;0.21;2019-03-01;Pre-covid;Pre-covid
2019;03;Baleares;Zanahorias;337.74;304.14;0.9;61.26;0.32;0.29;2019-03-01;Pre-covid;Pre-covid
2019;03;Baleares;Calabacines;287.41;409.97;1.43;50.16;0.27;0.39;2019-03-01;Pre-covid;Pre-covid
2019;03;Baleares;Otr hortalizas/verd ;1586.9;3183.16;2.01;83.29;1.5;3.02;2019-03-01;Pre-covid;Pre-covid
2019;03;Baleares;Brocoli;150.19;238.22;1.59;31.3;0.14;0.23;2019-03-01;Pre-covid;Pre-covid
2019;03;Baleares;Alcachofas;347.36;483.17;1.39;54.7;0.33;0.46;2019-03-01;Pre-covid;Pre-covid
2019;03;Baleares;Apio;63.91;90.05;1.41;15.8;0.06;0.09;2019-03-01;Pre-covid;Pre-covid
2019;03;Baleares;Coliflor;192.25;234.24;1.22;22.64;0.18;0.22;2019-03-01;Pre-covid;Pre-covid
2019;03;Baleares;Verd /hort  iv gama;834.0;2329.58;2.79;80.16;0.79;2.21;2019-03-01;Pre-covid;Pre-covid
2019;03;Baleares;Puerro;124.81;354.28;2.84;32.23;0.12;0.34;2019-03-01;Pre-covid;Pre-covid
2019;03;Canarias;Patatas;5267.46;5546.0;1.05;83.25;2.38;2.51;2019-03-01;Pre-covid;Pre-covid
2019;03;Canarias;Patatas frescas;4194.99;4370.47;1.04;72.77;1.9;1.98;2019-03-01;Pre-covid;Pre-covid
2019;03;Canarias;Patatas congeladas;288.68;294.99;1.02;11.52;0.13;0.13;2019-03-01;Pre-covid;Pre-covid
2019;03;Canarias;Patatas procesadas;156.76;880.54;5.62;42.69;0.07;0.4;2019-03-01;Pre-covid;Pre-covid
2019;03;Canarias;Patatas fritas;132.46;846.29;6.39;41.02;0.06;0.38;2019-03-01;Pre-covid;Pre-covid
2019;03;Canarias;Hortalizas frescas;10180.58;18889.76;1.86;98.28;4.61;8.55;2019-03-01;Pre-covid;Pre-covid
2019;03;Canarias;Omates;1974.38;2959.11;1.5;75.52;0.89;1.34;2019-03-01;Pre-covid;Pre-covid
2019;03;Canarias;Cebollas;1492.5;1870.78;1.25;77.6;0.68;0.85;2019-03-01;Pre-covid;Pre-covid
2019;03;Canarias;Ajos;104.96;422.75;4.03;34.03;0.05;0.19;2019-03-01;Pre-covid;Pre-covid
2019;03;Canarias;Coles;249.65;297.95;1.19;31.35;0.11;0.13;2019-03-01;Pre-covid;Pre-covid
2019;03;Canarias;Pepinos;240.92;412.5;1.71;35.91;0.11;0.19;2019-03-01;Pre-covid;Pre-covid
2019;03;Canarias;Judias verdes;332.74;737.68;2.22;28.67;0.15;0.33;2019-03-01;Pre-covid;Pre-covid
2019;03;Canarias;Pimientos;841.45;1671.17;1.99;70.48;0.38;0.76;2019-03-01;Pre-covid;Pre-covid
2019;03;Canarias;Champiñoneso setas;157.92;664.34;4.21;36.68;0.07;0.3;2019-03-01;Pre-covid;Pre-covid
2019;03;Canarias;Lechuga/esc /endivia;355.99;1426.06;4.01;52.11;0.16;0.65;2019-03-01;Pre-covid;Pre-covid
2019;03;Canarias;Esparragos;22.97;163.11;7.1;3.89;0.01;0.07;2019-03-01;Pre-covid;Pre-covid
2019;03;Canarias;Verduras de hoja;151.21;443.33;2.93;22.07;0.07;0.2;2019-03-01;Pre-covid;Pre-covid
2019;03;Canarias;Berenjenas;156.22;281.58;1.8;19.2;0.07;0.13;2019-03-01;Pre-covid;Pre-covid
2019;03;Canarias;Zanahorias;784.15;866.59;1.11;67.77;0.35;0.39;2019-03-01;Pre-covid;Pre-covid
2019;03;Canarias;Calabacines;1189.72;1440.27;1.21;75.3;0.54;0.65;2019-03-01;Pre-covid;Pre-covid
2019;03;Canarias;Otr hortalizas/verd ;2125.79;5232.56;2.46;80.93;0.96;2.37;2019-03-01;Pre-covid;Pre-covid
2019;03;Canarias;Brocoli;55.44;96.42;1.74;9.6;0.03;0.04;2019-03-01;Pre-covid;Pre-covid
2019;03;Canarias;Alcachofas;40.04;66.56;1.66;3.11;0.02;0.03;2019-03-01;Pre-covid;Pre-covid
2019;03;Canarias;Apio;55.86;108.96;1.95;14.0;0.03;0.05;2019-03-01;Pre-covid;Pre-covid
2019;03;Canarias;Coliflor;189.31;324.88;1.72;15.41;0.09;0.15;2019-03-01;Pre-covid;Pre-covid
2019;03;Canarias;Verd /hort  iv gama;1622.29;3900.45;2.4;64.21;0.73;1.77;2019-03-01;Pre-covid;Pre-covid
2019;03;Canarias;Puerro;222.69;596.73;2.68;32.78;0.1;0.27;2019-03-01;Pre-covid;Pre-covid
2019;03;Cantabria;Patatas;1456.44;1237.03;0.85;79.29;2.58;2.2;2019-03-01;Pre-covid;Pre-covid
2019;03;Cantabria;Patatas frescas;1227.39;998.29;0.81;70.23;2.18;1.77;2019-03-01;Pre-covid;Pre-covid
2019;03;Cantabria;Patatas congeladas;58.39;76.67;1.31;14.47;0.1;0.14;2019-03-01;Pre-covid;Pre-covid
2019;03;Cantabria;Patatas procesadas;34.13;162.08;4.75;29.64;0.06;0.29;2019-03-01;Pre-covid;Pre-covid
2019;03;Cantabria;Patatas fritas;25.93;149.56;5.77;27.88;0.05;0.27;2019-03-01;Pre-covid;Pre-covid
2019;03;Cantabria;Hortalizas frescas;2166.53;4060.24;1.87;97.84;3.84;7.2;2019-03-01;Pre-covid;Pre-covid
2019;03;Cantabria;Omates;407.59;732.66;1.8;71.96;0.72;1.3;2019-03-01;Pre-covid;Pre-covid
2019;03;Cantabria;Cebollas;364.85;467.59;1.28;76.49;0.65;0.83;2019-03-01;Pre-covid;Pre-covid
2019;03;Cantabria;Ajos;32.0;165.39;5.17;46.76;0.06;0.29;2019-03-01;Pre-covid;Pre-covid
2019;03;Cantabria;Coles;33.76;32.84;0.97;10.5;0.06;0.06;2019-03-01;Pre-covid;Pre-covid
2019;03;Cantabria;Pepinos;82.29;150.2;1.83;35.42;0.15;0.27;2019-03-01;Pre-covid;Pre-covid
2019;03;Cantabria;Judias verdes;46.87;128.54;2.74;27.06;0.08;0.23;2019-03-01;Pre-covid;Pre-covid
2019;03;Cantabria;Pimientos;181.87;389.48;2.14;59.09;0.32;0.69;2019-03-01;Pre-covid;Pre-covid
2019;03;Cantabria;Champiñoneso setas;59.89;260.86;4.36;36.95;0.11;0.46;2019-03-01;Pre-covid;Pre-covid
2019;03;Cantabria;Lechuga/esc /endivia;168.29;413.16;2.45;69.29;0.3;0.73;2019-03-01;Pre-covid;Pre-covid
2019;03;Cantabria;Esparragos;16.34;9.53;0.58;2.91;0.03;0.02;2019-03-01;Pre-covid;Pre-covid
2019;03;Cantabria;Verduras de hoja;34.41;77.53;2.25;13.15;0.06;0.14;2019-03-01;Pre-covid;Pre-covid
2019;03;Cantabria;Berenjenas;60.54;84.04;1.39;28.72;0.11;0.15;2019-03-01;Pre-covid;Pre-covid
2019;03;Cantabria;Zanahorias;152.04;121.02;0.8;50.19;0.27;0.21;2019-03-01;Pre-covid;Pre-covid
2019;03;Cantabria;Calabacines;159.46;200.42;1.26;49.68;0.28;0.36;2019-03-01;Pre-covid;Pre-covid
2019;03;Cantabria;Otr hortalizas/verd ;366.34;826.98;2.26;62.77;0.65;1.47;2019-03-01;Pre-covid;Pre-covid
2019;03;Cantabria;Brocoli;44.93;53.6;1.19;16.81;0.08;0.1;2019-03-01;Pre-covid;Pre-covid
2019;03;Cantabria;Alcachofas;56.66;79.44;1.4;18.24;0.1;0.14;2019-03-01;Pre-covid;Pre-covid
2019;03;Cantabria;Apio;7.12;8.16;1.15;3.53;0.01;0.01;2019-03-01;Pre-covid;Pre-covid
2019;03;Cantabria;Coliflor;68.25;81.65;1.2;15.49;0.12;0.14;2019-03-01;Pre-covid;Pre-covid
2019;03;Cantabria;Verd /hort  iv gama;154.25;596.05;3.86;62.36;0.27;1.06;2019-03-01;Pre-covid;Pre-covid
2019;03;Cantabria;Puerro;37.08;152.6;4.12;33.09;0.07;0.27;2019-03-01;Pre-covid;Pre-covid
2019;03;Castilla la mancha;Patatas;4499.73;4122.48;0.92;72.69;2.15;1.97;2019-03-01;Pre-covid;Pre-covid
2019;03;Castilla la mancha;Patatas frescas;3117.61;2554.1;0.82;56.64;1.49;1.22;2019-03-01;Pre-covid;Pre-covid
2019;03;Castilla la mancha;Patatas congeladas;245.93;311.58;1.27;19.34;0.12;0.15;2019-03-01;Pre-covid;Pre-covid
2019;03;Castilla la mancha;Patatas procesadas;227.24;1256.8;5.53;48.74;0.11;0.6;2019-03-01;Pre-covid;Pre-covid
2019;03;Castilla la mancha;Patatas fritas;203.68;1220.19;5.99;48.37;0.1;0.58;2019-03-01;Pre-covid;Pre-covid
2019;03;Castilla la mancha;Hortalizas frescas;8883.45;16768.84;1.89;95.85;4.24;8.0;2019-03-01;Pre-covid;Pre-covid
2019;03;Castilla la mancha;Omates;2078.68;3524.09;1.7;76.78;0.99;1.68;2019-03-01;Pre-covid;Pre-covid
2019;03;Castilla la mancha;Cebollas;889.01;1152.88;1.3;60.62;0.42;0.55;2019-03-01;Pre-covid;Pre-covid
2019;03;Castilla la mancha;Ajos;108.26;395.97;3.66;35.51;0.05;0.19;2019-03-01;Pre-covid;Pre-covid
2019;03;Castilla la mancha;Coles;118.22;128.95;1.09;10.1;0.06;0.06;2019-03-01;Pre-covid;Pre-covid
2019;03;Castilla la mancha;Pepinos;340.51;606.24;1.78;37.05;0.16;0.29;2019-03-01;Pre-covid;Pre-covid
2019;03;Castilla la mancha;Judias verdes;236.45;738.78;3.12;34.7;0.11;0.35;2019-03-01;Pre-covid;Pre-covid
2019;03;Castilla la mancha;Pimientos;787.35;1508.82;1.92;64.8;0.38;0.72;2019-03-01;Pre-covid;Pre-covid
2019;03;Castilla la mancha;Champiñoneso setas;323.44;1319.57;4.08;51.87;0.15;0.63;2019-03-01;Pre-covid;Pre-covid
2019;03;Castilla la mancha;Lechuga/esc /endivia;527.11;1424.25;2.7;64.9;0.25;0.68;2019-03-01;Pre-covid;Pre-covid
2019;03;Castilla la mancha;Esparragos;287.72;668.77;2.32;22.8;0.14;0.32;2019-03-01;Pre-covid;Pre-covid
2019;03;Castilla la mancha;Verduras de hoja;310.47;639.29;2.06;27.19;0.15;0.31;2019-03-01;Pre-covid;Pre-covid
2019;03;Castilla la mancha;Berenjenas;219.83;292.5;1.33;31.29;0.1;0.14;2019-03-01;Pre-covid;Pre-covid
2019;03;Castilla la mancha;Zanahorias;438.36;367.34;0.84;49.76;0.21;0.18;2019-03-01;Pre-covid;Pre-covid
2019;03;Castilla la mancha;Calabacines;698.2;890.67;1.28;61.13;0.33;0.42;2019-03-01;Pre-covid;Pre-covid
2019;03;Castilla la mancha;Otr hortalizas/verd ;1519.83;3110.72;2.05;78.46;0.73;1.48;2019-03-01;Pre-covid;Pre-covid
2019;03;Castilla la mancha;Brocoli;159.71;253.95;1.59;15.31;0.08;0.12;2019-03-01;Pre-covid;Pre-covid
2019;03;Castilla la mancha;Alcachofas;327.84;477.45;1.46;22.82;0.16;0.23;2019-03-01;Pre-covid;Pre-covid
2019;03;Castilla la mancha;Apio;30.35;60.55;1.99;7.0;0.01;0.03;2019-03-01;Pre-covid;Pre-covid
2019;03;Castilla la mancha;Coliflor;122.55;147.1;1.2;9.27;0.06;0.07;2019-03-01;Pre-covid;Pre-covid
2019;03;Castilla la mancha;Verd /hort  iv gama;1079.78;2811.11;2.6;66.85;0.52;1.34;2019-03-01;Pre-covid;Pre-covid
2019;03;Castilla la mancha;Puerro;136.0;376.17;2.77;26.42;0.06;0.18;2019-03-01;Pre-covid;Pre-covid
2019;03;Castilla leon;Patatas;4180.82;3795.03;0.91;68.2;1.74;1.58;2019-03-01;Pre-covid;Pre-covid
2019;03;Castilla leon;Patatas frescas;3136.12;2697.91;0.86;52.24;1.3;1.12;2019-03-01;Pre-covid;Pre-covid
2019;03;Castilla leon;Patatas congeladas;72.66;105.74;1.46;6.38;0.03;0.04;2019-03-01;Pre-covid;Pre-covid
2019;03;Castilla leon;Patatas procesadas;194.41;991.38;5.1;36.28;0.08;0.41;2019-03-01;Pre-covid;Pre-covid
2019;03;Castilla leon;Patatas fritas;144.01;920.4;6.39;32.78;0.06;0.38;2019-03-01;Pre-covid;Pre-covid
2019;03;Castilla leon;Hortalizas frescas;10472.69;18606.21;1.78;97.6;4.36;7.74;2019-03-01;Pre-covid;Pre-covid
2019;03;Castilla leon;Omates;1940.82;3207.8;1.65;83.45;0.81;1.33;2019-03-01;Pre-covid;Pre-covid
2019;03;Castilla leon;Cebollas;1161.32;1459.09;1.26;65.7;0.48;0.61;2019-03-01;Pre-covid;Pre-covid
2019;03;Castilla leon;Ajos;148.59;570.59;3.84;38.71;0.06;0.24;2019-03-01;Pre-covid;Pre-covid
2019;03;Castilla leon;Coles;398.26;451.75;1.13;24.01;0.17;0.19;2019-03-01;Pre-covid;Pre-covid
2019;03;Castilla leon;Pepinos;228.56;445.76;1.95;20.22;0.1;0.19;2019-03-01;Pre-covid;Pre-covid
2019;03;Castilla leon;Judias verdes;232.68;728.12;3.13;24.06;0.1;0.3;2019-03-01;Pre-covid;Pre-covid
2019;03;Castilla leon;Pimientos;965.32;1937.43;2.01;61.24;0.4;0.81;2019-03-01;Pre-covid;Pre-covid
2019;03;Castilla leon;Champiñoneso setas;265.9;890.85;3.35;37.38;0.11;0.37;2019-03-01;Pre-covid;Pre-covid
2019;03;Castilla leon;Lechuga/esc /endivia;860.27;2175.12;2.53;74.45;0.36;0.91;2019-03-01;Pre-covid;Pre-covid
2019;03;Castilla leon;Esparragos;179.1;285.41;1.59;10.96;0.07;0.12;2019-03-01;Pre-covid;Pre-covid
2019;03;Castilla leon;Verduras de hoja;206.82;521.16;2.52;23.86;0.09;0.22;2019-03-01;Pre-covid;Pre-covid
2019;03;Castilla leon;Berenjenas;195.0;263.37;1.35;17.92;0.08;0.11;2019-03-01;Pre-covid;Pre-covid
2019;03;Castilla leon;Zanahorias;767.86;618.21;0.81;59.1;0.32;0.26;2019-03-01;Pre-covid;Pre-covid
2019;03;Castilla leon;Calabacines;931.06;1106.83;1.19;51.76;0.39;0.46;2019-03-01;Pre-covid;Pre-covid
2019;03;Castilla leon;Otr hortalizas/verd ;1991.15;3944.7;1.98;74.43;0.83;1.64;2019-03-01;Pre-covid;Pre-covid
2019;03;Castilla leon;Brocoli;252.2;346.61;1.37;21.79;0.1;0.14;2019-03-01;Pre-covid;Pre-covid
2019;03;Castilla leon;Alcachofas;431.81;701.73;1.63;24.2;0.18;0.29;2019-03-01;Pre-covid;Pre-covid
2019;03;Castilla leon;Apio;49.41;82.02;1.66;6.55;0.02;0.03;2019-03-01;Pre-covid;Pre-covid
2019;03;Castilla leon;Coliflor;194.68;213.68;1.1;15.13;0.08;0.09;2019-03-01;Pre-covid;Pre-covid
2019;03;Castilla leon;Verd /hort  iv gama;1188.81;3029.24;2.55;71.64;0.49;1.26;2019-03-01;Pre-covid;Pre-covid
2019;03;Castilla leon;Puerro;220.68;702.72;3.18;31.4;0.09;0.29;2019-03-01;Pre-covid;Pre-covid
2019;03;Cataluña;Patatas;19367.87;18895.92;0.98;85.69;2.71;2.64;2019-03-01;Pre-covid;Pre-covid
2019;03;Cataluña;Patatas frescas;13518.03;12044.09;0.89;73.28;1.89;1.68;2019-03-01;Pre-covid;Pre-covid
2019;03;Cataluña;Patatas congeladas;497.51;687.74;1.38;11.48;0.07;0.1;2019-03-01;Pre-covid;Pre-covid
2019;03;Cataluña;Patatas procesadas;1070.46;6164.09;5.76;55.89;0.15;0.86;2019-03-01;Pre-covid;Pre-covid
2019;03;Cataluña;Patatas fritas;853.61;5827.06;6.83;52.89;0.12;0.81;2019-03-01;Pre-covid;Pre-covid
2019;03;Cataluña;Hortalizas frescas;45593.83;86833.3;1.9;96.94;6.37;12.13;2019-03-01;Pre-covid;Pre-covid
2019;03;Cataluña;Omates;8358.88;15748.75;1.88;85.46;1.17;2.2;2019-03-01;Pre-covid;Pre-covid
2019;03;Cataluña;Cebollas;5172.69;7310.79;1.41;75.08;0.72;1.02;2019-03-01;Pre-covid;Pre-covid
2019;03;Cataluña;Ajos;594.66;2373.05;3.99;38.1;0.08;0.33;2019-03-01;Pre-covid;Pre-covid
2019;03;Cataluña;Coles;1070.12;1284.78;1.2;19.07;0.15;0.18;2019-03-01;Pre-covid;Pre-covid
2019;03;Cataluña;Pepinos;849.78;1518.5;1.79;27.09;0.12;0.21;2019-03-01;Pre-covid;Pre-covid
2019;03;Cataluña;Judias verdes;1559.98;5597.87;3.59;37.22;0.22;0.78;2019-03-01;Pre-covid;Pre-covid
2019;03;Cataluña;Pimientos;2972.99;5949.58;2.0;65.03;0.42;0.83;2019-03-01;Pre-covid;Pre-covid
2019;03;Cataluña;Champiñoneso setas;951.01;3553.81;3.74;40.24;0.13;0.5;2019-03-01;Pre-covid;Pre-covid
2019;03;Cataluña;Lechuga/esc /endivia;3080.76;8660.95;2.81;71.4;0.43;1.21;2019-03-01;Pre-covid;Pre-covid
2019;03;Cataluña;Esparragos;1516.86;2219.42;1.46;21.48;0.21;0.31;2019-03-01;Pre-covid;Pre-covid
2019;03;Cataluña;Verduras de hoja;1199.07;2727.57;2.27;31.24;0.17;0.38;2019-03-01;Pre-covid;Pre-covid
2019;03;Cataluña;Berenjenas;1512.34;1996.26;1.32;40.84;0.21;0.28;2019-03-01;Pre-covid;Pre-covid
2019;03;Cataluña;Zanahorias;2030.58;2084.39;1.03;51.34;0.28;0.29;2019-03-01;Pre-covid;Pre-covid
2019;03;Cataluña;Calabacines;2786.5;3451.76;1.24;55.11;0.39;0.48;2019-03-01;Pre-covid;Pre-covid
2019;03;Cataluña;Otr hortalizas/verd ;11937.62;22355.83;1.87;86.21;1.67;3.12;2019-03-01;Pre-covid;Pre-covid
2019;03;Cataluña;Brocoli;1216.8;1764.98;1.45;27.16;0.17;0.25;2019-03-01;Pre-covid;Pre-covid
2019;03;Cataluña;Alcachofas;3789.7;5733.38;1.51;55.7;0.53;0.8;2019-03-01;Pre-covid;Pre-covid
2019;03;Cataluña;Apio;389.81;543.22;1.39;11.25;0.05;0.08;2019-03-01;Pre-covid;Pre-covid
2019;03;Cataluña;Coliflor;569.35;674.04;1.18;12.33;0.08;0.09;2019-03-01;Pre-covid;Pre-covid
2019;03;Cataluña;Verd /hort  iv gama;5200.35;13928.3;2.68;73.27;0.73;1.95;2019-03-01;Pre-covid;Pre-covid
2019;03;Cataluña;Puerro;679.24;1692.15;2.49;30.25;0.09;0.24;2019-03-01;Pre-covid;Pre-covid
2019;03;Extremadura;Patatas;2643.2;2272.28;0.86;76.93;2.25;1.93;2019-03-01;Pre-covid;Pre-covid
2019;03;Extremadura;Patatas frescas;1974.51;1607.44;0.81;70.57;1.68;1.37;2019-03-01;Pre-covid;Pre-covid
2019;03;Extremadura;Patatas congeladas;117.67;127.1;1.08;14.14;0.1;0.11;2019-03-01;Pre-covid;Pre-covid
2019;03;Extremadura;Patatas procesadas;110.2;537.74;4.88;49.6;0.09;0.46;2019-03-01;Pre-covid;Pre-covid
2019;03;Extremadura;Patatas fritas;90.9;501.38;5.52;46.7;0.08;0.43;2019-03-01;Pre-covid;Pre-covid
2019;03;Extremadura;Hortalizas frescas;4974.42;8914.81;1.79;95.8;4.23;7.57;2019-03-01;Pre-covid;Pre-covid
2019;03;Extremadura;Omates;905.81;1406.65;1.55;72.33;0.77;1.2;2019-03-01;Pre-covid;Pre-covid
2019;03;Extremadura;Cebollas;746.36;919.76;1.23;69.67;0.63;0.78;2019-03-01;Pre-covid;Pre-covid
2019;03;Extremadura;Ajos;122.3;445.56;3.64;32.62;0.1;0.38;2019-03-01;Pre-covid;Pre-covid
2019;03;Extremadura;Coles;169.73;220.51;1.3;21.53;0.14;0.19;2019-03-01;Pre-covid;Pre-covid
2019;03;Extremadura;Pepinos;97.39;171.03;1.76;21.96;0.08;0.15;2019-03-01;Pre-covid;Pre-covid
2019;03;Extremadura;Judias verdes;60.81;185.91;3.06;21.75;0.05;0.16;2019-03-01;Pre-covid;Pre-covid
2019;03;Extremadura;Pimientos;282.93;524.42;1.85;53.94;0.24;0.45;2019-03-01;Pre-covid;Pre-covid
2019;03;Extremadura;Champiñoneso setas;117.26;446.48;3.81;35.21;0.1;0.38;2019-03-01;Pre-covid;Pre-covid
2019;03;Extremadura;Lechuga/esc /endivia;278.41;808.98;2.91;59.17;0.24;0.69;2019-03-01;Pre-covid;Pre-covid
2019;03;Extremadura;Esparragos;73.84;216.24;2.93;8.41;0.06;0.18;2019-03-01;Pre-covid;Pre-covid
2019;03;Extremadura;Verduras de hoja;92.22;203.66;2.21;29.1;0.08;0.17;2019-03-01;Pre-covid;Pre-covid
2019;03;Extremadura;Berenjenas;113.2;178.11;1.57;32.42;0.1;0.15;2019-03-01;Pre-covid;Pre-covid
2019;03;Extremadura;Zanahorias;301.42;275.03;0.91;44.42;0.26;0.23;2019-03-01;Pre-covid;Pre-covid
2019;03;Extremadura;Calabacines;333.01;438.63;1.32;42.43;0.28;0.37;2019-03-01;Pre-covid;Pre-covid
2019;03;Extremadura;Otr hortalizas/verd ;1279.73;2473.86;1.93;77.12;1.09;2.1;2019-03-01;Pre-covid;Pre-covid
2019;03;Extremadura;Brocoli;129.81;190.31;1.47;22.71;0.11;0.16;2019-03-01;Pre-covid;Pre-covid
2019;03;Extremadura;Alcachofas;315.86;456.77;1.45;38.2;0.27;0.39;2019-03-01;Pre-covid;Pre-covid
2019;03;Extremadura;Apio;15.77;24.41;1.55;7.54;0.01;0.02;2019-03-01;Pre-covid;Pre-covid
2019;03;Extremadura;Coliflor;113.71;119.96;1.05;17.5;0.1;0.1;2019-03-01;Pre-covid;Pre-covid
2019;03;Extremadura;Verd /hort  iv gama;551.06;1542.4;2.8;63.7;0.47;1.31;2019-03-01;Pre-covid;Pre-covid
2019;03;Extremadura;Puerro;73.3;195.13;2.66;23.79;0.06;0.17;2019-03-01;Pre-covid;Pre-covid
2019;03;Galicia;Patatas;5865.47;5272.46;0.9;67.42;2.16;1.94;2019-03-01;Pre-covid;Pre-covid
2019;03;Galicia;Patatas frescas;4676.34;3903.82;0.83;51.89;1.72;1.44;2019-03-01;Pre-covid;Pre-covid
2019;03;Galicia;Patatas congeladas;192.83;227.31;1.18;7.74;0.07;0.08;2019-03-01;Pre-covid;Pre-covid
2019;03;Galicia;Patatas procesadas;199.26;1141.33;5.73;32.5;0.07;0.42;2019-03-01;Pre-covid;Pre-covid
2019;03;Galicia;Patatas fritas;155.36;1086.12;6.99;30.37;0.06;0.4;2019-03-01;Pre-covid;Pre-covid
2019;03;Galicia;Hortalizas frescas;10153.92;19249.03;1.9;95.99;3.74;7.09;2019-03-01;Pre-covid;Pre-covid
2019;03;Galicia;Omates;1865.6;3740.08;2.0;73.24;0.69;1.38;2019-03-01;Pre-covid;Pre-covid
2019;03;Galicia;Cebollas;1379.73;1779.55;1.29;56.27;0.51;0.66;2019-03-01;Pre-covid;Pre-covid
2019;03;Galicia;Ajos;114.08;514.65;4.51;30.93;0.04;0.19;2019-03-01;Pre-covid;Pre-covid
2019;03;Galicia;Coles;716.35;748.48;1.04;28.25;0.26;0.28;2019-03-01;Pre-covid;Pre-covid
2019;03;Galicia;Pepinos;88.09;161.43;1.83;10.34;0.03;0.06;2019-03-01;Pre-covid;Pre-covid
2019;03;Galicia;Judias verdes;226.48;800.23;3.53;27.3;0.08;0.29;2019-03-01;Pre-covid;Pre-covid
2019;03;Galicia;Pimientos;782.6;1721.47;2.2;58.93;0.29;0.63;2019-03-01;Pre-covid;Pre-covid
2019;03;Galicia;Champiñoneso setas;239.84;1014.44;4.23;29.65;0.09;0.37;2019-03-01;Pre-covid;Pre-covid
2019;03;Galicia;Lechuga/esc /endivia;1003.47;2403.67;2.4;61.27;0.37;0.88;2019-03-01;Pre-covid;Pre-covid
2019;03;Galicia;Esparragos;79.87;232.84;2.92;7.05;0.03;0.09;2019-03-01;Pre-covid;Pre-covid
2019;03;Galicia;Verduras de hoja;270.93;637.54;2.35;16.97;0.1;0.23;2019-03-01;Pre-covid;Pre-covid
2019;03;Galicia;Berenjenas;209.59;289.59;1.38;20.02;0.08;0.11;2019-03-01;Pre-covid;Pre-covid
2019;03;Galicia;Zanahorias;811.6;713.69;0.88;60.28;0.3;0.26;2019-03-01;Pre-covid;Pre-covid
2019;03;Galicia;Calabacines;438.53;578.03;1.32;37.7;0.16;0.21;2019-03-01;Pre-covid;Pre-covid
2019;03;Galicia;Otr hortalizas/verd ;1927.14;3913.33;2.03;73.23;0.71;1.44;2019-03-01;Pre-covid;Pre-covid
2019;03;Galicia;Brocoli;463.32;700.2;1.51;30.53;0.17;0.26;2019-03-01;Pre-covid;Pre-covid
2019;03;Galicia;Alcachofas;106.26;172.93;1.63;10.11;0.04;0.06;2019-03-01;Pre-covid;Pre-covid
2019;03;Galicia;Apio;27.04;52.06;1.93;3.51;0.01;0.02;2019-03-01;Pre-covid;Pre-covid
2019;03;Galicia;Coliflor;144.18;175.11;1.21;7.97;0.05;0.06;2019-03-01;Pre-covid;Pre-covid
2019;03;Galicia;Verd /hort  iv gama;1103.82;2864.39;2.59;52.85;0.41;1.05;2019-03-01;Pre-covid;Pre-covid
2019;03;Galicia;Puerro;173.96;484.74;2.79;22.77;0.06;0.18;2019-03-01;Pre-covid;Pre-covid
2019;03;La rioja;Patatas;369.81;379.74;1.03;59.25;1.14;1.17;2019-03-01;Pre-covid;Pre-covid
2019;03;La rioja;Patatas frescas;298.26;277.95;0.93;52.44;0.92;0.86;2019-03-01;Pre-covid;Pre-covid
2019;03;La rioja;Patatas congeladas;10.49;10.43;0.99;8.04;0.03;0.03;2019-03-01;Pre-covid;Pre-covid
2019;03;La rioja;Patatas procesadas;12.21;91.36;7.48;25.04;0.04;0.28;2019-03-01;Pre-covid;Pre-covid
2019;03;La rioja;Patatas fritas;12.21;91.36;7.48;25.04;0.04;0.28;2019-03-01;Pre-covid;Pre-covid
2019;03;La rioja;Hortalizas frescas;1112.0;2142.06;1.93;90.76;3.43;6.61;2019-03-01;Pre-covid;Pre-covid
2019;03;La rioja;Omates;124.29;219.65;1.77;58.21;0.38;0.68;2019-03-01;Pre-covid;Pre-covid
2019;03;La rioja;Cebollas;100.81;137.08;1.36;44.19;0.31;0.42;2019-03-01;Pre-covid;Pre-covid
2019;03;La rioja;Ajos;9.39;46.97;5.0;24.88;0.03;0.14;2019-03-01;Pre-covid;Pre-covid
2019;03;La rioja;Coles;100.89;91.46;0.91;4.85;0.31;0.28;2019-03-01;Pre-covid;Pre-covid
2019;03;La rioja;Pepinos;10.89;20.4;1.87;8.94;0.03;0.06;2019-03-01;Pre-covid;Pre-covid
2019;03;La rioja;Judias verdes;26.77;97.85;3.66;20.01;0.08;0.3;2019-03-01;Pre-covid;Pre-covid
2019;03;La rioja;Pimientos;70.65;116.85;1.65;46.15;0.22;0.36;2019-03-01;Pre-covid;Pre-covid
2019;03;La rioja;Champiñoneso setas;50.64;206.32;4.07;39.54;0.16;0.64;2019-03-01;Pre-covid;Pre-covid
2019;03;La rioja;Lechuga/esc /endivia;98.62;264.17;2.68;45.12;0.3;0.82;2019-03-01;Pre-covid;Pre-covid
2019;03;La rioja;Esparragos;8.04;49.49;6.16;10.3;0.02;0.15;2019-03-01;Pre-covid;Pre-covid
2019;03;La rioja;Verduras de hoja;34.61;85.44;2.47;20.51;0.11;0.26;2019-03-01;Pre-covid;Pre-covid
2019;03;La rioja;Berenjenas;19.84;20.33;1.02;20.47;0.06;0.06;2019-03-01;Pre-covid;Pre-covid
2019;03;La rioja;Zanahorias;47.18;41.02;0.87;43.65;0.15;0.13;2019-03-01;Pre-covid;Pre-covid
2019;03;La rioja;Calabacines;62.19;74.67;1.2;55.68;0.19;0.23;2019-03-01;Pre-covid;Pre-covid
2019;03;La rioja;Otr hortalizas/verd ;347.2;670.35;1.93;66.72;1.07;2.07;2019-03-01;Pre-covid;Pre-covid
2019;03;La rioja;Brocoli;57.27;65.9;1.15;16.24;0.18;0.2;2019-03-01;Pre-covid;Pre-covid
2019;03;La rioja;Alcachofas;114.93;198.69;1.73;35.63;0.35;0.61;2019-03-01;Pre-covid;Pre-covid
2019;03;La rioja;Apio;5.62;11.28;2.01;12.63;0.02;0.03;2019-03-01;Pre-covid;Pre-covid
2019;03;La rioja;Coliflor;11.72;10.73;0.92;7.89;0.04;0.03;2019-03-01;Pre-covid;Pre-covid
2019;03;La rioja;Verd /hort  iv gama;150.24;372.26;2.48;54.51;0.46;1.15;2019-03-01;Pre-covid;Pre-covid
2019;03;La rioja;Puerro;25.13;94.91;3.78;27.51;0.08;0.29;2019-03-01;Pre-covid;Pre-covid
2019;03;Madrid;Patatas;13748.54;12342.34;0.9;78.58;2.17;1.95;2019-03-01;Pre-covid;Pre-covid
2019;03;Madrid;Patatas frescas;9513.49;8037.89;0.84;65.84;1.5;1.27;2019-03-01;Pre-covid;Pre-covid
2019;03;Madrid;Patatas congeladas;510.14;672.1;1.32;10.16;0.08;0.11;2019-03-01;Pre-covid;Pre-covid
2019;03;Madrid;Patatas procesadas;744.98;3632.34;4.88;44.82;0.12;0.57;2019-03-01;Pre-covid;Pre-covid
2019;03;Madrid;Patatas fritas;544.78;3296.76;6.05;42.17;0.09;0.52;2019-03-01;Pre-covid;Pre-covid
2019;03;Madrid;Hortalizas frescas;32289.63;60840.54;1.88;96.9;5.1;9.62;2019-03-01;Pre-covid;Pre-covid
2019;03;Madrid;Omates;6580.35;11336.4;1.72;84.01;1.04;1.79;2019-03-01;Pre-covid;Pre-covid
2019;03;Madrid;Cebollas;3952.46;5032.05;1.27;72.89;0.62;0.8;2019-03-01;Pre-covid;Pre-covid
2019;03;Madrid;Ajos;342.26;1338.61;3.91;37.64;0.05;0.21;2019-03-01;Pre-covid;Pre-covid
2019;03;Madrid;Coles;783.78;1009.66;1.29;24.5;0.12;0.16;2019-03-01;Pre-covid;Pre-covid
2019;03;Madrid;Pepinos;621.73;1115.03;1.79;26.07;0.1;0.18;2019-03-01;Pre-covid;Pre-covid
2019;03;Madrid;Judias verdes;1066.18;3108.86;2.92;34.36;0.17;0.49;2019-03-01;Pre-covid;Pre-covid
2019;03;Madrid;Pimientos;2508.28;5142.72;2.05;65.87;0.4;0.81;2019-03-01;Pre-covid;Pre-covid
2019;03;Madrid;Champiñoneso setas;958.72;3682.25;3.84;43.45;0.15;0.58;2019-03-01;Pre-covid;Pre-covid
2019;03;Madrid;Lechuga/esc /endivia;1657.38;4875.09;2.94;63.01;0.26;0.77;2019-03-01;Pre-covid;Pre-covid
2019;03;Madrid;Esparragos;813.73;1730.32;2.13;20.15;0.13;0.27;2019-03-01;Pre-covid;Pre-covid
2019;03;Madrid;Verduras de hoja;829.08;2030.29;2.45;32.15;0.13;0.32;2019-03-01;Pre-covid;Pre-covid
2019;03;Madrid;Berenjenas;768.32;1029.05;1.34;32.54;0.12;0.16;2019-03-01;Pre-covid;Pre-covid
2019;03;Madrid;Zanahorias;1826.8;1621.24;0.89;58.23;0.29;0.26;2019-03-01;Pre-covid;Pre-covid
2019;03;Madrid;Calabacines;2706.77;3416.02;1.26;62.24;0.43;0.54;2019-03-01;Pre-covid;Pre-covid
2019;03;Madrid;Otr hortalizas/verd ;6873.78;14372.96;2.09;79.55;1.09;2.27;2019-03-01;Pre-covid;Pre-covid
2019;03;Madrid;Brocoli;788.14;1240.8;1.57;26.41;0.12;0.2;2019-03-01;Pre-covid;Pre-covid
2019;03;Madrid;Alcachofas;1387.68;2193.08;1.58;32.95;0.22;0.35;2019-03-01;Pre-covid;Pre-covid
2019;03;Madrid;Apio;183.16;303.38;1.66;9.82;0.03;0.05;2019-03-01;Pre-covid;Pre-covid
2019;03;Madrid;Coliflor;425.48;465.55;1.09;11.76;0.07;0.07;2019-03-01;Pre-covid;Pre-covid
2019;03;Madrid;Verd /hort  iv gama;3725.98;10673.25;2.86;72.7;0.59;1.69;2019-03-01;Pre-covid;Pre-covid
2019;03;Madrid;Puerro;843.53;2051.97;2.43;37.99;0.13;0.32;2019-03-01;Pre-covid;Pre-covid
2019;03;Murcia;Patatas;2982.89;2846.81;0.95;79.96;2.07;1.98;2019-03-01;Pre-covid;Pre-covid
2019;03;Murcia;Patatas frescas;2112.69;1771.42;0.84;68.83;1.47;1.23;2019-03-01;Pre-covid;Pre-covid
2019;03;Murcia;Patatas congeladas;131.68;177.58;1.35;14.16;0.09;0.12;2019-03-01;Pre-covid;Pre-covid
2019;03;Murcia;Patatas procesadas;147.71;897.81;6.08;45.81;0.1;0.62;2019-03-01;Pre-covid;Pre-covid
2019;03;Murcia;Patatas fritas;134.92;876.86;6.5;44.48;0.09;0.61;2019-03-01;Pre-covid;Pre-covid
2019;03;Murcia;Hortalizas frescas;6821.51;11711.38;1.72;96.4;4.74;8.13;2019-03-01;Pre-covid;Pre-covid
2019;03;Murcia;Omates;1503.15;2413.04;1.61;81.08;1.04;1.68;2019-03-01;Pre-covid;Pre-covid
2019;03;Murcia;Cebollas;826.18;1013.15;1.23;73.46;0.57;0.7;2019-03-01;Pre-covid;Pre-covid
2019;03;Murcia;Ajos;76.24;273.88;3.59;39.28;0.05;0.19;2019-03-01;Pre-covid;Pre-covid
2019;03;Murcia;Coles;145.05;163.57;1.13;16.06;0.1;0.11;2019-03-01;Pre-covid;Pre-covid
2019;03;Murcia;Pepinos;255.71;380.31;1.49;28.4;0.18;0.26;2019-03-01;Pre-covid;Pre-covid
2019;03;Murcia;Judias verdes;126.83;420.08;3.31;27.89;0.09;0.29;2019-03-01;Pre-covid;Pre-covid
2019;03;Murcia;Pimientos;432.93;787.17;1.82;62.99;0.3;0.55;2019-03-01;Pre-covid;Pre-covid
2019;03;Murcia;Champiñoneso setas;268.6;810.94;3.02;46.44;0.19;0.56;2019-03-01;Pre-covid;Pre-covid
2019;03;Murcia;Lechuga/esc /endivia;432.78;1104.82;2.55;59.36;0.3;0.77;2019-03-01;Pre-covid;Pre-covid
2019;03;Murcia;Esparragos;150.98;314.02;2.08;19.87;0.1;0.22;2019-03-01;Pre-covid;Pre-covid
2019;03;Murcia;Verduras de hoja;121.81;316.25;2.6;28.12;0.08;0.22;2019-03-01;Pre-covid;Pre-covid
2019;03;Murcia;Berenjenas;205.83;267.48;1.3;38.39;0.14;0.19;2019-03-01;Pre-covid;Pre-covid
2019;03;Murcia;Zanahorias;345.36;292.93;0.85;52.97;0.24;0.2;2019-03-01;Pre-covid;Pre-covid
2019;03;Murcia;Calabacines;473.49;582.16;1.23;57.44;0.33;0.4;2019-03-01;Pre-covid;Pre-covid
2019;03;Murcia;Otr hortalizas/verd ;1456.57;2571.58;1.77;82.36;1.01;1.79;2019-03-01;Pre-covid;Pre-covid
2019;03;Murcia;Brocoli;150.72;225.04;1.49;22.4;0.1;0.16;2019-03-01;Pre-covid;Pre-covid
2019;03;Murcia;Alcachofas;335.39;472.4;1.41;30.16;0.23;0.33;2019-03-01;Pre-covid;Pre-covid
2019;03;Murcia;Apio;38.32;62.96;1.64;14.33;0.03;0.04;2019-03-01;Pre-covid;Pre-covid
2019;03;Murcia;Coliflor;86.32;94.3;1.09;9.92;0.06;0.07;2019-03-01;Pre-covid;Pre-covid
2019;03;Murcia;Verd /hort  iv gama;737.19;1908.98;2.59;68.83;0.51;1.33;2019-03-01;Pre-covid;Pre-covid
2019;03;Murcia;Puerro;123.21;296.55;2.41;30.2;0.09;0.21;2019-03-01;Pre-covid;Pre-covid
2019;03;Navarra;Patatas;1224.31;1130.29;0.92;72.46;2.05;1.89;2019-03-01;Pre-covid;Pre-covid
2019;03;Navarra;Patatas frescas;980.24;842.09;0.86;61.43;1.64;1.41;2019-03-01;Pre-covid;Pre-covid
2019;03;Navarra;Patatas congeladas;21.1;23.83;1.13;4.15;0.04;0.04;2019-03-01;Pre-covid;Pre-covid
2019;03;Navarra;Patatas procesadas;44.59;264.36;5.93;36.14;0.07;0.44;2019-03-01;Pre-covid;Pre-covid
2019;03;Navarra;Patatas fritas;34.17;246.86;7.23;32.69;0.06;0.41;2019-03-01;Pre-covid;Pre-covid
2019;03;Navarra;Hortalizas frescas;2755.41;5154.68;1.87;94.45;4.61;8.62;2019-03-01;Pre-covid;Pre-covid
2019;03;Navarra;Omates;393.51;578.35;1.47;54.85;0.66;0.97;2019-03-01;Pre-covid;Pre-covid
2019;03;Navarra;Cebollas;346.46;536.9;1.55;57.6;0.58;0.9;2019-03-01;Pre-covid;Pre-covid
2019;03;Navarra;Ajos;30.94;163.19;5.27;31.67;0.05;0.27;2019-03-01;Pre-covid;Pre-covid
2019;03;Navarra;Coles;126.61;139.57;1.1;19.37;0.21;0.23;2019-03-01;Pre-covid;Pre-covid
2019;03;Navarra;Pepinos;13.3;28.33;2.13;15.06;0.02;0.05;2019-03-01;Pre-covid;Pre-covid
2019;03;Navarra;Judias verdes;92.49;322.23;3.48;51.93;0.15;0.54;2019-03-01;Pre-covid;Pre-covid
2019;03;Navarra;Pimientos;147.58;290.37;1.97;48.64;0.25;0.49;2019-03-01;Pre-covid;Pre-covid
2019;03;Navarra;Champiñoneso setas;51.14;206.87;4.05;38.97;0.09;0.35;2019-03-01;Pre-covid;Pre-covid
2019;03;Navarra;Lechuga/esc /endivia;298.3;692.97;2.32;66.87;0.5;1.16;2019-03-01;Pre-covid;Pre-covid
2019;03;Navarra;Esparragos;21.88;83.86;3.83;6.18;0.04;0.14;2019-03-01;Pre-covid;Pre-covid
2019;03;Navarra;Verduras de hoja;60.35;145.6;2.41;28.39;0.1;0.24;2019-03-01;Pre-covid;Pre-covid
2019;03;Navarra;Berenjenas;83.34;94.45;1.13;22.81;0.14;0.16;2019-03-01;Pre-covid;Pre-covid
2019;03;Navarra;Zanahorias;136.44;139.39;1.02;39.39;0.23;0.23;2019-03-01;Pre-covid;Pre-covid
2019;03;Navarra;Calabacines;192.77;237.89;1.23;43.98;0.32;0.4;2019-03-01;Pre-covid;Pre-covid
2019;03;Navarra;Otr hortalizas/verd ;760.29;1494.7;1.97;85.25;1.27;2.5;2019-03-01;Pre-covid;Pre-covid
2019;03;Navarra;Brocoli;86.99;109.06;1.25;24.33;0.15;0.18;2019-03-01;Pre-covid;Pre-covid
2019;03;Navarra;Alcachofas;273.31;393.78;1.44;26.39;0.46;0.66;2019-03-01;Pre-covid;Pre-covid
2019;03;Navarra;Apio;8.69;13.94;1.6;3.93;0.01;0.02;2019-03-01;Pre-covid;Pre-covid
2019;03;Navarra;Coliflor;35.65;40.05;1.12;11.75;0.06;0.07;2019-03-01;Pre-covid;Pre-covid
2019;03;Navarra;Verd /hort  iv gama;252.81;681.93;2.7;61.93;0.42;1.14;2019-03-01;Pre-covid;Pre-covid
2019;03;Navarra;Puerro;69.41;227.55;3.28;31.76;0.12;0.38;2019-03-01;Pre-covid;Pre-covid
2019;03;Pais vasco;Patatas;5023.9;4758.45;0.95;78.46;2.38;2.25;2019-03-01;Pre-covid;Pre-covid
2019;03;Pais vasco;Patatas frescas;3831.68;3379.68;0.88;70.81;1.81;1.6;2019-03-01;Pre-covid;Pre-covid
2019;03;Pais vasco;Patatas congeladas;108.23;135.74;1.25;8.35;0.05;0.06;2019-03-01;Pre-covid;Pre-covid
2019;03;Pais vasco;Patatas procesadas;216.8;1243.02;5.73;35.34;0.1;0.59;2019-03-01;Pre-covid;Pre-covid
2019;03;Pais vasco;Patatas fritas;155.85;1167.5;7.49;32.67;0.07;0.55;2019-03-01;Pre-covid;Pre-covid
2019;03;Pais vasco;Hortalizas frescas;10786.13;21695.33;2.01;98.11;5.1;10.26;2019-03-01;Pre-covid;Pre-covid
2019;03;Pais vasco;Omates;1823.5;3821.66;2.1;71.25;0.86;1.81;2019-03-01;Pre-covid;Pre-covid
2019;03;Pais vasco;Cebollas;1411.58;2127.02;1.51;71.92;0.67;1.01;2019-03-01;Pre-covid;Pre-covid
2019;03;Pais vasco;Ajos;146.75;711.78;4.85;44.96;0.07;0.34;2019-03-01;Pre-covid;Pre-covid
2019;03;Pais vasco;Coles;236.68;276.45;1.17;16.34;0.11;0.13;2019-03-01;Pre-covid;Pre-covid
2019;03;Pais vasco;Pepinos;158.4;308.07;1.94;17.11;0.07;0.15;2019-03-01;Pre-covid;Pre-covid
2019;03;Pais vasco;Judias verdes;348.92;1085.24;3.11;33.98;0.17;0.51;2019-03-01;Pre-covid;Pre-covid
2019;03;Pais vasco;Pimientos;768.84;1685.04;2.19;62.18;0.36;0.8;2019-03-01;Pre-covid;Pre-covid
2019;03;Pais vasco;Champiñoneso setas;315.57;1306.16;4.14;52.57;0.15;0.62;2019-03-01;Pre-covid;Pre-covid
2019;03;Pais vasco;Lechuga/esc /endivia;820.55;2147.02;2.62;66.84;0.39;1.02;2019-03-01;Pre-covid;Pre-covid
2019;03;Pais vasco;Esparragos;92.81;251.83;2.71;9.81;0.04;0.12;2019-03-01;Pre-covid;Pre-covid
2019;03;Pais vasco;Verduras de hoja;464.8;894.56;1.92;31.02;0.22;0.42;2019-03-01;Pre-covid;Pre-covid
2019;03;Pais vasco;Berenjenas;161.46;216.17;1.34;19.16;0.08;0.1;2019-03-01;Pre-covid;Pre-covid
2019;03;Pais vasco;Zanahorias;709.47;639.98;0.9;64.56;0.34;0.3;2019-03-01;Pre-covid;Pre-covid
2019;03;Pais vasco;Calabacines;888.05;1144.04;1.29;55.2;0.42;0.54;2019-03-01;Pre-covid;Pre-covid
2019;03;Pais vasco;Otr hortalizas/verd ;2438.74;5080.32;2.08;79.37;1.15;2.4;2019-03-01;Pre-covid;Pre-covid
2019;03;Pais vasco;Brocoli;532.46;656.52;1.23;24.08;0.25;0.31;2019-03-01;Pre-covid;Pre-covid
2019;03;Pais vasco;Alcachofas;367.62;551.57;1.5;22.55;0.17;0.26;2019-03-01;Pre-covid;Pre-covid
2019;03;Pais vasco;Apio;34.46;60.91;1.77;5.86;0.02;0.03;2019-03-01;Pre-covid;Pre-covid
2019;03;Pais vasco;Coliflor;115.66;177.62;1.54;10.64;0.05;0.08;2019-03-01;Pre-covid;Pre-covid
2019;03;Pais vasco;Verd /hort  iv gama;1296.43;3668.13;2.83;68.25;0.61;1.74;2019-03-01;Pre-covid;Pre-covid
2019;03;Pais vasco;Puerro;321.69;1135.69;3.53;42.09;0.15;0.54;2019-03-01;Pre-covid;Pre-covid
2019;03;Valencia;Patatas;11139.62;10754.55;0.97;81.94;2.29;2.21;2019-03-01;Pre-covid;Pre-covid
2019;03;Valencia;Patatas frescas;7765.46;6821.98;0.88;69.59;1.6;1.4;2019-03-01;Pre-covid;Pre-covid
2019;03;Valencia;Patatas congeladas;357.33;516.45;1.45;11.37;0.07;0.11;2019-03-01;Pre-covid;Pre-covid
2019;03;Valencia;Patatas procesadas;603.37;3416.12;5.66;51.65;0.12;0.7;2019-03-01;Pre-covid;Pre-covid
2019;03;Valencia;Patatas fritas;560.85;3358.54;5.99;50.94;0.12;0.69;2019-03-01;Pre-covid;Pre-covid
2019;03;Valencia;Hortalizas frescas;26767.1;49399.87;1.85;97.4;5.51;10.17;2019-03-01;Pre-covid;Pre-covid
2019;03;Valencia;Omates;5015.87;8611.89;1.72;81.17;1.03;1.77;2019-03-01;Pre-covid;Pre-covid
2019;03;Valencia;Cebollas;3001.85;3736.44;1.24;71.36;0.62;0.77;2019-03-01;Pre-covid;Pre-covid
2019;03;Valencia;Ajos;234.96;1041.28;4.43;31.05;0.05;0.21;2019-03-01;Pre-covid;Pre-covid
2019;03;Valencia;Coles;458.15;571.15;1.25;17.46;0.09;0.12;2019-03-01;Pre-covid;Pre-covid
2019;03;Valencia;Pepinos;768.84;1367.21;1.78;32.48;0.16;0.28;2019-03-01;Pre-covid;Pre-covid
2019;03;Valencia;Judias verdes;660.18;2186.96;3.31;35.48;0.14;0.45;2019-03-01;Pre-covid;Pre-covid
2019;03;Valencia;Pimientos;1879.02;3494.53;1.86;61.14;0.39;0.72;2019-03-01;Pre-covid;Pre-covid
2019;03;Valencia;Champiñoneso setas;745.61;2795.55;3.75;50.02;0.15;0.58;2019-03-01;Pre-covid;Pre-covid
2019;03;Valencia;Lechuga/esc /endivia;1551.62;4422.83;2.85;69.3;0.32;0.91;2019-03-01;Pre-covid;Pre-covid
2019;03;Valencia;Esparragos;472.99;1023.87;2.16;18.49;0.1;0.21;2019-03-01;Pre-covid;Pre-covid
2019;03;Valencia;Verduras de hoja;795.37;1797.84;2.26;32.6;0.16;0.37;2019-03-01;Pre-covid;Pre-covid
2019;03;Valencia;Berenjenas;835.42;1140.52;1.37;38.96;0.17;0.23;2019-03-01;Pre-covid;Pre-covid
2019;03;Valencia;Zanahorias;1287.58;1155.32;0.9;55.04;0.27;0.24;2019-03-01;Pre-covid;Pre-covid
2019;03;Valencia;Calabacines;1514.19;1962.24;1.3;54.81;0.31;0.4;2019-03-01;Pre-covid;Pre-covid
2019;03;Valencia;Otr hortalizas/verd ;7545.45;14092.24;1.87;86.92;1.55;2.9;2019-03-01;Pre-covid;Pre-covid
2019;03;Valencia;Brocoli;502.76;785.12;1.56;22.6;0.1;0.16;2019-03-01;Pre-covid;Pre-covid
2019;03;Valencia;Alcachofas;2490.88;3294.08;1.32;52.2;0.51;0.68;2019-03-01;Pre-covid;Pre-covid
2019;03;Valencia;Apio;142.02;214.92;1.51;10.83;0.03;0.04;2019-03-01;Pre-covid;Pre-covid
2019;03;Valencia;Coliflor;454.09;530.33;1.17;16.89;0.09;0.11;2019-03-01;Pre-covid;Pre-covid
2019;03;Valencia;Verd /hort  iv gama;2944.25;8569.67;2.91;70.59;0.61;1.76;2019-03-01;Pre-covid;Pre-covid
2019;03;Valencia;Puerro;379.14;1042.28;2.75;29.9;0.08;0.21;2019-03-01;Pre-covid;Pre-covid
2019;03;Nacional;Frutas frescas;339129.81;542032.77;1.6;96.35;7.35;11.75;2019-03-01;Pre-covid;Pre-covid
2019;03;Nacional;Naranjas;96625.02;85468.41;0.88;58.72;2.09;1.85;2019-03-01;Pre-covid;Pre-covid
2019;03;Nacional;Mandarinas;28174.41;43869.34;1.56;51.22;0.61;0.95;2019-03-01;Pre-covid;Pre-covid
2019;03;Nacional;Limones;8357.41;11719.74;1.4;32.08;0.18;0.25;2019-03-01;Pre-covid;Pre-covid
2019;03;Nacional;Platanos;54868.69;91288.67;1.66;82.24;1.19;1.98;2019-03-01;Pre-covid;Pre-covid
2019;03;Nacional;Manzanas;46754.61;66893.34;1.43;69.08;1.01;1.45;2019-03-01;Pre-covid;Pre-covid
2019;03;Nacional;Peras;21990.28;32369.63;1.47;51.48;0.48;0.7;2019-03-01;Pre-covid;Pre-covid
2019;03;Nacional;Melocotones;66.46;101.42;1.53;0.41;0.0;0.0;2019-03-01;Pre-covid;Pre-covid
2019;03;Nacional;Nectarinas;699.65;1605.53;2.29;2.2;0.02;0.03;2019-03-01;Pre-covid;Pre-covid
2019;03;Nacional;Albaricoques;129.26;191.82;1.48;0.76;0.0;0.0;2019-03-01;Pre-covid;Pre-covid
2019;03;Nacional;Fresas/freson;35088.2;93849.38;2.67;71.09;0.76;2.03;2019-03-01;Pre-covid;Pre-covid
2019;03;Nacional;Melon;5665.43;9716.91;1.72;10.15;0.12;0.21;2019-03-01;Pre-covid;Pre-covid
2019;03;Nacional;Sandia;2588.98;4386.56;1.69;6.51;0.06;0.1;2019-03-01;Pre-covid;Pre-covid
2019;03;Nacional;Ciruelas;1309.59;3704.72;2.83;7.88;0.03;0.08;2019-03-01;Pre-covid;Pre-covid
2019;03;Nacional;Cerezas;77.09;315.87;4.1;0.72;0.0;0.01;2019-03-01;Pre-covid;Pre-covid
2019;03;Nacional;Uvas;3263.66;11947.57;3.66;14.05;0.07;0.26;2019-03-01;Pre-covid;Pre-covid
2019;03;Nacional;Kiwi;12224.85;31190.28;2.55;38.84;0.27;0.68;2019-03-01;Pre-covid;Pre-covid
2019;03;Nacional;Aguacate;5563.53;19427.08;3.49;29.62;0.12;0.42;2019-03-01;Pre-covid;Pre-covid
2019;03;Nacional;Piña;7830.2;12036.14;1.54;18.63;0.17;0.26;2019-03-01;Pre-covid;Pre-covid
2019;03;Nacional;Otras frutas frescas;7852.49;21950.35;2.8;27.72;0.17;0.48;2019-03-01;Pre-covid;Pre-covid
2019;03;Nacional;Pomelo;1139.76;1898.89;1.67;3.37;0.02;0.04;2019-03-01;Pre-covid;Pre-covid
2019;03;Nacional;Chirimoya;4.71;34.72;7.37;0.03;0.0;0.0;2019-03-01;Pre-covid;Pre-covid
2019;03;Nacional;Mango;2374.6;5847.57;2.46;10.19;0.05;0.13;2019-03-01;Pre-covid;Pre-covid
2019;03;Nacional;Frutas iv gama;16505.98;29554.61;1.79;30.24;0.36;0.64;2019-03-01;Pre-covid;Pre-covid
2019;03;Andalucia;Frutas frescas;52386.5;81737.77;1.56;95.09;6.03;9.41;2019-03-01;Pre-covid;Pre-covid
2019;03;Andalucia;Naranjas;14217.76;11867.57;0.83;51.85;1.64;1.37;2019-03-01;Pre-covid;Pre-covid
2019;03;Andalucia;Mandarinas;4102.84;5994.75;1.46;46.87;0.47;0.69;2019-03-01;Pre-covid;Pre-covid
2019;03;Andalucia;Limones;1527.24;2182.0;1.43;26.25;0.18;0.25;2019-03-01;Pre-covid;Pre-covid
2019;03;Andalucia;Platanos;8996.99;14187.62;1.58;82.53;1.04;1.63;2019-03-01;Pre-covid;Pre-covid
2019;03;Andalucia;Manzanas;7150.95;9991.68;1.4;65.32;0.82;1.15;2019-03-01;Pre-covid;Pre-covid
2019;03;Andalucia;Peras;3143.33;4521.59;1.44;47.93;0.36;0.52;2019-03-01;Pre-covid;Pre-covid
2019;03;Andalucia;Melocotones;0.0;0.0;0.0;0.0;0.0;0.0;2019-03-01;Pre-covid;Pre-covid
2019;03;Andalucia;Nectarinas;176.48;392.78;2.23;2.4;0.02;0.05;2019-03-01;Pre-covid;Pre-covid
2019;03;Andalucia;Albaricoques;6.1;15.95;2.61;0.44;0.0;0.0;2019-03-01;Pre-covid;Pre-covid
2019;03;Andalucia;Fresas/freson;5641.51;14823.13;2.63;68.31;0.65;1.71;2019-03-01;Pre-covid;Pre-covid
2019;03;Andalucia;Melon;976.5;1518.12;1.55;11.24;0.11;0.17;2019-03-01;Pre-covid;Pre-covid
2019;03;Andalucia;Sandia;474.04;734.92;1.55;6.3;0.05;0.08;2019-03-01;Pre-covid;Pre-covid
2019;03;Andalucia;Ciruelas;240.89;687.57;2.85;7.73;0.03;0.08;2019-03-01;Pre-covid;Pre-covid
2019;03;Andalucia;Cerezas;5.86;43.37;7.41;0.29;0.0;0.0;2019-03-01;Pre-covid;Pre-covid
2019;03;Andalucia;Uvas;546.54;1955.43;3.58;18.17;0.06;0.23;2019-03-01;Pre-covid;Pre-covid
2019;03;Andalucia;Kiwi;1556.23;4042.25;2.6;30.42;0.18;0.47;2019-03-01;Pre-covid;Pre-covid
2019;03;Andalucia;Aguacate;949.47;3117.21;3.28;28.93;0.11;0.36;2019-03-01;Pre-covid;Pre-covid
2019;03;Andalucia;Piña;1247.43;1884.46;1.51;19.09;0.14;0.22;2019-03-01;Pre-covid;Pre-covid
2019;03;Andalucia;Otras frutas frescas;1426.33;3777.37;2.65;28.52;0.16;0.44;2019-03-01;Pre-covid;Pre-covid
2019;03;Andalucia;Pomelo;228.82;461.38;2.02;3.05;0.03;0.05;2019-03-01;Pre-covid;Pre-covid
2019;03;Andalucia;Chirimoya;2.08;16.63;7.98;0.12;0.0;0.0;2019-03-01;Pre-covid;Pre-covid
2019;03;Andalucia;Mango;495.23;1128.18;2.28;13.55;0.06;0.13;2019-03-01;Pre-covid;Pre-covid
2019;03;Andalucia;Frutas iv gama;2566.79;4881.26;1.9;33.24;0.3;0.56;2019-03-01;Pre-covid;Pre-covid
2019;03;Aragon;Frutas frescas;10387.95;16044.29;1.54;97.45;7.93;12.25;2019-03-01;Pre-covid;Pre-covid
2019;03;Aragon;Naranjas;2853.71;2433.97;0.85;69.75;2.18;1.86;2019-03-01;Pre-covid;Pre-covid
2019;03;Aragon;Mandarinas;1243.61;1796.77;1.44;54.2;0.95;1.37;2019-03-01;Pre-covid;Pre-covid
2019;03;Aragon;Limones;215.25;314.61;1.46;35.08;0.16;0.24;2019-03-01;Pre-covid;Pre-covid
2019;03;Aragon;Platanos;1384.35;2248.65;1.62;81.77;1.06;1.72;2019-03-01;Pre-covid;Pre-covid
2019;03;Aragon;Manzanas;1472.83;1958.43;1.33;69.39;1.12;1.5;2019-03-01;Pre-covid;Pre-covid
2019;03;Aragon;Peras;666.01;1017.73;1.53;53.52;0.51;0.78;2019-03-01;Pre-covid;Pre-covid
2019;03;Aragon;Melocotones;0.0;0.0;0.0;0.0;0.0;0.0;2019-03-01;Pre-covid;Pre-covid
2019;03;Aragon;Nectarinas;9.73;27.88;2.87;1.89;0.01;0.02;2019-03-01;Pre-covid;Pre-covid
2019;03;Aragon;Albaricoques;0.0;0.0;0.0;0.0;0.0;0.0;2019-03-01;Pre-covid;Pre-covid
2019;03;Aragon;Fresas/freson;1117.15;2767.36;2.48;75.43;0.85;2.11;2019-03-01;Pre-covid;Pre-covid
2019;03;Aragon;Melon;214.35;445.01;2.08;11.73;0.16;0.34;2019-03-01;Pre-covid;Pre-covid
2019;03;Aragon;Sandia;130.64;201.92;1.55;9.89;0.1;0.15;2019-03-01;Pre-covid;Pre-covid
2019;03;Aragon;Ciruelas;27.98;71.59;2.56;6.16;0.02;0.05;2019-03-01;Pre-covid;Pre-covid
2019;03;Aragon;Cerezas;0.0;0.0;0.0;0.0;0.0;0.0;2019-03-01;Pre-covid;Pre-covid
2019;03;Aragon;Uvas;89.22;327.53;3.67;21.88;0.07;0.25;2019-03-01;Pre-covid;Pre-covid
2019;03;Aragon;Kiwi;315.54;845.34;2.68;41.22;0.24;0.65;2019-03-01;Pre-covid;Pre-covid
2019;03;Aragon;Aguacate;173.68;618.84;3.56;30.72;0.13;0.47;2019-03-01;Pre-covid;Pre-covid
2019;03;Aragon;Piña;313.54;444.46;1.42;23.46;0.24;0.34;2019-03-01;Pre-covid;Pre-covid
2019;03;Aragon;Otras frutas frescas;160.37;524.2;3.27;20.11;0.12;0.4;2019-03-01;Pre-covid;Pre-covid
2019;03;Aragon;Pomelo;28.1;40.66;1.45;4.06;0.02;0.03;2019-03-01;Pre-covid;Pre-covid
2019;03;Aragon;Chirimoya;0.0;0.0;0.0;0.0;0.0;0.0;2019-03-01;Pre-covid;Pre-covid
2019;03;Aragon;Mango;38.98;82.2;2.11;9.35;0.03;0.06;2019-03-01;Pre-covid;Pre-covid
2019;03;Aragon;Frutas iv gama;482.24;888.7;1.84;26.79;0.37;0.68;2019-03-01;Pre-covid;Pre-covid
2019;03;Asturias;Frutas frescas;9177.3;15182.6;1.65;98.45;8.54;14.13;2019-03-01;Pre-covid;Pre-covid
2019;03;Asturias;Naranjas;2715.62;2846.23;1.05;73.28;2.53;2.65;2019-03-01;Pre-covid;Pre-covid
2019;03;Asturias;Mandarinas;801.75;1306.62;1.63;66.66;0.75;1.22;2019-03-01;Pre-covid;Pre-covid
2019;03;Asturias;Limones;224.61;351.38;1.56;43.0;0.21;0.33;2019-03-01;Pre-covid;Pre-covid
2019;03;Asturias;Platanos;1355.51;2307.12;1.7;82.99;1.26;2.15;2019-03-01;Pre-covid;Pre-covid
2019;03;Asturias;Manzanas;1334.2;1853.43;1.39;81.06;1.24;1.72;2019-03-01;Pre-covid;Pre-covid
2019;03;Asturias;Peras;486.18;814.43;1.68;48.86;0.45;0.76;2019-03-01;Pre-covid;Pre-covid
2019;03;Asturias;Melocotones;0.0;0.0;0.0;0.0;0.0;0.0;2019-03-01;Pre-covid;Pre-covid
2019;03;Asturias;Nectarinas;61.09;156.97;2.57;12.21;0.06;0.15;2019-03-01;Pre-covid;Pre-covid
2019;03;Asturias;Albaricoques;12.89;15.35;1.19;0.87;0.01;0.01;2019-03-01;Pre-covid;Pre-covid
2019;03;Asturias;Fresas/freson;964.95;2490.52;2.58;83.61;0.9;2.32;2019-03-01;Pre-covid;Pre-covid
2019;03;Asturias;Melon;51.73;103.76;2.01;8.92;0.05;0.1;2019-03-01;Pre-covid;Pre-covid
2019;03;Asturias;Sandia;91.74;163.14;1.78;10.55;0.09;0.15;2019-03-01;Pre-covid;Pre-covid
2019;03;Asturias;Ciruelas;14.37;45.78;3.19;5.54;0.01;0.04;2019-03-01;Pre-covid;Pre-covid
2019;03;Asturias;Cerezas;0.81;2.4;2.95;0.5;0.0;0.0;2019-03-01;Pre-covid;Pre-covid
2019;03;Asturias;Uvas;110.41;444.56;4.03;13.84;0.1;0.41;2019-03-01;Pre-covid;Pre-covid
2019;03;Asturias;Kiwi;442.87;1172.2;2.65;49.21;0.41;1.09;2019-03-01;Pre-covid;Pre-covid
2019;03;Asturias;Aguacate;90.4;307.17;3.4;24.23;0.08;0.29;2019-03-01;Pre-covid;Pre-covid
2019;03;Asturias;Piña;276.87;373.45;1.35;28.74;0.26;0.35;2019-03-01;Pre-covid;Pre-covid
2019;03;Asturias;Otras frutas frescas;141.29;428.1;3.03;24.58;0.13;0.4;2019-03-01;Pre-covid;Pre-covid
2019;03;Asturias;Pomelo;44.1;65.2;1.48;8.18;0.04;0.06;2019-03-01;Pre-covid;Pre-covid
2019;03;Asturias;Chirimoya;0.0;0.0;0.0;0.0;0.0;0.0;2019-03-01;Pre-covid;Pre-covid
2019;03;Asturias;Mango;32.2;90.1;2.8;9.33;0.03;0.08;2019-03-01;Pre-covid;Pre-covid
2019;03;Asturias;Frutas iv gama;300.45;652.32;2.17;30.49;0.28;0.61;2019-03-01;Pre-covid;Pre-covid
2019;03;Baleares;Frutas frescas;6897.94;11742.22;1.7;95.57;6.54;11.13;2019-03-01;Pre-covid;Pre-covid
2019;03;Baleares;Naranjas;1540.51;1301.14;0.84;37.52;1.46;1.23;2019-03-01;Pre-covid;Pre-covid
2019;03;Baleares;Mandarinas;362.5;551.98;1.52;27.89;0.34;0.52;2019-03-01;Pre-covid;Pre-covid
2019;03;Baleares;Limones;123.64;132.64;1.07;18.09;0.12;0.13;2019-03-01;Pre-covid;Pre-covid
2019;03;Baleares;Platanos;1416.55;2431.96;1.72;86.56;1.34;2.3;2019-03-01;Pre-covid;Pre-covid
2019;03;Baleares;Manzanas;1019.53;1421.36;1.39;70.29;0.97;1.35;2019-03-01;Pre-covid;Pre-covid
2019;03;Baleares;Peras;432.74;647.2;1.5;45.27;0.41;0.61;2019-03-01;Pre-covid;Pre-covid
2019;03;Baleares;Melocotones;0.95;6.16;6.5;0.37;0.0;0.01;2019-03-01;Pre-covid;Pre-covid
2019;03;Baleares;Nectarinas;4.36;9.46;2.17;1.27;0.0;0.01;2019-03-01;Pre-covid;Pre-covid
2019;03;Baleares;Albaricoques;0.0;0.0;0.0;0.0;0.0;0.0;2019-03-01;Pre-covid;Pre-covid
2019;03;Baleares;Fresas/freson;920.04;2413.49;2.62;75.52;0.87;2.29;2019-03-01;Pre-covid;Pre-covid
2019;03;Baleares;Melon;98.25;154.4;1.57;9.4;0.09;0.15;2019-03-01;Pre-covid;Pre-covid
2019;03;Baleares;Sandia;50.93;85.78;1.68;6.83;0.05;0.08;2019-03-01;Pre-covid;Pre-covid
2019;03;Baleares;Ciruelas;35.25;111.79;3.17;11.64;0.03;0.11;2019-03-01;Pre-covid;Pre-covid
2019;03;Baleares;Cerezas;0.0;0.0;0.0;0.0;0.0;0.0;2019-03-01;Pre-covid;Pre-covid
2019;03;Baleares;Uvas;90.51;395.04;4.36;14.21;0.09;0.37;2019-03-01;Pre-covid;Pre-covid
2019;03;Baleares;Kiwi;249.09;708.48;2.84;39.54;0.24;0.67;2019-03-01;Pre-covid;Pre-covid
2019;03;Baleares;Aguacate;168.9;664.9;3.94;32.93;0.16;0.63;2019-03-01;Pre-covid;Pre-covid
2019;03;Baleares;Piña;259.39;317.48;1.22;24.46;0.25;0.3;2019-03-01;Pre-covid;Pre-covid
2019;03;Baleares;Otras frutas frescas;124.81;388.97;3.12;29.54;0.12;0.37;2019-03-01;Pre-covid;Pre-covid
2019;03;Baleares;Pomelo;30.14;45.28;1.5;4.12;0.03;0.04;2019-03-01;Pre-covid;Pre-covid
2019;03;Baleares;Chirimoya;0.0;0.0;0.0;0.0;0.0;0.0;2019-03-01;Pre-covid;Pre-covid
2019;03;Baleares;Mango;45.17;131.19;2.9;14.08;0.04;0.12;2019-03-01;Pre-covid;Pre-covid
2019;03;Baleares;Frutas iv gama;423.9;735.74;1.74;27.04;0.4;0.7;2019-03-01;Pre-covid;Pre-covid
2019;03;Canarias;Frutas frescas;16185.06;26590.09;1.64;96.59;7.33;12.04;2019-03-01;Pre-covid;Pre-covid
2019;03;Canarias;Naranjas;4041.84;3457.39;0.86;57.79;1.83;1.57;2019-03-01;Pre-covid;Pre-covid
2019;03;Canarias;Mandarinas;1101.81;1794.56;1.63;49.56;0.5;0.81;2019-03-01;Pre-covid;Pre-covid
2019;03;Canarias;Limones;439.44;615.74;1.4;43.97;0.2;0.28;2019-03-01;Pre-covid;Pre-covid
2019;03;Canarias;Platanos;3253.36;4539.81;1.4;78.07;1.47;2.06;2019-03-01;Pre-covid;Pre-covid
2019;03;Canarias;Manzanas;2324.58;3487.27;1.5;76.73;1.05;1.58;2019-03-01;Pre-covid;Pre-covid
2019;03;Canarias;Peras;1350.25;1996.0;1.48;53.19;0.61;0.9;2019-03-01;Pre-covid;Pre-covid
2019;03;Canarias;Melocotones;6.57;17.7;2.69;1.78;0.0;0.01;2019-03-01;Pre-covid;Pre-covid
2019;03;Canarias;Nectarinas;48.26;88.79;1.84;2.3;0.02;0.04;2019-03-01;Pre-covid;Pre-covid
2019;03;Canarias;Albaricoques;10.46;13.88;1.33;1.69;0.0;0.01;2019-03-01;Pre-covid;Pre-covid
2019;03;Canarias;Fresas/freson;1078.3;3867.12;3.59;63.54;0.49;1.75;2019-03-01;Pre-covid;Pre-covid
2019;03;Canarias;Melon;103.57;241.1;2.33;8.17;0.05;0.11;2019-03-01;Pre-covid;Pre-covid
2019;03;Canarias;Sandia;0.0;0.0;0.0;0.0;0.0;0.0;2019-03-01;Pre-covid;Pre-covid
2019;03;Canarias;Ciruelas;149.05;317.52;2.13;7.48;0.07;0.14;2019-03-01;Pre-covid;Pre-covid
2019;03;Canarias;Cerezas;4.7;7.5;1.6;0.73;0.0;0.0;2019-03-01;Pre-covid;Pre-covid
2019;03;Canarias;Uvas;134.04;526.04;3.92;11.67;0.06;0.24;2019-03-01;Pre-covid;Pre-covid
2019;03;Canarias;Kiwi;760.3;1653.91;2.18;37.53;0.34;0.75;2019-03-01;Pre-covid;Pre-covid
2019;03;Canarias;Aguacate;654.7;2442.38;3.73;45.19;0.3;1.11;2019-03-01;Pre-covid;Pre-covid
2019;03;Canarias;Piña;15.9;39.71;2.5;1.92;0.01;0.02;2019-03-01;Pre-covid;Pre-covid
2019;03;Canarias;Otras frutas frescas;707.94;1483.69;2.1;38.89;0.32;0.67;2019-03-01;Pre-covid;Pre-covid
2019;03;Canarias;Pomelo;65.41;114.67;1.75;4.75;0.03;0.05;2019-03-01;Pre-covid;Pre-covid
2019;03;Canarias;Chirimoya;0.0;0.0;0.0;0.0;0.0;0.0;2019-03-01;Pre-covid;Pre-covid
2019;03;Canarias;Mango;57.42;149.06;2.6;3.66;0.03;0.07;2019-03-01;Pre-covid;Pre-covid
2019;03;Canarias;Frutas iv gama;1221.05;1895.88;1.55;28.41;0.55;0.86;2019-03-01;Pre-covid;Pre-covid
2019;03;Cantabria;Frutas frescas;4182.97;6841.93;1.64;98.31;7.42;12.14;2019-03-01;Pre-covid;Pre-covid
2019;03;Cantabria;Naranjas;1077.75;992.89;0.92;52.83;1.91;1.76;2019-03-01;Pre-covid;Pre-covid
2019;03;Cantabria;Mandarinas;443.27;644.26;1.45;70.77;0.79;1.14;2019-03-01;Pre-covid;Pre-covid
2019;03;Cantabria;Limones;76.61;126.96;1.66;39.73;0.14;0.23;2019-03-01;Pre-covid;Pre-covid
2019;03;Cantabria;Platanos;646.88;1018.48;1.57;82.44;1.15;1.81;2019-03-01;Pre-covid;Pre-covid
2019;03;Cantabria;Manzanas;701.96;958.08;1.36;68.95;1.25;1.7;2019-03-01;Pre-covid;Pre-covid
2019;03;Cantabria;Peras;257.35;371.83;1.44;45.61;0.46;0.66;2019-03-01;Pre-covid;Pre-covid
2019;03;Cantabria;Melocotones;0.0;0.0;0.0;0.0;0.0;0.0;2019-03-01;Pre-covid;Pre-covid
2019;03;Cantabria;Nectarinas;20.4;91.96;4.51;2.92;0.04;0.16;2019-03-01;Pre-covid;Pre-covid
2019;03;Cantabria;Albaricoques;8.06;12.82;1.59;3.74;0.01;0.02;2019-03-01;Pre-covid;Pre-covid
2019;03;Cantabria;Fresas/freson;474.78;1342.2;2.83;68.44;0.84;2.38;2019-03-01;Pre-covid;Pre-covid
2019;03;Cantabria;Melon;45.73;86.92;1.9;8.65;0.08;0.15;2019-03-01;Pre-covid;Pre-covid
2019;03;Cantabria;Sandia;29.42;48.27;1.64;4.83;0.05;0.09;2019-03-01;Pre-covid;Pre-covid
2019;03;Cantabria;Ciruelas;4.88;12.32;2.52;4.38;0.01;0.02;2019-03-01;Pre-covid;Pre-covid
2019;03;Cantabria;Cerezas;4.07;9.27;2.28;1.02;0.01;0.02;2019-03-01;Pre-covid;Pre-covid
2019;03;Cantabria;Uvas;48.52;201.06;4.14;16.77;0.09;0.36;2019-03-01;Pre-covid;Pre-covid
2019;03;Cantabria;Kiwi;137.79;399.93;2.9;27.59;0.24;0.71;2019-03-01;Pre-covid;Pre-covid
2019;03;Cantabria;Aguacate;53.69;203.67;3.79;28.36;0.1;0.36;2019-03-01;Pre-covid;Pre-covid
2019;03;Cantabria;Piña;94.68;107.28;1.13;19.49;0.17;0.19;2019-03-01;Pre-covid;Pre-covid
2019;03;Cantabria;Otras frutas frescas;57.12;213.72;3.74;19.34;0.1;0.38;2019-03-01;Pre-covid;Pre-covid
2019;03;Cantabria;Pomelo;8.66;14.54;1.68;3.71;0.02;0.03;2019-03-01;Pre-covid;Pre-covid
2019;03;Cantabria;Chirimoya;0.0;0.0;0.0;0.0;0.0;0.0;2019-03-01;Pre-covid;Pre-covid
2019;03;Cantabria;Mango;14.68;31.39;2.14;3.05;0.03;0.06;2019-03-01;Pre-covid;Pre-covid
2019;03;Cantabria;Frutas iv gama;302.61;510.0;1.69;38.83;0.54;0.9;2019-03-01;Pre-covid;Pre-covid
2019;03;Castilla la mancha;Frutas frescas;14102.91;21764.37;1.54;96.55;6.73;10.39;2019-03-01;Pre-covid;Pre-covid
2019;03;Castilla la mancha;Naranjas;4084.13;3381.43;0.83;62.02;1.95;1.61;2019-03-01;Pre-covid;Pre-covid
2019;03;Castilla la mancha;Mandarinas;1334.4;2028.55;1.52;56.36;0.64;0.97;2019-03-01;Pre-covid;Pre-covid
2019;03;Castilla la mancha;Limones;287.34;368.75;1.28;30.78;0.14;0.18;2019-03-01;Pre-covid;Pre-covid
2019;03;Castilla la mancha;Platanos;2462.91;4131.32;1.68;82.37;1.18;1.97;2019-03-01;Pre-covid;Pre-covid
2019;03;Castilla la mancha;Manzanas;1717.55;2433.26;1.42;63.69;0.82;1.16;2019-03-01;Pre-covid;Pre-covid
2019;03;Castilla la mancha;Peras;1051.6;1536.55;1.46;60.54;0.5;0.73;2019-03-01;Pre-covid;Pre-covid
2019;03;Castilla la mancha;Melocotones;0.0;0.0;0.0;0.0;0.0;0.0;2019-03-01;Pre-covid;Pre-covid
2019;03;Castilla la mancha;Nectarinas;32.47;67.49;2.08;3.24;0.02;0.03;2019-03-01;Pre-covid;Pre-covid
2019;03;Castilla la mancha;Albaricoques;15.85;21.71;1.37;1.57;0.01;0.01;2019-03-01;Pre-covid;Pre-covid
2019;03;Castilla la mancha;Fresas/freson;1698.07;4346.62;2.56;78.38;0.81;2.07;2019-03-01;Pre-covid;Pre-covid
2019;03;Castilla la mancha;Melon;168.38;257.74;1.53;10.27;0.08;0.12;2019-03-01;Pre-covid;Pre-covid
2019;03;Castilla la mancha;Sandia;40.2;77.01;1.92;3.89;0.02;0.04;2019-03-01;Pre-covid;Pre-covid
2019;03;Castilla la mancha;Ciruelas;75.83;194.58;2.57;8.46;0.04;0.09;2019-03-01;Pre-covid;Pre-covid
2019;03;Castilla la mancha;Cerezas;5.65;8.47;1.5;0.43;0.0;0.0;2019-03-01;Pre-covid;Pre-covid
2019;03;Castilla la mancha;Uvas;84.72;283.83;3.35;11.08;0.04;0.14;2019-03-01;Pre-covid;Pre-covid
2019;03;Castilla la mancha;Kiwi;403.81;932.02;2.31;39.4;0.19;0.44;2019-03-01;Pre-covid;Pre-covid
2019;03;Castilla la mancha;Aguacate;216.17;772.84;3.58;24.22;0.1;0.37;2019-03-01;Pre-covid;Pre-covid
2019;03;Castilla la mancha;Piña;199.24;261.46;1.31;18.49;0.1;0.12;2019-03-01;Pre-covid;Pre-covid
2019;03;Castilla la mancha;Otras frutas frescas;224.6;660.74;2.94;24.71;0.11;0.32;2019-03-01;Pre-covid;Pre-covid
2019;03;Castilla la mancha;Pomelo;23.73;35.16;1.48;2.4;0.01;0.02;2019-03-01;Pre-covid;Pre-covid
2019;03;Castilla la mancha;Chirimoya;0.0;0.0;0.0;0.0;0.0;0.0;2019-03-01;Pre-covid;Pre-covid
2019;03;Castilla la mancha;Mango;75.26;246.36;3.27;5.73;0.04;0.12;2019-03-01;Pre-covid;Pre-covid
2019;03;Castilla la mancha;Frutas iv gama;607.18;1188.41;1.96;30.14;0.29;0.57;2019-03-01;Pre-covid;Pre-covid
2019;03;Castilla leon;Frutas frescas;20696.26;30386.63;1.47;96.79;8.61;12.64;2019-03-01;Pre-covid;Pre-covid
2019;03;Castilla leon;Naranjas;6977.78;5871.68;0.84;70.96;2.9;2.44;2019-03-01;Pre-covid;Pre-covid
2019;03;Castilla leon;Mandarinas;1638.11;2405.02;1.47;58.54;0.68;1.0;2019-03-01;Pre-covid;Pre-covid
2019;03;Castilla leon;Limones;619.59;840.1;1.36;41.77;0.26;0.35;2019-03-01;Pre-covid;Pre-covid
2019;03;Castilla leon;Platanos;2985.8;4958.14;1.66;85.3;1.24;2.06;2019-03-01;Pre-covid;Pre-covid
2019;03;Castilla leon;Manzanas;2673.87;3627.71;1.36;68.64;1.11;1.51;2019-03-01;Pre-covid;Pre-covid
2019;03;Castilla leon;Peras;1467.68;2032.02;1.38;58.5;0.61;0.85;2019-03-01;Pre-covid;Pre-covid
2019;03;Castilla leon;Melocotones;10.06;13.11;1.3;0.39;0.0;0.01;2019-03-01;Pre-covid;Pre-covid
2019;03;Castilla leon;Nectarinas;29.23;43.78;1.5;2.55;0.01;0.02;2019-03-01;Pre-covid;Pre-covid
2019;03;Castilla leon;Albaricoques;3.55;9.62;2.71;0.59;0.0;0.0;2019-03-01;Pre-covid;Pre-covid
2019;03;Castilla leon;Fresas/freson;1817.04;4753.91;2.62;69.48;0.76;1.98;2019-03-01;Pre-covid;Pre-covid
2019;03;Castilla leon;Melon;250.22;396.81;1.59;11.8;0.1;0.17;2019-03-01;Pre-covid;Pre-covid
2019;03;Castilla leon;Sandia;144.15;195.7;1.36;4.72;0.06;0.08;2019-03-01;Pre-covid;Pre-covid
2019;03;Castilla leon;Ciruelas;36.39;108.94;2.99;4.95;0.02;0.05;2019-03-01;Pre-covid;Pre-covid
2019;03;Castilla leon;Cerezas;0.58;9.24;15.98;0.26;0.0;0.0;2019-03-01;Pre-covid;Pre-covid
2019;03;Castilla leon;Uvas;124.88;431.63;3.46;14.66;0.05;0.18;2019-03-01;Pre-covid;Pre-covid
2019;03;Castilla leon;Kiwi;780.12;2076.82;2.66;40.95;0.32;0.86;2019-03-01;Pre-covid;Pre-covid
2019;03;Castilla leon;Aguacate;274.2;843.5;3.08;25.56;0.11;0.35;2019-03-01;Pre-covid;Pre-covid
2019;03;Castilla leon;Piña;438.85;553.38;1.26;18.01;0.18;0.23;2019-03-01;Pre-covid;Pre-covid
2019;03;Castilla leon;Otras frutas frescas;424.16;1215.53;2.87;25.35;0.18;0.51;2019-03-01;Pre-covid;Pre-covid
2019;03;Castilla leon;Pomelo;74.91;116.82;1.56;5.02;0.03;0.05;2019-03-01;Pre-covid;Pre-covid
2019;03;Castilla leon;Chirimoya;0.0;0.0;0.0;0.0;0.0;0.0;2019-03-01;Pre-covid;Pre-covid
2019;03;Castilla leon;Mango;164.4;406.87;2.47;10.18;0.07;0.17;2019-03-01;Pre-covid;Pre-covid
2019;03;Castilla leon;Frutas iv gama;825.52;1347.56;1.63;28.77;0.34;0.56;2019-03-01;Pre-covid;Pre-covid
2019;03;Cataluña;Frutas frescas;58156.38;96754.71;1.66;96.3;8.12;13.52;2019-03-01;Pre-covid;Pre-covid
2019;03;Cataluña;Naranjas;16759.83;15900.75;0.95;61.59;2.34;2.22;2019-03-01;Pre-covid;Pre-covid
2019;03;Cataluña;Mandarinas;5280.89;8614.83;1.63;54.56;0.74;1.2;2019-03-01;Pre-covid;Pre-covid
2019;03;Cataluña;Limones;1396.39;2035.16;1.46;30.5;0.2;0.28;2019-03-01;Pre-covid;Pre-covid
2019;03;Cataluña;Platanos;9132.99;16128.79;1.77;83.77;1.28;2.25;2019-03-01;Pre-covid;Pre-covid
2019;03;Cataluña;Manzanas;7749.31;11586.16;1.5;69.54;1.08;1.62;2019-03-01;Pre-covid;Pre-covid
2019;03;Cataluña;Peras;3744.14;5593.47;1.49;53.33;0.52;0.78;2019-03-01;Pre-covid;Pre-covid
2019;03;Cataluña;Melocotones;33.63;41.56;1.24;0.92;0.0;0.01;2019-03-01;Pre-covid;Pre-covid
2019;03;Cataluña;Nectarinas;37.16;114.67;3.09;1.34;0.01;0.02;2019-03-01;Pre-covid;Pre-covid
2019;03;Cataluña;Albaricoques;23.22;32.3;1.39;0.41;0.0;0.0;2019-03-01;Pre-covid;Pre-covid
2019;03;Cataluña;Fresas/freson;5711.66;15824.53;2.77;70.69;0.8;2.21;2019-03-01;Pre-covid;Pre-covid
2019;03;Cataluña;Melon;1254.44;2137.65;1.7;11.43;0.18;0.3;2019-03-01;Pre-covid;Pre-covid
2019;03;Cataluña;Sandia;400.89;808.24;2.02;6.11;0.06;0.11;2019-03-01;Pre-covid;Pre-covid
2019;03;Cataluña;Ciruelas;252.08;832.7;3.3;10.52;0.04;0.12;2019-03-01;Pre-covid;Pre-covid
2019;03;Cataluña;Cerezas;8.22;48.67;5.92;0.83;0.0;0.01;2019-03-01;Pre-covid;Pre-covid
2019;03;Cataluña;Uvas;741.75;2815.35;3.8;14.94;0.1;0.39;2019-03-01;Pre-covid;Pre-covid
2019;03;Cataluña;Kiwi;1953.68;5116.7;2.62;42.17;0.27;0.71;2019-03-01;Pre-covid;Pre-covid
2019;03;Cataluña;Aguacate;859.97;2926.27;3.4;31.44;0.12;0.41;2019-03-01;Pre-covid;Pre-covid
2019;03;Cataluña;Piña;1583.41;2635.99;1.66;19.61;0.22;0.37;2019-03-01;Pre-covid;Pre-covid
2019;03;Cataluña;Otras frutas frescas;1232.73;3560.92;2.89;26.85;0.17;0.5;2019-03-01;Pre-covid;Pre-covid
2019;03;Cataluña;Pomelo;105.55;174.07;1.65;1.77;0.01;0.02;2019-03-01;Pre-covid;Pre-covid
2019;03;Cataluña;Chirimoya;0.0;0.0;0.0;0.0;0.0;0.0;2019-03-01;Pre-covid;Pre-covid
2019;03;Cataluña;Mango;526.21;1223.5;2.33;11.97;0.07;0.17;2019-03-01;Pre-covid;Pre-covid
2019;03;Cataluña;Frutas iv gama;2608.81;4868.05;1.87;31.47;0.36;0.68;2019-03-01;Pre-covid;Pre-covid
2019;03;Extremadura;Frutas frescas;8341.62;12324.61;1.48;97.25;7.09;10.47;2019-03-01;Pre-covid;Pre-covid
2019;03;Extremadura;Naranjas;3076.61;2623.84;0.85;60.89;2.61;2.23;2019-03-01;Pre-covid;Pre-covid
2019;03;Extremadura;Mandarinas;563.7;883.5;1.57;46.0;0.48;0.75;2019-03-01;Pre-covid;Pre-covid
2019;03;Extremadura;Limones;149.86;214.76;1.43;20.4;0.13;0.18;2019-03-01;Pre-covid;Pre-covid
2019;03;Extremadura;Platanos;1280.56;2164.87;1.69;86.29;1.09;1.84;2019-03-01;Pre-covid;Pre-covid
2019;03;Extremadura;Manzanas;1102.43;1512.78;1.37;66.98;0.94;1.29;2019-03-01;Pre-covid;Pre-covid
2019;03;Extremadura;Peras;475.43;648.29;1.36;51.64;0.4;0.55;2019-03-01;Pre-covid;Pre-covid
2019;03;Extremadura;Melocotones;0.0;0.0;0.0;0.0;0.0;0.0;2019-03-01;Pre-covid;Pre-covid
2019;03;Extremadura;Nectarinas;47.73;74.18;1.55;4.16;0.04;0.06;2019-03-01;Pre-covid;Pre-covid
2019;03;Extremadura;Albaricoques;0.0;0.0;0.0;0.0;0.0;0.0;2019-03-01;Pre-covid;Pre-covid
2019;03;Extremadura;Fresas/freson;744.99;1921.31;2.58;72.37;0.63;1.63;2019-03-01;Pre-covid;Pre-covid
2019;03;Extremadura;Melon;76.89;134.83;1.75;8.36;0.07;0.11;2019-03-01;Pre-covid;Pre-covid
2019;03;Extremadura;Sandia;43.99;74.11;1.68;4.64;0.04;0.06;2019-03-01;Pre-covid;Pre-covid
2019;03;Extremadura;Ciruelas;28.46;77.94;2.74;9.53;0.02;0.07;2019-03-01;Pre-covid;Pre-covid
2019;03;Extremadura;Cerezas;0.0;0.0;0.0;0.0;0.0;0.0;2019-03-01;Pre-covid;Pre-covid
2019;03;Extremadura;Uvas;28.21;105.1;3.73;7.76;0.02;0.09;2019-03-01;Pre-covid;Pre-covid
2019;03;Extremadura;Kiwi;306.21;683.3;2.23;45.34;0.26;0.58;2019-03-01;Pre-covid;Pre-covid
2019;03;Extremadura;Aguacate;134.13;478.95;3.57;23.21;0.11;0.41;2019-03-01;Pre-covid;Pre-covid
2019;03;Extremadura;Piña;113.22;217.7;1.92;14.7;0.1;0.18;2019-03-01;Pre-covid;Pre-covid
2019;03;Extremadura;Otras frutas frescas;169.2;509.15;3.01;30.02;0.14;0.43;2019-03-01;Pre-covid;Pre-covid
2019;03;Extremadura;Pomelo;22.1;32.49;1.47;2.61;0.02;0.03;2019-03-01;Pre-covid;Pre-covid
2019;03;Extremadura;Chirimoya;0.0;0.0;0.0;0.0;0.0;0.0;2019-03-01;Pre-covid;Pre-covid
2019;03;Extremadura;Mango;46.02;106.2;2.31;11.72;0.04;0.09;2019-03-01;Pre-covid;Pre-covid
2019;03;Extremadura;Frutas iv gama;507.21;882.25;1.74;37.19;0.43;0.75;2019-03-01;Pre-covid;Pre-covid
2019;03;Galicia;Frutas frescas;23490.98;37039.07;1.58;97.89;8.65;13.64;2019-03-01;Pre-covid;Pre-covid
2019;03;Galicia;Naranjas;7435.33;6353.25;0.85;68.12;2.74;2.34;2019-03-01;Pre-covid;Pre-covid
2019;03;Galicia;Mandarinas;1738.2;2680.56;1.54;53.02;0.64;0.99;2019-03-01;Pre-covid;Pre-covid
2019;03;Galicia;Limones;513.19;704.25;1.37;33.25;0.19;0.26;2019-03-01;Pre-covid;Pre-covid
2019;03;Galicia;Platanos;3561.99;6400.48;1.8;84.04;1.31;2.36;2019-03-01;Pre-covid;Pre-covid
2019;03;Galicia;Manzanas;3823.81;5222.16;1.37;72.92;1.41;1.92;2019-03-01;Pre-covid;Pre-covid
2019;03;Galicia;Peras;1379.55;2067.08;1.5;52.67;0.51;0.76;2019-03-01;Pre-covid;Pre-covid
2019;03;Galicia;Melocotones;0.0;0.0;0.0;0.0;0.0;0.0;2019-03-01;Pre-covid;Pre-covid
2019;03;Galicia;Nectarinas;46.97;140.17;2.98;3.58;0.02;0.05;2019-03-01;Pre-covid;Pre-covid
2019;03;Galicia;Albaricoques;4.18;8.57;2.05;0.85;0.0;0.0;2019-03-01;Pre-covid;Pre-covid
2019;03;Galicia;Fresas/freson;2090.93;5850.8;2.8;69.45;0.77;2.15;2019-03-01;Pre-covid;Pre-covid
2019;03;Galicia;Melon;301.31;498.61;1.65;5.9;0.11;0.18;2019-03-01;Pre-covid;Pre-covid
2019;03;Galicia;Sandia;94.64;160.79;1.7;4.29;0.03;0.06;2019-03-01;Pre-covid;Pre-covid
2019;03;Galicia;Ciruelas;43.83;136.74;3.12;4.19;0.02;0.05;2019-03-01;Pre-covid;Pre-covid
2019;03;Galicia;Cerezas;8.23;22.59;2.75;0.75;0.0;0.01;2019-03-01;Pre-covid;Pre-covid
2019;03;Galicia;Uvas;243.73;846.42;3.47;17.09;0.09;0.31;2019-03-01;Pre-covid;Pre-covid
2019;03;Galicia;Kiwi;942.33;2178.37;2.31;39.03;0.35;0.8;2019-03-01;Pre-covid;Pre-covid
2019;03;Galicia;Aguacate;281.0;1213.3;4.32;27.84;0.1;0.45;2019-03-01;Pre-covid;Pre-covid
2019;03;Galicia;Piña;549.02;860.1;1.57;23.48;0.2;0.32;2019-03-01;Pre-covid;Pre-covid
2019;03;Galicia;Otras frutas frescas;432.75;1694.84;3.92;31.18;0.16;0.62;2019-03-01;Pre-covid;Pre-covid
2019;03;Galicia;Pomelo;85.32;120.38;1.41;3.6;0.03;0.04;2019-03-01;Pre-covid;Pre-covid
2019;03;Galicia;Chirimoya;0.0;0.0;0.0;0.0;0.0;0.0;2019-03-01;Pre-covid;Pre-covid
2019;03;Galicia;Mango;100.67;308.57;3.07;9.9;0.04;0.11;2019-03-01;Pre-covid;Pre-covid
2019;03;Galicia;Frutas iv gama;859.46;1734.11;2.02;26.83;0.32;0.64;2019-03-01;Pre-covid;Pre-covid
2019;03;La rioja;Frutas frescas;2023.67;3474.66;1.72;99.55;6.25;10.72;2019-03-01;Pre-covid;Pre-covid
2019;03;La rioja;Naranjas;554.78;533.26;0.96;51.83;1.71;1.65;2019-03-01;Pre-covid;Pre-covid
2019;03;La rioja;Mandarinas;180.83;277.0;1.53;53.64;0.56;0.85;2019-03-01;Pre-covid;Pre-covid
2019;03;La rioja;Limones;65.77;111.29;1.69;48.14;0.2;0.34;2019-03-01;Pre-covid;Pre-covid
2019;03;La rioja;Platanos;395.12;685.38;1.73;88.87;1.22;2.12;2019-03-01;Pre-covid;Pre-covid
2019;03;La rioja;Manzanas;275.29;426.99;1.55;67.57;0.85;1.32;2019-03-01;Pre-covid;Pre-covid
2019;03;La rioja;Peras;103.56;153.78;1.48;52.17;0.32;0.47;2019-03-01;Pre-covid;Pre-covid
2019;03;La rioja;Melocotones;0.0;0.0;0.0;0.0;0.0;0.0;2019-03-01;Pre-covid;Pre-covid
2019;03;La rioja;Nectarinas;0.0;0.0;0.0;0.0;0.0;0.0;2019-03-01;Pre-covid;Pre-covid
2019;03;La rioja;Albaricoques;0.0;0.0;0.0;0.0;0.0;0.0;2019-03-01;Pre-covid;Pre-covid
2019;03;La rioja;Fresas/freson;212.64;550.94;2.59;62.06;0.66;1.7;2019-03-01;Pre-covid;Pre-covid
2019;03;La rioja;Melon;18.73;36.31;1.94;5.78;0.06;0.11;2019-03-01;Pre-covid;Pre-covid
2019;03;La rioja;Sandia;7.19;11.69;1.63;3.0;0.02;0.04;2019-03-01;Pre-covid;Pre-covid
2019;03;La rioja;Ciruelas;10.47;28.63;2.73;15.83;0.03;0.09;2019-03-01;Pre-covid;Pre-covid
2019;03;La rioja;Cerezas;0.0;0.0;0.0;0.0;0.0;0.0;2019-03-01;Pre-covid;Pre-covid
2019;03;La rioja;Uvas;5.67;30.09;5.31;7.81;0.02;0.09;2019-03-01;Pre-covid;Pre-covid
2019;03;La rioja;Kiwi;93.13;311.84;3.35;30.64;0.29;0.96;2019-03-01;Pre-covid;Pre-covid
2019;03;La rioja;Aguacate;33.54;159.22;4.75;21.24;0.1;0.49;2019-03-01;Pre-covid;Pre-covid
2019;03;La rioja;Piña;21.38;29.83;1.4;6.93;0.07;0.09;2019-03-01;Pre-covid;Pre-covid
2019;03;La rioja;Otras frutas frescas;45.57;128.41;2.82;27.91;0.14;0.4;2019-03-01;Pre-covid;Pre-covid
2019;03;La rioja;Pomelo;14.64;21.96;1.5;3.67;0.05;0.07;2019-03-01;Pre-covid;Pre-covid
2019;03;La rioja;Chirimoya;0.0;0.0;0.0;0.0;0.0;0.0;2019-03-01;Pre-covid;Pre-covid
2019;03;La rioja;Mango;4.53;13.32;2.94;2.09;0.01;0.04;2019-03-01;Pre-covid;Pre-covid
2019;03;La rioja;Frutas iv gama;24.89;39.53;1.59;18.61;0.08;0.12;2019-03-01;Pre-covid;Pre-covid
2019;03;Madrid;Frutas frescas;49213.54;79116.33;1.61;96.43;7.78;12.5;2019-03-01;Pre-covid;Pre-covid
2019;03;Madrid;Naranjas;13747.34;12191.78;0.89;66.62;2.17;1.93;2019-03-01;Pre-covid;Pre-covid
2019;03;Madrid;Mandarinas;4524.01;7389.55;1.63;59.91;0.71;1.17;2019-03-01;Pre-covid;Pre-covid
2019;03;Madrid;Limones;1320.98;1794.21;1.36;41.88;0.21;0.28;2019-03-01;Pre-covid;Pre-covid
2019;03;Madrid;Platanos;7050.37;11925.86;1.69;80.91;1.11;1.88;2019-03-01;Pre-covid;Pre-covid
2019;03;Madrid;Manzanas;6557.97;9508.79;1.45;71.98;1.04;1.5;2019-03-01;Pre-covid;Pre-covid
2019;03;Madrid;Peras;3422.51;4973.92;1.45;53.31;0.54;0.79;2019-03-01;Pre-covid;Pre-covid
2019;03;Madrid;Melocotones;6.03;7.95;1.32;0.37;0.0;0.0;2019-03-01;Pre-covid;Pre-covid
2019;03;Madrid;Nectarinas;130.3;268.42;2.06;1.95;0.02;0.04;2019-03-01;Pre-covid;Pre-covid
2019;03;Madrid;Albaricoques;22.61;27.6;1.22;1.23;0.0;0.0;2019-03-01;Pre-covid;Pre-covid
2019;03;Madrid;Fresas/freson;5422.31;13816.79;2.55;74.28;0.86;2.18;2019-03-01;Pre-covid;Pre-covid
2019;03;Madrid;Melon;820.54;1585.88;1.93;10.11;0.13;0.25;2019-03-01;Pre-covid;Pre-covid
2019;03;Madrid;Sandia;358.54;585.67;1.63;8.31;0.06;0.09;2019-03-01;Pre-covid;Pre-covid
2019;03;Madrid;Ciruelas;225.29;606.22;2.69;9.72;0.04;0.1;2019-03-01;Pre-covid;Pre-covid
2019;03;Madrid;Cerezas;24.88;103.7;4.17;1.82;0.0;0.02;2019-03-01;Pre-covid;Pre-covid
2019;03;Madrid;Uvas;405.99;1439.7;3.55;10.9;0.06;0.23;2019-03-01;Pre-covid;Pre-covid
2019;03;Madrid;Kiwi;1979.06;4994.73;2.52;43.79;0.31;0.79;2019-03-01;Pre-covid;Pre-covid
2019;03;Madrid;Aguacate;706.35;2329.13;3.3;31.46;0.11;0.37;2019-03-01;Pre-covid;Pre-covid
2019;03;Madrid;Piña;1037.81;1553.07;1.5;18.5;0.16;0.25;2019-03-01;Pre-covid;Pre-covid
2019;03;Madrid;Otras frutas frescas;1450.63;4013.36;2.77;32.84;0.23;0.63;2019-03-01;Pre-covid;Pre-covid
2019;03;Madrid;Pomelo;100.6;164.07;1.63;3.33;0.02;0.03;2019-03-01;Pre-covid;Pre-covid
2019;03;Madrid;Chirimoya;0.0;0.0;0.0;0.0;0.0;0.0;2019-03-01;Pre-covid;Pre-covid
2019;03;Madrid;Mango;431.36;1021.1;2.37;9.75;0.07;0.16;2019-03-01;Pre-covid;Pre-covid
2019;03;Madrid;Frutas iv gama;2200.78;3591.8;1.63;32.35;0.35;0.57;2019-03-01;Pre-covid;Pre-covid
2019;03;Murcia;Frutas frescas;7898.34;12821.1;1.62;94.98;5.48;8.9;2019-03-01;Pre-covid;Pre-covid
2019;03;Murcia;Naranjas;1704.56;1423.18;0.83;46.05;1.18;0.99;2019-03-01;Pre-covid;Pre-covid
2019;03;Murcia;Mandarinas;420.94;714.49;1.7;39.83;0.29;0.5;2019-03-01;Pre-covid;Pre-covid
2019;03;Murcia;Limones;167.02;192.27;1.15;15.64;0.12;0.13;2019-03-01;Pre-covid;Pre-covid
2019;03;Murcia;Platanos;1669.0;2653.57;1.59;77.41;1.16;1.84;2019-03-01;Pre-covid;Pre-covid
2019;03;Murcia;Manzanas;1127.39;1584.88;1.41;65.5;0.78;1.1;2019-03-01;Pre-covid;Pre-covid
2019;03;Murcia;Peras;682.13;953.75;1.4;45.71;0.47;0.66;2019-03-01;Pre-covid;Pre-covid
2019;03;Murcia;Melocotones;0.0;0.0;0.0;0.0;0.0;0.0;2019-03-01;Pre-covid;Pre-covid
2019;03;Murcia;Nectarinas;0.66;2.63;4.0;0.47;0.0;0.0;2019-03-01;Pre-covid;Pre-covid
2019;03;Murcia;Albaricoques;7.91;13.93;1.76;1.98;0.01;0.01;2019-03-01;Pre-covid;Pre-covid
2019;03;Murcia;Fresas/freson;936.29;2470.19;2.64;69.44;0.65;1.72;2019-03-01;Pre-covid;Pre-covid
2019;03;Murcia;Melon;104.49;208.15;1.99;13.57;0.07;0.14;2019-03-01;Pre-covid;Pre-covid
2019;03;Murcia;Sandia;143.72;246.23;1.71;15.09;0.1;0.17;2019-03-01;Pre-covid;Pre-covid
2019;03;Murcia;Ciruelas;14.25;50.26;3.53;4.02;0.01;0.03;2019-03-01;Pre-covid;Pre-covid
2019;03;Murcia;Cerezas;0.0;0.0;0.0;0.0;0.0;0.0;2019-03-01;Pre-covid;Pre-covid
2019;03;Murcia;Uvas;109.44;394.8;3.61;18.62;0.08;0.27;2019-03-01;Pre-covid;Pre-covid
2019;03;Murcia;Kiwi;197.21;541.17;2.74;23.86;0.14;0.38;2019-03-01;Pre-covid;Pre-covid
2019;03;Murcia;Aguacate;97.67;331.84;3.4;20.04;0.07;0.23;2019-03-01;Pre-covid;Pre-covid
2019;03;Murcia;Piña;327.93;541.89;1.65;21.42;0.23;0.38;2019-03-01;Pre-covid;Pre-covid
2019;03;Murcia;Otras frutas frescas;187.74;497.87;2.65;30.2;0.13;0.35;2019-03-01;Pre-covid;Pre-covid
2019;03;Murcia;Pomelo;14.79;20.73;1.4;2.39;0.01;0.01;2019-03-01;Pre-covid;Pre-covid
2019;03;Murcia;Chirimoya;0.0;0.0;0.0;0.0;0.0;0.0;2019-03-01;Pre-covid;Pre-covid
2019;03;Murcia;Mango;44.49;141.1;3.17;9.4;0.03;0.1;2019-03-01;Pre-covid;Pre-covid
2019;03;Murcia;Frutas iv gama;465.32;884.41;1.9;23.53;0.32;0.61;2019-03-01;Pre-covid;Pre-covid
2019;03;Navarra;Frutas frescas;4433.22;7401.14;1.67;94.92;7.42;12.38;2019-03-01;Pre-covid;Pre-covid
2019;03;Navarra;Naranjas;1318.55;1208.83;0.92;64.33;2.21;2.02;2019-03-01;Pre-covid;Pre-covid
2019;03;Navarra;Mandarinas;495.19;821.07;1.66;49.53;0.83;1.37;2019-03-01;Pre-covid;Pre-covid
2019;03;Navarra;Limones;92.9;124.4;1.34;24.7;0.16;0.21;2019-03-01;Pre-covid;Pre-covid
2019;03;Navarra;Platanos;631.77;1112.11;1.76;76.11;1.06;1.86;2019-03-01;Pre-covid;Pre-covid
2019;03;Navarra;Manzanas;581.96;852.66;1.47;56.64;0.97;1.43;2019-03-01;Pre-covid;Pre-covid
2019;03;Navarra;Peras;137.06;211.86;1.55;32.01;0.23;0.35;2019-03-01;Pre-covid;Pre-covid
2019;03;Navarra;Melocotones;0.0;0.0;0.0;0.0;0.0;0.0;2019-03-01;Pre-covid;Pre-covid
2019;03;Navarra;Nectarinas;0.0;0.0;0.0;0.0;0.0;0.0;2019-03-01;Pre-covid;Pre-covid
2019;03;Navarra;Albaricoques;0.0;0.0;0.0;0.0;0.0;0.0;2019-03-01;Pre-covid;Pre-covid
2019;03;Navarra;Fresas/freson;723.14;1951.42;2.7;68.08;1.21;3.26;2019-03-01;Pre-covid;Pre-covid
2019;03;Navarra;Melon;39.39;67.48;1.71;5.87;0.07;0.11;2019-03-01;Pre-covid;Pre-covid
2019;03;Navarra;Sandia;74.29;118.74;1.6;5.7;0.12;0.2;2019-03-01;Pre-covid;Pre-covid
2019;03;Navarra;Ciruelas;1.65;5.3;3.21;2.51;0.0;0.01;2019-03-01;Pre-covid;Pre-covid
2019;03;Navarra;Cerezas;5.4;8.1;1.5;1.21;0.01;0.01;2019-03-01;Pre-covid;Pre-covid
2019;03;Navarra;Uvas;24.4;69.13;2.83;12.76;0.04;0.12;2019-03-01;Pre-covid;Pre-covid
2019;03;Navarra;Kiwi;119.71;351.19;2.93;34.3;0.2;0.59;2019-03-01;Pre-covid;Pre-covid
2019;03;Navarra;Aguacate;49.53;192.31;3.88;32.65;0.08;0.32;2019-03-01;Pre-covid;Pre-covid
2019;03;Navarra;Piña;90.1;179.24;1.99;15.35;0.15;0.3;2019-03-01;Pre-covid;Pre-covid
2019;03;Navarra;Otras frutas frescas;48.18;127.3;2.64;18.71;0.08;0.21;2019-03-01;Pre-covid;Pre-covid
2019;03;Navarra;Pomelo;30.1;48.46;1.61;11.58;0.05;0.08;2019-03-01;Pre-covid;Pre-covid
2019;03;Navarra;Chirimoya;0.0;0.0;0.0;0.0;0.0;0.0;2019-03-01;Pre-covid;Pre-covid
2019;03;Navarra;Mango;6.75;20.18;2.99;4.46;0.01;0.03;2019-03-01;Pre-covid;Pre-covid
2019;03;Navarra;Frutas iv gama;263.09;567.07;2.16;29.22;0.44;0.95;2019-03-01;Pre-covid;Pre-covid
2019;03;Pais vasco;Frutas frescas;18040.79;30056.11;1.67;96.46;8.53;14.22;2019-03-01;Pre-covid;Pre-covid
2019;03;Pais vasco;Naranjas;5283.64;5153.3;0.98;63.7;2.5;2.44;2019-03-01;Pre-covid;Pre-covid
2019;03;Pais vasco;Mandarinas;1775.01;3053.87;1.72;54.99;0.84;1.44;2019-03-01;Pre-covid;Pre-covid
2019;03;Pais vasco;Limones;402.3;573.12;1.42;32.67;0.19;0.27;2019-03-01;Pre-covid;Pre-covid
2019;03;Pais vasco;Platanos;2571.49;4926.87;1.92;75.17;1.22;2.33;2019-03-01;Pre-covid;Pre-covid
2019;03;Pais vasco;Manzanas;2583.49;3742.48;1.45;68.7;1.22;1.77;2019-03-01;Pre-covid;Pre-covid
2019;03;Pais vasco;Peras;1223.0;1924.81;1.57;50.05;0.58;0.91;2019-03-01;Pre-covid;Pre-covid
2019;03;Pais vasco;Melocotones;0.0;0.0;0.0;0.0;0.0;0.0;2019-03-01;Pre-covid;Pre-covid
2019;03;Pais vasco;Nectarinas;20.1;57.5;2.86;1.96;0.01;0.03;2019-03-01;Pre-covid;Pre-covid
2019;03;Pais vasco;Albaricoques;0.0;0.0;0.0;0.0;0.0;0.0;2019-03-01;Pre-covid;Pre-covid
2019;03;Pais vasco;Fresas/freson;1836.98;4836.86;2.63;71.3;0.87;2.29;2019-03-01;Pre-covid;Pre-covid
2019;03;Pais vasco;Melon;301.34;551.88;1.83;11.54;0.14;0.26;2019-03-01;Pre-covid;Pre-covid
2019;03;Pais vasco;Sandia;37.65;100.55;2.67;3.87;0.02;0.05;2019-03-01;Pre-covid;Pre-covid
2019;03;Pais vasco;Ciruelas;59.64;142.51;2.39;8.43;0.03;0.07;2019-03-01;Pre-covid;Pre-covid
2019;03;Pais vasco;Cerezas;1.66;3.28;1.98;0.46;0.0;0.0;2019-03-01;Pre-covid;Pre-covid
2019;03;Pais vasco;Uvas;125.87;465.66;3.7;10.9;0.06;0.22;2019-03-01;Pre-covid;Pre-covid
2019;03;Pais vasco;Kiwi;707.99;1848.62;2.61;41.15;0.33;0.87;2019-03-01;Pre-covid;Pre-covid
2019;03;Pais vasco;Aguacate;261.33;966.01;3.7;31.82;0.12;0.46;2019-03-01;Pre-covid;Pre-covid
2019;03;Pais vasco;Piña;498.41;808.83;1.62;19.96;0.24;0.38;2019-03-01;Pre-covid;Pre-covid
2019;03;Pais vasco;Otras frutas frescas;350.89;899.97;2.56;23.19;0.17;0.43;2019-03-01;Pre-covid;Pre-covid
2019;03;Pais vasco;Pomelo;119.66;216.75;1.81;5.2;0.06;0.1;2019-03-01;Pre-covid;Pre-covid
2019;03;Pais vasco;Chirimoya;0.0;0.0;0.0;0.0;0.0;0.0;2019-03-01;Pre-covid;Pre-covid
2019;03;Pais vasco;Mango;89.99;231.59;2.57;9.96;0.04;0.11;2019-03-01;Pre-covid;Pre-covid
2019;03;Pais vasco;Frutas iv gama;1179.54;1808.84;1.53;24.26;0.56;0.86;2019-03-01;Pre-covid;Pre-covid
2019;03;Valencia;Frutas frescas;33514.39;52755.13;1.57;96.53;6.9;10.86;2019-03-01;Pre-covid;Pre-covid
2019;03;Valencia;Naranjas;9235.28;7927.92;0.86;42.94;1.9;1.63;2019-03-01;Pre-covid;Pre-covid
2019;03;Valencia;Mandarinas;2167.34;2911.98;1.34;38.84;0.45;0.6;2019-03-01;Pre-covid;Pre-covid
2019;03;Valencia;Limones;735.28;1038.08;1.41;27.54;0.15;0.21;2019-03-01;Pre-covid;Pre-covid
2019;03;Valencia;Platanos;6073.09;9467.64;1.56;83.72;1.25;1.95;2019-03-01;Pre-covid;Pre-covid
2019;03;Valencia;Manzanas;4557.49;6725.22;1.48;68.41;0.94;1.38;2019-03-01;Pre-covid;Pre-covid
2019;03;Valencia;Peras;1967.78;2905.33;1.48;51.1;0.41;0.6;2019-03-01;Pre-covid;Pre-covid
2019;03;Valencia;Melocotones;9.23;14.95;1.62;0.72;0.0;0.0;2019-03-01;Pre-covid;Pre-covid
2019;03;Valencia;Nectarinas;34.72;68.87;1.98;1.05;0.01;0.01;2019-03-01;Pre-covid;Pre-covid
2019;03;Valencia;Albaricoques;14.43;20.1;1.39;0.54;0.0;0.0;2019-03-01;Pre-covid;Pre-covid
2019;03;Valencia;Fresas/freson;3697.43;9822.19;2.66;72.43;0.76;2.02;2019-03-01;Pre-covid;Pre-covid
2019;03;Valencia;Melon;839.58;1292.24;1.54;10.89;0.17;0.27;2019-03-01;Pre-covid;Pre-covid
2019;03;Valencia;Sandia;466.95;773.81;1.66;9.31;0.1;0.16;2019-03-01;Pre-covid;Pre-covid
2019;03;Valencia;Ciruelas;89.26;274.33;3.07;6.35;0.02;0.06;2019-03-01;Pre-covid;Pre-covid
2019;03;Valencia;Cerezas;7.04;49.29;7.0;0.91;0.0;0.01;2019-03-01;Pre-covid;Pre-covid
2019;03;Valencia;Uvas;349.77;1216.21;3.48;13.19;0.07;0.25;2019-03-01;Pre-covid;Pre-covid
2019;03;Valencia;Kiwi;1279.76;3333.39;2.6;41.69;0.26;0.69;2019-03-01;Pre-covid;Pre-covid
2019;03;Valencia;Aguacate;558.79;1859.55;3.33;30.14;0.12;0.38;2019-03-01;Pre-covid;Pre-covid
2019;03;Valencia;Piña;763.0;1227.81;1.61;18.55;0.16;0.25;2019-03-01;Pre-covid;Pre-covid
2019;03;Valencia;Otras frutas frescas;668.17;1826.22;2.73;23.74;0.14;0.38;2019-03-01;Pre-covid;Pre-covid
2019;03;Valencia;Pomelo;143.13;206.27;1.44;3.14;0.03;0.04;2019-03-01;Pre-covid;Pre-covid
2019;03;Valencia;Chirimoya;2.62;18.08;6.89;0.11;0.0;0.0;2019-03-01;Pre-covid;Pre-covid
2019;03;Valencia;Mango;201.24;516.67;2.57;11.07;0.04;0.11;2019-03-01;Pre-covid;Pre-covid
2019;03;Valencia;Frutas iv gama;1667.12;3078.69;1.85;32.73;0.34;0.63;2019-03-01;Pre-covid;Pre-covid
2019;04;Nacional;Patatas;105168.17;99384.49;0.95;80.43;2.28;2.15;2019-04-01;Pre-covid;Pre-covid
2019;04;Nacional;Patatas frescas;74953.7;66417.38;0.89;67.21;1.63;1.44;2019-04-01;Pre-covid;Pre-covid
2019;04;Nacional;Patatas congeladas;3690.24;4763.32;1.29;11.01;0.08;0.1;2019-04-01;Pre-covid;Pre-covid
2019;04;Nacional;Patatas procesadas;5304.85;28203.79;5.32;49.45;0.12;0.61;2019-04-01;Pre-covid;Pre-covid
2019;04;Nacional;Patatas fritas;4372.65;26829.57;6.14;47.66;0.09;0.58;2019-04-01;Pre-covid;Pre-covid
2019;04;Nacional;Hortalizas frescas;210916.55;399422.96;1.89;96.88;4.57;8.66;2019-04-01;Pre-covid;Pre-covid
2019;04;Nacional;Omates;41122.87;73126.58;1.78;79.99;0.89;1.59;2019-04-01;Pre-covid;Pre-covid
2019;04;Nacional;Cebollas;26626.49;38176.09;1.43;68.6;0.58;0.83;2019-04-01;Pre-covid;Pre-covid
2019;04;Nacional;Ajos;2788.76;12003.36;4.3;35.04;0.06;0.26;2019-04-01;Pre-covid;Pre-covid
2019;04;Nacional;Coles;4484.52;5422.68;1.21;15.69;0.1;0.12;2019-04-01;Pre-covid;Pre-covid
2019;04;Nacional;Pepinos;5787.47;9025.77;1.56;30.25;0.13;0.2;2019-04-01;Pre-covid;Pre-covid
2019;04;Nacional;Judias verdes;6814.45;19594.8;2.88;31.32;0.15;0.42;2019-04-01;Pre-covid;Pre-covid
2019;04;Nacional;Pimientos;16903.2;32420.24;1.92;65.17;0.37;0.7;2019-04-01;Pre-covid;Pre-covid
2019;04;Nacional;Champiñoneso setas;5428.95;20463.25;3.77;39.73;0.12;0.44;2019-04-01;Pre-covid;Pre-covid
2019;04;Nacional;Lechuga/esc /endivia;13665.81;39298.91;2.88;64.96;0.3;0.85;2019-04-01;Pre-covid;Pre-covid
2019;04;Nacional;Esparragos;5852.42;12484.74;2.13;19.73;0.13;0.27;2019-04-01;Pre-covid;Pre-covid
2019;04;Nacional;Verduras de hoja;5340.62;12817.86;2.4;27.1;0.12;0.28;2019-04-01;Pre-covid;Pre-covid
2019;04;Nacional;Berenjenas;5646.54;7303.74;1.29;31.11;0.12;0.16;2019-04-01;Pre-covid;Pre-covid
2019;04;Nacional;Zanahorias;12854.81;11439.02;0.89;57.3;0.28;0.25;2019-04-01;Pre-covid;Pre-covid
2019;04;Nacional;Calabacines;15121.78;19651.76;1.3;52.08;0.33;0.43;2019-04-01;Pre-covid;Pre-covid
2019;04;Nacional;Otr hortalizas/verd ;42477.87;86194.16;2.03;77.12;0.92;1.87;2019-04-01;Pre-covid;Pre-covid
2019;04;Nacional;Brocoli;4172.13;7392.98;1.77;20.2;0.09;0.16;2019-04-01;Pre-covid;Pre-covid
2019;04;Nacional;Alcachofas;8982.37;13163.47;1.47;27.61;0.19;0.29;2019-04-01;Pre-covid;Pre-covid
2019;04;Nacional;Apio;1933.27;2721.93;1.41;9.06;0.04;0.06;2019-04-01;Pre-covid;Pre-covid
2019;04;Nacional;Coliflor;2524.3;3477.72;1.38;9.54;0.05;0.08;2019-04-01;Pre-covid;Pre-covid
2019;04;Nacional;Verd /hort  iv gama;26112.5;67692.55;2.59;67.44;0.57;1.47;2019-04-01;Pre-covid;Pre-covid
2019;04;Nacional;Puerro;3925.41;9873.93;2.52;28.14;0.09;0.21;2019-04-01;Pre-covid;Pre-covid
2019;04;Andalucia;Patatas;21445.37;19576.12;0.91;84.29;2.47;2.25;2019-04-01;Pre-covid;Pre-covid
2019;04;Andalucia;Patatas frescas;14915.07;12614.68;0.85;71.0;1.72;1.45;2019-04-01;Pre-covid;Pre-covid
2019;04;Andalucia;Patatas congeladas;861.49;1069.65;1.24;15.54;0.1;0.12;2019-04-01;Pre-covid;Pre-covid
2019;04;Andalucia;Patatas procesadas;1133.76;5891.79;5.2;54.09;0.13;0.68;2019-04-01;Pre-covid;Pre-covid
2019;04;Andalucia;Patatas fritas;929.68;5605.57;6.03;52.11;0.11;0.65;2019-04-01;Pre-covid;Pre-covid
2019;04;Andalucia;Hortalizas frescas;37294.73;67463.79;1.81;96.84;4.3;7.77;2019-04-01;Pre-covid;Pre-covid
2019;04;Andalucia;Omates;8529.08;13666.09;1.6;81.55;0.98;1.57;2019-04-01;Pre-covid;Pre-covid
2019;04;Andalucia;Cebollas;4587.68;6443.53;1.4;68.87;0.53;0.74;2019-04-01;Pre-covid;Pre-covid
2019;04;Andalucia;Ajos;487.81;1996.87;4.09;40.17;0.06;0.23;2019-04-01;Pre-covid;Pre-covid
2019;04;Andalucia;Coles;613.91;755.7;1.23;15.63;0.07;0.09;2019-04-01;Pre-covid;Pre-covid
2019;04;Andalucia;Pepinos;994.96;1562.43;1.57;33.79;0.11;0.18;2019-04-01;Pre-covid;Pre-covid
2019;04;Andalucia;Judias verdes;898.09;2527.82;2.81;28.48;0.1;0.29;2019-04-01;Pre-covid;Pre-covid
2019;04;Andalucia;Pimientos;3212.45;5945.49;1.85;69.78;0.37;0.68;2019-04-01;Pre-covid;Pre-covid
2019;04;Andalucia;Champiñoneso setas;892.18;3492.35;3.91;39.32;0.1;0.4;2019-04-01;Pre-covid;Pre-covid
2019;04;Andalucia;Lechuga/esc /endivia;2359.78;6674.05;2.83;69.18;0.27;0.77;2019-04-01;Pre-covid;Pre-covid
2019;04;Andalucia;Esparragos;995.86;1983.06;1.99;19.0;0.11;0.23;2019-04-01;Pre-covid;Pre-covid
2019;04;Andalucia;Verduras de hoja;853.99;2211.76;2.59;24.54;0.1;0.25;2019-04-01;Pre-covid;Pre-covid
2019;04;Andalucia;Berenjenas;1162.1;1442.76;1.24;36.36;0.13;0.17;2019-04-01;Pre-covid;Pre-covid
2019;04;Andalucia;Zanahorias;2308.42;1963.32;0.85;55.25;0.27;0.23;2019-04-01;Pre-covid;Pre-covid
2019;04;Andalucia;Calabacines;2680.49;3364.13;1.26;53.53;0.31;0.39;2019-04-01;Pre-covid;Pre-covid
2019;04;Andalucia;Otr hortalizas/verd ;6717.92;13434.43;2.0;76.64;0.77;1.55;2019-04-01;Pre-covid;Pre-covid
2019;04;Andalucia;Brocoli;600.94;1072.62;1.78;16.89;0.07;0.12;2019-04-01;Pre-covid;Pre-covid
2019;04;Andalucia;Alcachofas;1335.99;1964.78;1.47;24.41;0.15;0.23;2019-04-01;Pre-covid;Pre-covid
2019;04;Andalucia;Apio;287.58;444.02;1.54;11.52;0.03;0.05;2019-04-01;Pre-covid;Pre-covid
2019;04;Andalucia;Coliflor;437.34;564.4;1.29;9.3;0.05;0.07;2019-04-01;Pre-covid;Pre-covid
2019;04;Andalucia;Verd /hort  iv gama;4779.88;11464.11;2.4;66.41;0.55;1.32;2019-04-01;Pre-covid;Pre-covid
2019;04;Andalucia;Puerro;710.74;1747.03;2.46;31.11;0.08;0.2;2019-04-01;Pre-covid;Pre-covid
2019;04;Aragon;Patatas;2505.95;2281.64;0.91;74.37;1.91;1.74;2019-04-01;Pre-covid;Pre-covid
2019;04;Aragon;Patatas frescas;1975.63;1627.51;0.82;61.52;1.51;1.24;2019-04-01;Pre-covid;Pre-covid
2019;04;Aragon;Patatas congeladas;38.27;63.06;1.65;7.05;0.03;0.05;2019-04-01;Pre-covid;Pre-covid
2019;04;Aragon;Patatas procesadas;98.41;591.06;6.01;40.1;0.08;0.45;2019-04-01;Pre-covid;Pre-covid
2019;04;Aragon;Patatas fritas;87.37;578.0;6.62;38.76;0.07;0.44;2019-04-01;Pre-covid;Pre-covid
2019;04;Aragon;Hortalizas frescas;7146.35;13525.35;1.89;97.17;5.46;10.33;2019-04-01;Pre-covid;Pre-covid
2019;04;Aragon;Omates;1079.17;2008.88;1.86;79.15;0.82;1.53;2019-04-01;Pre-covid;Pre-covid
2019;04;Aragon;Cebollas;759.81;1083.05;1.43;66.31;0.58;0.83;2019-04-01;Pre-covid;Pre-covid
2019;04;Aragon;Ajos;69.49;286.99;4.13;36.64;0.05;0.22;2019-04-01;Pre-covid;Pre-covid
2019;04;Aragon;Coles;46.82;79.26;1.69;8.55;0.04;0.06;2019-04-01;Pre-covid;Pre-covid
2019;04;Aragon;Pepinos;215.25;376.19;1.75;35.33;0.16;0.29;2019-04-01;Pre-covid;Pre-covid
2019;04;Aragon;Judias verdes;292.07;812.82;2.78;35.66;0.22;0.62;2019-04-01;Pre-covid;Pre-covid
2019;04;Aragon;Pimientos;392.17;767.31;1.96;61.01;0.3;0.59;2019-04-01;Pre-covid;Pre-covid
2019;04;Aragon;Champiñoneso setas;186.55;715.57;3.84;48.13;0.14;0.55;2019-04-01;Pre-covid;Pre-covid
2019;04;Aragon;Lechuga/esc /endivia;498.48;1421.45;2.85;71.19;0.38;1.09;2019-04-01;Pre-covid;Pre-covid
2019;04;Aragon;Esparragos;311.66;757.48;2.43;31.44;0.24;0.58;2019-04-01;Pre-covid;Pre-covid
2019;04;Aragon;Verduras de hoja;394.65;634.92;1.61;30.81;0.3;0.48;2019-04-01;Pre-covid;Pre-covid
2019;04;Aragon;Berenjenas;128.88;164.43;1.28;28.87;0.1;0.13;2019-04-01;Pre-covid;Pre-covid
2019;04;Aragon;Zanahorias;310.22;268.33;0.86;51.4;0.24;0.2;2019-04-01;Pre-covid;Pre-covid
2019;04;Aragon;Calabacines;506.39;630.37;1.24;61.08;0.39;0.48;2019-04-01;Pre-covid;Pre-covid
2019;04;Aragon;Otr hortalizas/verd ;1954.71;3518.29;1.8;79.73;1.49;2.69;2019-04-01;Pre-covid;Pre-covid
2019;04;Aragon;Brocoli;142.44;239.64;1.68;26.19;0.11;0.18;2019-04-01;Pre-covid;Pre-covid
2019;04;Aragon;Alcachofas;287.75;444.16;1.54;32.95;0.22;0.34;2019-04-01;Pre-covid;Pre-covid
2019;04;Aragon;Apio;382.12;434.75;1.14;6.74;0.29;0.33;2019-04-01;Pre-covid;Pre-covid
2019;04;Aragon;Coliflor;22.91;30.87;1.35;3.04;0.02;0.02;2019-04-01;Pre-covid;Pre-covid
2019;04;Aragon;Verd /hort  iv gama;857.2;2004.74;2.34;69.49;0.65;1.53;2019-04-01;Pre-covid;Pre-covid
2019;04;Aragon;Puerro;118.06;342.42;2.9;31.75;0.09;0.26;2019-04-01;Pre-covid;Pre-covid
2019;04;Asturias;Patatas;2333.77;2050.13;0.88;69.64;2.17;1.91;2019-04-01;Pre-covid;Pre-covid
2019;04;Asturias;Patatas frescas;1866.48;1531.75;0.82;59.67;1.74;1.43;2019-04-01;Pre-covid;Pre-covid
2019;04;Asturias;Patatas congeladas;86.67;96.95;1.12;9.51;0.08;0.09;2019-04-01;Pre-covid;Pre-covid
2019;04;Asturias;Patatas procesadas;76.12;421.43;5.54;29.56;0.07;0.39;2019-04-01;Pre-covid;Pre-covid
2019;04;Asturias;Patatas fritas;60.4;393.46;6.51;27.72;0.06;0.37;2019-04-01;Pre-covid;Pre-covid
2019;04;Asturias;Hortalizas frescas;3492.53;6674.06;1.91;93.35;3.25;6.21;2019-04-01;Pre-covid;Pre-covid
2019;04;Asturias;Omates;653.48;1276.62;1.95;76.62;0.61;1.19;2019-04-01;Pre-covid;Pre-covid
2019;04;Asturias;Cebollas;610.38;840.26;1.38;72.8;0.57;0.78;2019-04-01;Pre-covid;Pre-covid
2019;04;Asturias;Ajos;82.67;341.7;4.13;36.69;0.08;0.32;2019-04-01;Pre-covid;Pre-covid
2019;04;Asturias;Coles;104.43;141.74;1.36;15.55;0.1;0.13;2019-04-01;Pre-covid;Pre-covid
2019;04;Asturias;Pepinos;81.82;129.54;1.58;19.91;0.08;0.12;2019-04-01;Pre-covid;Pre-covid
2019;04;Asturias;Judias verdes;122.18;280.49;2.3;24.56;0.11;0.26;2019-04-01;Pre-covid;Pre-covid
2019;04;Asturias;Pimientos;308.48;627.2;2.03;63.86;0.29;0.58;2019-04-01;Pre-covid;Pre-covid
2019;04;Asturias;Champiñoneso setas;77.5;305.3;3.94;25.8;0.07;0.28;2019-04-01;Pre-covid;Pre-covid
2019;04;Asturias;Lechuga/esc /endivia;287.93;685.1;2.38;61.88;0.27;0.64;2019-04-01;Pre-covid;Pre-covid
2019;04;Asturias;Esparragos;41.99;93.44;2.23;6.85;0.04;0.09;2019-04-01;Pre-covid;Pre-covid
2019;04;Asturias;Verduras de hoja;32.14;82.61;2.57;13.4;0.03;0.08;2019-04-01;Pre-covid;Pre-covid
2019;04;Asturias;Berenjenas;77.59;110.98;1.43;15.69;0.07;0.1;2019-04-01;Pre-covid;Pre-covid
2019;04;Asturias;Zanahorias;200.23;189.89;0.95;49.1;0.19;0.18;2019-04-01;Pre-covid;Pre-covid
2019;04;Asturias;Calabacines;276.97;357.92;1.29;40.06;0.26;0.33;2019-04-01;Pre-covid;Pre-covid
2019;04;Asturias;Otr hortalizas/verd ;534.73;1211.27;2.27;68.33;0.5;1.13;2019-04-01;Pre-covid;Pre-covid
2019;04;Asturias;Brocoli;80.57;161.1;2.0;17.81;0.07;0.15;2019-04-01;Pre-covid;Pre-covid
2019;04;Asturias;Alcachofas;69.11;102.21;1.48;11.11;0.06;0.1;2019-04-01;Pre-covid;Pre-covid
2019;04;Asturias;Apio;7.67;16.26;2.12;4.91;0.01;0.02;2019-04-01;Pre-covid;Pre-covid
2019;04;Asturias;Coliflor;22.74;34.21;1.5;3.32;0.02;0.03;2019-04-01;Pre-covid;Pre-covid
2019;04;Asturias;Verd /hort  iv gama;387.64;1059.34;2.73;57.64;0.36;0.99;2019-04-01;Pre-covid;Pre-covid
2019;04;Asturias;Puerro;67.36;208.89;3.1;34.5;0.06;0.19;2019-04-01;Pre-covid;Pre-covid
2019;04;Baleares;Patatas;2526.35;2456.5;0.97;80.45;2.39;2.33;2019-04-01;Pre-covid;Pre-covid
2019;04;Baleares;Patatas frescas;1625.75;1387.78;0.85;69.91;1.54;1.32;2019-04-01;Pre-covid;Pre-covid
2019;04;Baleares;Patatas congeladas;82.66;121.14;1.47;8.92;0.08;0.11;2019-04-01;Pre-covid;Pre-covid
2019;04;Baleares;Patatas procesadas;163.59;947.59;5.79;55.67;0.16;0.9;2019-04-01;Pre-covid;Pre-covid
2019;04;Baleares;Patatas fritas;144.09;913.01;6.34;53.34;0.14;0.87;2019-04-01;Pre-covid;Pre-covid
2019;04;Baleares;Hortalizas frescas;5767.46;11945.49;2.07;97.9;5.47;11.32;2019-04-01;Pre-covid;Pre-covid
2019;04;Baleares;Omates;1130.4;2312.82;2.05;92.02;1.07;2.19;2019-04-01;Pre-covid;Pre-covid
2019;04;Baleares;Cebollas;810.21;1288.59;1.59;76.42;0.77;1.22;2019-04-01;Pre-covid;Pre-covid
2019;04;Baleares;Ajos;68.9;262.24;3.81;28.34;0.07;0.25;2019-04-01;Pre-covid;Pre-covid
2019;04;Baleares;Coles;86.29;114.82;1.33;14.73;0.08;0.11;2019-04-01;Pre-covid;Pre-covid
2019;04;Baleares;Pepinos;152.37;244.12;1.6;25.59;0.14;0.23;2019-04-01;Pre-covid;Pre-covid
2019;04;Baleares;Judias verdes;168.05;503.57;3.0;39.62;0.16;0.48;2019-04-01;Pre-covid;Pre-covid
2019;04;Baleares;Pimientos;468.8;944.44;2.01;71.0;0.44;0.9;2019-04-01;Pre-covid;Pre-covid
2019;04;Baleares;Champiñoneso setas;206.87;748.48;3.62;53.27;0.2;0.71;2019-04-01;Pre-covid;Pre-covid
2019;04;Baleares;Lechuga/esc /endivia;399.57;1325.91;3.32;77.29;0.38;1.26;2019-04-01;Pre-covid;Pre-covid
2019;04;Baleares;Esparragos;61.65;261.43;4.24;16.94;0.06;0.25;2019-04-01;Pre-covid;Pre-covid
2019;04;Baleares;Verduras de hoja;87.9;321.13;3.65;32.67;0.08;0.3;2019-04-01;Pre-covid;Pre-covid
2019;04;Baleares;Berenjenas;121.03;155.09;1.28;29.57;0.11;0.15;2019-04-01;Pre-covid;Pre-covid
2019;04;Baleares;Zanahorias;332.99;288.62;0.87;67.59;0.32;0.27;2019-04-01;Pre-covid;Pre-covid
2019;04;Baleares;Calabacines;317.43;449.29;1.42;52.55;0.3;0.43;2019-04-01;Pre-covid;Pre-covid
2019;04;Baleares;Otr hortalizas/verd ;1355.01;2724.93;2.01;86.23;1.28;2.58;2019-04-01;Pre-covid;Pre-covid
2019;04;Baleares;Brocoli;120.13;210.0;1.75;26.98;0.11;0.2;2019-04-01;Pre-covid;Pre-covid
2019;04;Baleares;Alcachofas;387.54;549.07;1.42;35.17;0.37;0.52;2019-04-01;Pre-covid;Pre-covid
2019;04;Baleares;Apio;39.32;54.41;1.38;9.62;0.04;0.05;2019-04-01;Pre-covid;Pre-covid
2019;04;Baleares;Coliflor;96.98;146.1;1.51;10.45;0.09;0.14;2019-04-01;Pre-covid;Pre-covid
2019;04;Baleares;Verd /hort  iv gama;800.26;2259.62;2.82;70.41;0.76;2.14;2019-04-01;Pre-covid;Pre-covid
2019;04;Baleares;Puerro;127.74;314.53;2.46;32.63;0.12;0.3;2019-04-01;Pre-covid;Pre-covid
2019;04;Canarias;Patatas;4782.66;5258.56;1.1;79.75;2.17;2.38;2019-04-01;Pre-covid;Pre-covid
2019;04;Canarias;Patatas frescas;3362.37;3825.85;1.14;60.26;1.52;1.73;2019-04-01;Pre-covid;Pre-covid
2019;04;Canarias;Patatas congeladas;269.55;291.98;1.08;11.55;0.12;0.13;2019-04-01;Pre-covid;Pre-covid
2019;04;Canarias;Patatas procesadas;230.15;1140.73;4.96;51.93;0.1;0.52;2019-04-01;Pre-covid;Pre-covid
2019;04;Canarias;Patatas fritas;177.67;1061.44;5.97;50.84;0.08;0.48;2019-04-01;Pre-covid;Pre-covid
2019;04;Canarias;Hortalizas frescas;9640.13;18427.02;1.91;97.45;4.36;8.34;2019-04-01;Pre-covid;Pre-covid
2019;04;Canarias;Omates;1748.31;2658.82;1.52;80.62;0.79;1.2;2019-04-01;Pre-covid;Pre-covid
2019;04;Canarias;Cebollas;1469.25;2165.1;1.47;78.0;0.67;0.98;2019-04-01;Pre-covid;Pre-covid
2019;04;Canarias;Ajos;97.94;393.52;4.02;32.85;0.04;0.18;2019-04-01;Pre-covid;Pre-covid
2019;04;Canarias;Coles;226.55;255.31;1.13;22.39;0.1;0.12;2019-04-01;Pre-covid;Pre-covid
2019;04;Canarias;Pepinos;256.79;423.38;1.65;43.19;0.12;0.19;2019-04-01;Pre-covid;Pre-covid
2019;04;Canarias;Judias verdes;292.95;649.78;2.22;27.33;0.13;0.29;2019-04-01;Pre-covid;Pre-covid
2019;04;Canarias;Pimientos;902.78;1756.42;1.95;72.63;0.41;0.8;2019-04-01;Pre-covid;Pre-covid
2019;04;Canarias;Champiñoneso setas;194.17;807.0;4.16;36.09;0.09;0.37;2019-04-01;Pre-covid;Pre-covid
2019;04;Canarias;Lechuga/esc /endivia;349.55;1342.69;3.84;56.86;0.16;0.61;2019-04-01;Pre-covid;Pre-covid
2019;04;Canarias;Esparragos;28.85;132.37;4.59;6.38;0.01;0.06;2019-04-01;Pre-covid;Pre-covid
2019;04;Canarias;Verduras de hoja;105.34;382.57;3.63;20.5;0.05;0.17;2019-04-01;Pre-covid;Pre-covid
2019;04;Canarias;Berenjenas;125.15;234.35;1.87;18.64;0.06;0.11;2019-04-01;Pre-covid;Pre-covid
2019;04;Canarias;Zanahorias;766.04;767.73;1.0;64.5;0.35;0.35;2019-04-01;Pre-covid;Pre-covid
2019;04;Canarias;Calabacines;1215.64;1626.18;1.34;74.41;0.55;0.74;2019-04-01;Pre-covid;Pre-covid
2019;04;Canarias;Otr hortalizas/verd ;1860.83;4831.8;2.6;81.94;0.84;2.19;2019-04-01;Pre-covid;Pre-covid
2019;04;Canarias;Brocoli;51.13;115.21;2.25;7.39;0.02;0.05;2019-04-01;Pre-covid;Pre-covid
2019;04;Canarias;Alcachofas;9.25;22.51;2.43;1.76;0.0;0.01;2019-04-01;Pre-covid;Pre-covid
2019;04;Canarias;Apio;73.72;131.67;1.79;12.22;0.03;0.06;2019-04-01;Pre-covid;Pre-covid
2019;04;Canarias;Coliflor;118.64;183.99;1.55;14.43;0.05;0.08;2019-04-01;Pre-covid;Pre-covid
2019;04;Canarias;Verd /hort  iv gama;1504.7;4026.49;2.68;67.98;0.68;1.82;2019-04-01;Pre-covid;Pre-covid
2019;04;Canarias;Puerro;215.09;542.99;2.52;33.19;0.1;0.25;2019-04-01;Pre-covid;Pre-covid
2019;04;Cantabria;Patatas;1940.73;1727.15;0.89;89.17;3.44;3.06;2019-04-01;Pre-covid;Pre-covid
2019;04;Cantabria;Patatas frescas;1623.14;1363.61;0.84;79.75;2.88;2.42;2019-04-01;Pre-covid;Pre-covid
2019;04;Cantabria;Patatas congeladas;102.85;120.13;1.17;14.7;0.18;0.21;2019-04-01;Pre-covid;Pre-covid
2019;04;Cantabria;Patatas procesadas;42.95;243.4;5.67;44.06;0.08;0.43;2019-04-01;Pre-covid;Pre-covid
2019;04;Cantabria;Patatas fritas;36.77;236.94;6.44;41.68;0.07;0.42;2019-04-01;Pre-covid;Pre-covid
2019;04;Cantabria;Hortalizas frescas;2077.15;3896.77;1.88;97.59;3.69;6.91;2019-04-01;Pre-covid;Pre-covid
2019;04;Cantabria;Omates;349.69;666.04;1.9;64.18;0.62;1.18;2019-04-01;Pre-covid;Pre-covid
2019;04;Cantabria;Cebollas;321.9;461.51;1.43;67.99;0.57;0.82;2019-04-01;Pre-covid;Pre-covid
2019;04;Cantabria;Ajos;19.04;78.61;4.13;29.35;0.03;0.14;2019-04-01;Pre-covid;Pre-covid
2019;04;Cantabria;Coles;33.08;38.22;1.16;10.15;0.06;0.07;2019-04-01;Pre-covid;Pre-covid
2019;04;Cantabria;Pepinos;86.94;161.2;1.85;26.07;0.15;0.29;2019-04-01;Pre-covid;Pre-covid
2019;04;Cantabria;Judias verdes;67.37;189.07;2.81;24.85;0.12;0.34;2019-04-01;Pre-covid;Pre-covid
2019;04;Cantabria;Pimientos;184.87;399.33;2.16;51.15;0.33;0.71;2019-04-01;Pre-covid;Pre-covid
2019;04;Cantabria;Champiñoneso setas;64.9;199.34;3.07;40.65;0.12;0.35;2019-04-01;Pre-covid;Pre-covid
2019;04;Cantabria;Lechuga/esc /endivia;113.56;331.53;2.92;54.02;0.2;0.59;2019-04-01;Pre-covid;Pre-covid
2019;04;Cantabria;Esparragos;44.3;81.52;1.84;15.7;0.08;0.14;2019-04-01;Pre-covid;Pre-covid
2019;04;Cantabria;Verduras de hoja;36.9;91.24;2.47;20.88;0.07;0.16;2019-04-01;Pre-covid;Pre-covid
2019;04;Cantabria;Berenjenas;68.03;100.17;1.47;26.73;0.12;0.18;2019-04-01;Pre-covid;Pre-covid
2019;04;Cantabria;Zanahorias;155.04;123.37;0.8;56.58;0.28;0.22;2019-04-01;Pre-covid;Pre-covid
2019;04;Cantabria;Calabacines;194.36;289.03;1.49;50.08;0.34;0.51;2019-04-01;Pre-covid;Pre-covid
2019;04;Cantabria;Otr hortalizas/verd ;337.16;686.59;2.04;72.72;0.6;1.22;2019-04-01;Pre-covid;Pre-covid
2019;04;Cantabria;Brocoli;61.14;95.73;1.57;20.25;0.11;0.17;2019-04-01;Pre-covid;Pre-covid
2019;04;Cantabria;Alcachofas;71.77;102.91;1.43;25.57;0.13;0.18;2019-04-01;Pre-covid;Pre-covid
2019;04;Cantabria;Apio;8.45;11.28;1.33;5.5;0.01;0.02;2019-04-01;Pre-covid;Pre-covid
2019;04;Cantabria;Coliflor;33.64;43.16;1.28;8.27;0.06;0.08;2019-04-01;Pre-covid;Pre-covid
2019;04;Cantabria;Verd /hort  iv gama;232.05;672.95;2.9;63.67;0.41;1.19;2019-04-01;Pre-covid;Pre-covid
2019;04;Cantabria;Puerro;31.5;70.7;2.24;16.0;0.06;0.13;2019-04-01;Pre-covid;Pre-covid
2019;04;Castilla la mancha;Patatas;4480.62;4021.17;0.9;81.74;2.14;1.92;2019-04-01;Pre-covid;Pre-covid
2019;04;Castilla la mancha;Patatas frescas;3022.66;2465.88;0.82;69.59;1.44;1.18;2019-04-01;Pre-covid;Pre-covid
2019;04;Castilla la mancha;Patatas congeladas;205.81;244.62;1.19;13.8;0.1;0.12;2019-04-01;Pre-covid;Pre-covid
2019;04;Castilla la mancha;Patatas procesadas;250.43;1310.67;5.23;60.25;0.12;0.63;2019-04-01;Pre-covid;Pre-covid
2019;04;Castilla la mancha;Patatas fritas;220.58;1268.54;5.75;60.21;0.11;0.61;2019-04-01;Pre-covid;Pre-covid
2019;04;Castilla la mancha;Hortalizas frescas;8459.85;15568.7;1.84;97.05;4.04;7.43;2019-04-01;Pre-covid;Pre-covid
2019;04;Castilla la mancha;Omates;1951.25;3437.63;1.76;78.44;0.93;1.64;2019-04-01;Pre-covid;Pre-covid
2019;04;Castilla la mancha;Cebollas;773.24;1104.47;1.43;62.5;0.37;0.53;2019-04-01;Pre-covid;Pre-covid
2019;04;Castilla la mancha;Ajos;88.12;351.79;3.99;30.15;0.04;0.17;2019-04-01;Pre-covid;Pre-covid
2019;04;Castilla la mancha;Coles;56.68;67.91;1.2;7.09;0.03;0.03;2019-04-01;Pre-covid;Pre-covid
2019;04;Castilla la mancha;Pepinos;469.04;714.91;1.52;41.8;0.22;0.34;2019-04-01;Pre-covid;Pre-covid
2019;04;Castilla la mancha;Judias verdes;313.97;715.92;2.28;34.25;0.15;0.34;2019-04-01;Pre-covid;Pre-covid
2019;04;Castilla la mancha;Pimientos;775.13;1404.35;1.81;63.18;0.37;0.67;2019-04-01;Pre-covid;Pre-covid
2019;04;Castilla la mancha;Champiñoneso setas;250.56;949.26;3.79;52.46;0.12;0.45;2019-04-01;Pre-covid;Pre-covid
2019;04;Castilla la mancha;Lechuga/esc /endivia;452.79;1262.91;2.79;64.02;0.22;0.6;2019-04-01;Pre-covid;Pre-covid
2019;04;Castilla la mancha;Esparragos;298.94;631.99;2.11;22.57;0.14;0.3;2019-04-01;Pre-covid;Pre-covid
2019;04;Castilla la mancha;Verduras de hoja;247.29;538.25;2.18;25.82;0.12;0.26;2019-04-01;Pre-covid;Pre-covid
2019;04;Castilla la mancha;Berenjenas;155.58;199.02;1.28;24.94;0.07;0.09;2019-04-01;Pre-covid;Pre-covid
2019;04;Castilla la mancha;Zanahorias;551.91;450.77;0.82;60.33;0.26;0.22;2019-04-01;Pre-covid;Pre-covid
2019;04;Castilla la mancha;Calabacines;588.39;763.31;1.3;54.05;0.28;0.36;2019-04-01;Pre-covid;Pre-covid
2019;04;Castilla la mancha;Otr hortalizas/verd ;1486.94;2976.21;2.0;72.62;0.71;1.42;2019-04-01;Pre-covid;Pre-covid
2019;04;Castilla la mancha;Brocoli;188.85;310.03;1.64;21.57;0.09;0.15;2019-04-01;Pre-covid;Pre-covid
2019;04;Castilla la mancha;Alcachofas;230.78;359.53;1.56;27.19;0.11;0.17;2019-04-01;Pre-covid;Pre-covid
2019;04;Castilla la mancha;Apio;45.27;59.41;1.31;5.07;0.02;0.03;2019-04-01;Pre-covid;Pre-covid
2019;04;Castilla la mancha;Coliflor;177.43;265.45;1.5;14.01;0.08;0.13;2019-04-01;Pre-covid;Pre-covid
2019;04;Castilla la mancha;Verd /hort  iv gama;1052.85;2531.97;2.4;61.98;0.5;1.21;2019-04-01;Pre-covid;Pre-covid
2019;04;Castilla la mancha;Puerro;117.18;273.58;2.33;24.72;0.06;0.13;2019-04-01;Pre-covid;Pre-covid
2019;04;Castilla leon;Patatas;4693.47;4039.51;0.86;70.64;1.95;1.68;2019-04-01;Pre-covid;Pre-covid
2019;04;Castilla leon;Patatas frescas;3507.47;2776.46;0.79;56.8;1.46;1.16;2019-04-01;Pre-covid;Pre-covid
2019;04;Castilla leon;Patatas congeladas;99.64;131.37;1.32;5.88;0.04;0.05;2019-04-01;Pre-covid;Pre-covid
2019;04;Castilla leon;Patatas procesadas;217.27;1131.69;5.21;40.19;0.09;0.47;2019-04-01;Pre-covid;Pre-covid
2019;04;Castilla leon;Patatas fritas;175.99;1069.27;6.08;38.85;0.07;0.44;2019-04-01;Pre-covid;Pre-covid
2019;04;Castilla leon;Hortalizas frescas;10172.48;18635.84;1.83;96.47;4.23;7.75;2019-04-01;Pre-covid;Pre-covid
2019;04;Castilla leon;Omates;1716.95;2926.59;1.7;73.6;0.71;1.22;2019-04-01;Pre-covid;Pre-covid
2019;04;Castilla leon;Cebollas;1178.36;1665.49;1.41;63.83;0.49;0.69;2019-04-01;Pre-covid;Pre-covid
2019;04;Castilla leon;Ajos;115.91;476.85;4.11;32.12;0.05;0.2;2019-04-01;Pre-covid;Pre-covid
2019;04;Castilla leon;Coles;398.01;454.26;1.14;20.38;0.17;0.19;2019-04-01;Pre-covid;Pre-covid
2019;04;Castilla leon;Pepinos;211.84;369.78;1.75;22.52;0.09;0.15;2019-04-01;Pre-covid;Pre-covid
2019;04;Castilla leon;Judias verdes;326.36;817.66;2.51;25.39;0.14;0.34;2019-04-01;Pre-covid;Pre-covid
2019;04;Castilla leon;Pimientos;955.17;1853.92;1.94;63.79;0.4;0.77;2019-04-01;Pre-covid;Pre-covid
2019;04;Castilla leon;Champiñoneso setas;277.6;999.1;3.6;35.4;0.12;0.42;2019-04-01;Pre-covid;Pre-covid
2019;04;Castilla leon;Lechuga/esc /endivia;872.41;2318.93;2.66;66.64;0.36;0.96;2019-04-01;Pre-covid;Pre-covid
2019;04;Castilla leon;Esparragos;184.28;397.89;2.16;13.86;0.08;0.17;2019-04-01;Pre-covid;Pre-covid
2019;04;Castilla leon;Verduras de hoja;350.47;764.05;2.18;23.84;0.15;0.32;2019-04-01;Pre-covid;Pre-covid
2019;04;Castilla leon;Berenjenas;206.57;261.43;1.27;22.92;0.09;0.11;2019-04-01;Pre-covid;Pre-covid
2019;04;Castilla leon;Zanahorias;746.34;621.87;0.83;52.92;0.31;0.26;2019-04-01;Pre-covid;Pre-covid
2019;04;Castilla leon;Calabacines;837.24;1055.54;1.26;46.78;0.35;0.44;2019-04-01;Pre-covid;Pre-covid
2019;04;Castilla leon;Otr hortalizas/verd ;1794.97;3652.49;2.03;70.56;0.75;1.52;2019-04-01;Pre-covid;Pre-covid
2019;04;Castilla leon;Brocoli;193.98;370.71;1.91;19.74;0.08;0.15;2019-04-01;Pre-covid;Pre-covid
2019;04;Castilla leon;Alcachofas;315.27;530.83;1.68;19.85;0.13;0.22;2019-04-01;Pre-covid;Pre-covid
2019;04;Castilla leon;Apio;69.43;97.59;1.41;5.0;0.03;0.04;2019-04-01;Pre-covid;Pre-covid
2019;04;Castilla leon;Coliflor;194.33;229.44;1.18;9.79;0.08;0.1;2019-04-01;Pre-covid;Pre-covid
2019;04;Castilla leon;Verd /hort  iv gama;1084.15;3163.74;2.92;66.42;0.45;1.32;2019-04-01;Pre-covid;Pre-covid
2019;04;Castilla leon;Puerro;217.02;553.25;2.55;30.13;0.09;0.23;2019-04-01;Pre-covid;Pre-covid
2019;04;Cataluña;Patatas;16785.36;16954.61;1.01;83.48;2.34;2.37;2019-04-01;Pre-covid;Pre-covid
2019;04;Cataluña;Patatas frescas;11151.08;10613.06;0.95;70.9;1.56;1.48;2019-04-01;Pre-covid;Pre-covid
2019;04;Cataluña;Patatas congeladas;483.12;727.25;1.51;12.14;0.07;0.1;2019-04-01;Pre-covid;Pre-covid
2019;04;Cataluña;Patatas procesadas;1030.23;5614.3;5.45;55.33;0.14;0.78;2019-04-01;Pre-covid;Pre-covid
2019;04;Cataluña;Patatas fritas;827.4;5316.69;6.43;53.41;0.12;0.74;2019-04-01;Pre-covid;Pre-covid
2019;04;Cataluña;Hortalizas frescas;38821.06;75686.22;1.95;97.08;5.42;10.57;2019-04-01;Pre-covid;Pre-covid
2019;04;Cataluña;Omates;7777.7;15043.97;1.93;84.75;1.09;2.1;2019-04-01;Pre-covid;Pre-covid
2019;04;Cataluña;Cebollas;5093.81;7488.4;1.47;74.14;0.71;1.05;2019-04-01;Pre-covid;Pre-covid
2019;04;Cataluña;Ajos;568.72;2588.81;4.55;31.09;0.08;0.36;2019-04-01;Pre-covid;Pre-covid
2019;04;Cataluña;Coles;791.79;960.31;1.21;15.98;0.11;0.13;2019-04-01;Pre-covid;Pre-covid
2019;04;Cataluña;Pepinos;993.52;1556.37;1.57;32.13;0.14;0.22;2019-04-01;Pre-covid;Pre-covid
2019;04;Cataluña;Judias verdes;1477.56;4612.35;3.12;36.79;0.21;0.64;2019-04-01;Pre-covid;Pre-covid
2019;04;Cataluña;Pimientos;2646.9;5122.96;1.94;64.02;0.37;0.72;2019-04-01;Pre-covid;Pre-covid
2019;04;Cataluña;Champiñoneso setas;964.83;3283.01;3.4;39.68;0.13;0.46;2019-04-01;Pre-covid;Pre-covid
2019;04;Cataluña;Lechuga/esc /endivia;2573.22;7551.7;2.93;69.71;0.36;1.05;2019-04-01;Pre-covid;Pre-covid
2019;04;Cataluña;Esparragos;1243.94;1953.09;1.57;19.22;0.17;0.27;2019-04-01;Pre-covid;Pre-covid
2019;04;Cataluña;Verduras de hoja;948.6;2407.06;2.54;29.28;0.13;0.34;2019-04-01;Pre-covid;Pre-covid
2019;04;Cataluña;Berenjenas;1180.1;1419.47;1.2;38.18;0.16;0.2;2019-04-01;Pre-covid;Pre-covid
2019;04;Cataluña;Zanahorias;1941.82;1908.97;0.98;56.71;0.27;0.27;2019-04-01;Pre-covid;Pre-covid
2019;04;Cataluña;Calabacines;2342.14;3079.78;1.31;54.08;0.33;0.43;2019-04-01;Pre-covid;Pre-covid
2019;04;Cataluña;Otr hortalizas/verd ;8276.41;16709.98;2.02;80.97;1.16;2.33;2019-04-01;Pre-covid;Pre-covid
2019;04;Cataluña;Brocoli;832.16;1392.41;1.67;23.77;0.12;0.19;2019-04-01;Pre-covid;Pre-covid
2019;04;Cataluña;Alcachofas;2268.43;3406.4;1.5;42.87;0.32;0.48;2019-04-01;Pre-covid;Pre-covid
2019;04;Cataluña;Apio;384.53;565.31;1.47;12.33;0.05;0.08;2019-04-01;Pre-covid;Pre-covid
2019;04;Cataluña;Coliflor;356.05;504.36;1.42;9.44;0.05;0.07;2019-04-01;Pre-covid;Pre-covid
2019;04;Cataluña;Verd /hort  iv gama;4702.09;12075.36;2.57;71.17;0.66;1.69;2019-04-01;Pre-covid;Pre-covid
2019;04;Cataluña;Puerro;605.05;1390.0;2.3;24.98;0.08;0.19;2019-04-01;Pre-covid;Pre-covid
2019;04;Extremadura;Patatas;2118.07;1972.04;0.93;82.86;1.8;1.68;2019-04-01;Pre-covid;Pre-covid
2019;04;Extremadura;Patatas frescas;1434.93;1239.21;0.86;69.74;1.22;1.05;2019-04-01;Pre-covid;Pre-covid
2019;04;Extremadura;Patatas congeladas;126.33;150.41;1.19;11.85;0.11;0.13;2019-04-01;Pre-covid;Pre-covid
2019;04;Extremadura;Patatas procesadas;111.36;582.42;5.23;57.71;0.09;0.49;2019-04-01;Pre-covid;Pre-covid
2019;04;Extremadura;Patatas fritas;102.09;562.85;5.51;56.41;0.09;0.48;2019-04-01;Pre-covid;Pre-covid
2019;04;Extremadura;Hortalizas frescas;4301.81;7654.43;1.78;98.5;3.65;6.5;2019-04-01;Pre-covid;Pre-covid
2019;04;Extremadura;Omates;904.98;1454.62;1.61;80.99;0.77;1.24;2019-04-01;Pre-covid;Pre-covid
2019;04;Extremadura;Cebollas;552.95;780.42;1.41;67.27;0.47;0.66;2019-04-01;Pre-covid;Pre-covid
2019;04;Extremadura;Ajos;81.66;328.49;4.02;33.3;0.07;0.28;2019-04-01;Pre-covid;Pre-covid
2019;04;Extremadura;Coles;88.77;80.8;0.91;18.38;0.08;0.07;2019-04-01;Pre-covid;Pre-covid
2019;04;Extremadura;Pepinos;138.94;195.87;1.41;38.72;0.12;0.17;2019-04-01;Pre-covid;Pre-covid
2019;04;Extremadura;Judias verdes;97.14;263.74;2.71;32.37;0.08;0.22;2019-04-01;Pre-covid;Pre-covid
2019;04;Extremadura;Pimientos;261.26;494.59;1.89;54.93;0.22;0.42;2019-04-01;Pre-covid;Pre-covid
2019;04;Extremadura;Champiñoneso setas;88.83;335.31;3.77;33.94;0.08;0.28;2019-04-01;Pre-covid;Pre-covid
2019;04;Extremadura;Lechuga/esc /endivia;292.12;858.75;2.94;58.74;0.25;0.73;2019-04-01;Pre-covid;Pre-covid
2019;04;Extremadura;Esparragos;61.0;172.96;2.84;16.78;0.05;0.15;2019-04-01;Pre-covid;Pre-covid
2019;04;Extremadura;Verduras de hoja;202.59;430.17;2.12;34.85;0.17;0.37;2019-04-01;Pre-covid;Pre-covid
2019;04;Extremadura;Berenjenas;107.11;123.73;1.16;26.46;0.09;0.11;2019-04-01;Pre-covid;Pre-covid
2019;04;Extremadura;Zanahorias;346.74;295.39;0.85;63.02;0.29;0.25;2019-04-01;Pre-covid;Pre-covid
2019;04;Extremadura;Calabacines;328.53;412.84;1.26;53.29;0.28;0.35;2019-04-01;Pre-covid;Pre-covid
2019;04;Extremadura;Otr hortalizas/verd ;749.18;1426.74;1.9;72.14;0.64;1.21;2019-04-01;Pre-covid;Pre-covid
2019;04;Extremadura;Brocoli;105.68;176.06;1.67;29.0;0.09;0.15;2019-04-01;Pre-covid;Pre-covid
2019;04;Extremadura;Alcachofas;151.84;215.33;1.42;30.04;0.13;0.18;2019-04-01;Pre-covid;Pre-covid
2019;04;Extremadura;Apio;52.05;58.89;1.13;11.68;0.04;0.05;2019-04-01;Pre-covid;Pre-covid
2019;04;Extremadura;Coliflor;49.56;67.1;1.35;10.1;0.04;0.06;2019-04-01;Pre-covid;Pre-covid
2019;04;Extremadura;Verd /hort  iv gama;695.98;1647.79;2.37;67.65;0.59;1.4;2019-04-01;Pre-covid;Pre-covid
2019;04;Extremadura;Puerro;65.24;162.93;2.5;20.28;0.06;0.14;2019-04-01;Pre-covid;Pre-covid
2019;04;Galicia;Patatas;6663.96;6251.81;0.94;70.27;2.45;2.3;2019-04-01;Pre-covid;Pre-covid
2019;04;Galicia;Patatas frescas;5413.86;4813.68;0.89;53.24;1.99;1.77;2019-04-01;Pre-covid;Pre-covid
2019;04;Galicia;Patatas congeladas;185.55;228.78;1.23;6.71;0.07;0.08;2019-04-01;Pre-covid;Pre-covid
2019;04;Galicia;Patatas procesadas;212.91;1209.35;5.68;36.47;0.08;0.45;2019-04-01;Pre-covid;Pre-covid
2019;04;Galicia;Patatas fritas;171.12;1144.17;6.69;34.75;0.06;0.42;2019-04-01;Pre-covid;Pre-covid
2019;04;Galicia;Hortalizas frescas;10745.02;20501.02;1.91;95.64;3.96;7.55;2019-04-01;Pre-covid;Pre-covid
2019;04;Galicia;Omates;1931.36;3675.11;1.9;73.11;0.71;1.35;2019-04-01;Pre-covid;Pre-covid
2019;04;Galicia;Cebollas;1675.87;2266.82;1.35;65.72;0.62;0.83;2019-04-01;Pre-covid;Pre-covid
2019;04;Galicia;Ajos;280.43;1166.21;4.16;38.45;0.1;0.43;2019-04-01;Pre-covid;Pre-covid
2019;04;Galicia;Coles;702.94;797.45;1.13;21.94;0.26;0.29;2019-04-01;Pre-covid;Pre-covid
2019;04;Galicia;Pepinos;92.53;155.54;1.68;9.65;0.03;0.06;2019-04-01;Pre-covid;Pre-covid
2019;04;Galicia;Judias verdes;234.61;656.81;2.8;24.75;0.09;0.24;2019-04-01;Pre-covid;Pre-covid
2019;04;Galicia;Pimientos;869.72;1762.54;2.03;61.48;0.32;0.65;2019-04-01;Pre-covid;Pre-covid
2019;04;Galicia;Champiñoneso setas;232.21;1067.91;4.6;30.78;0.09;0.39;2019-04-01;Pre-covid;Pre-covid
2019;04;Galicia;Lechuga/esc /endivia;1040.55;2557.16;2.46;61.08;0.38;0.94;2019-04-01;Pre-covid;Pre-covid
2019;04;Galicia;Esparragos;155.61;416.96;2.68;10.7;0.06;0.15;2019-04-01;Pre-covid;Pre-covid
2019;04;Galicia;Verduras de hoja;172.46;480.05;2.78;17.53;0.06;0.18;2019-04-01;Pre-covid;Pre-covid
2019;04;Galicia;Berenjenas;214.48;282.31;1.32;23.5;0.08;0.1;2019-04-01;Pre-covid;Pre-covid
2019;04;Galicia;Zanahorias;766.38;712.76;0.93;57.7;0.28;0.26;2019-04-01;Pre-covid;Pre-covid
2019;04;Galicia;Calabacines;478.3;790.32;1.65;32.13;0.18;0.29;2019-04-01;Pre-covid;Pre-covid
2019;04;Galicia;Otr hortalizas/verd ;1897.58;3713.08;1.96;70.63;0.7;1.37;2019-04-01;Pre-covid;Pre-covid
2019;04;Galicia;Brocoli;338.01;628.11;1.86;24.45;0.12;0.23;2019-04-01;Pre-covid;Pre-covid
2019;04;Galicia;Alcachofas;232.73;368.07;1.58;6.23;0.09;0.14;2019-04-01;Pre-covid;Pre-covid
2019;04;Galicia;Apio;71.68;104.25;1.45;3.05;0.03;0.04;2019-04-01;Pre-covid;Pre-covid
2019;04;Galicia;Coliflor;150.24;219.56;1.46;8.3;0.06;0.08;2019-04-01;Pre-covid;Pre-covid
2019;04;Galicia;Verd /hort  iv gama;1203.3;2980.83;2.48;54.21;0.44;1.1;2019-04-01;Pre-covid;Pre-covid
2019;04;Galicia;Puerro;164.09;431.85;2.63;21.41;0.06;0.16;2019-04-01;Pre-covid;Pre-covid
2019;04;La rioja;Patatas;645.48;681.7;1.06;70.08;1.99;2.1;2019-04-01;Pre-covid;Pre-covid
2019;04;La rioja;Patatas frescas;531.43;546.73;1.03;58.19;1.64;1.69;2019-04-01;Pre-covid;Pre-covid
2019;04;La rioja;Patatas congeladas;8.18;8.76;1.07;3.89;0.03;0.03;2019-04-01;Pre-covid;Pre-covid
2019;04;La rioja;Patatas procesadas;21.17;126.21;5.96;39.25;0.07;0.39;2019-04-01;Pre-covid;Pre-covid
2019;04;La rioja;Patatas fritas;16.33;119.82;7.34;37.75;0.05;0.37;2019-04-01;Pre-covid;Pre-covid
2019;04;La rioja;Hortalizas frescas;1393.16;2958.41;2.12;95.88;4.3;9.13;2019-04-01;Pre-covid;Pre-covid
2019;04;La rioja;Omates;151.7;290.1;1.91;46.72;0.47;0.9;2019-04-01;Pre-covid;Pre-covid
2019;04;La rioja;Cebollas;163.34;288.97;1.77;56.92;0.5;0.89;2019-04-01;Pre-covid;Pre-covid
2019;04;La rioja;Ajos;50.46;361.53;7.17;27.17;0.16;1.12;2019-04-01;Pre-covid;Pre-covid
2019;04;La rioja;Coles;18.31;24.67;1.35;7.13;0.06;0.08;2019-04-01;Pre-covid;Pre-covid
2019;04;La rioja;Pepinos;16.36;22.09;1.35;12.07;0.05;0.07;2019-04-01;Pre-covid;Pre-covid
2019;04;La rioja;Judias verdes;51.84;129.9;2.51;27.09;0.16;0.4;2019-04-01;Pre-covid;Pre-covid
2019;04;La rioja;Pimientos;56.0;126.89;2.27;54.25;0.17;0.39;2019-04-01;Pre-covid;Pre-covid
2019;04;La rioja;Champiñoneso setas;38.4;176.88;4.61;36.47;0.12;0.55;2019-04-01;Pre-covid;Pre-covid
2019;04;La rioja;Lechuga/esc /endivia;138.47;383.48;2.77;69.04;0.43;1.18;2019-04-01;Pre-covid;Pre-covid
2019;04;La rioja;Esparragos;150.87;229.18;1.52;22.24;0.47;0.71;2019-04-01;Pre-covid;Pre-covid
2019;04;La rioja;Verduras de hoja;37.79;85.35;2.26;23.25;0.12;0.26;2019-04-01;Pre-covid;Pre-covid
2019;04;La rioja;Berenjenas;35.3;40.37;1.14;28.94;0.11;0.12;2019-04-01;Pre-covid;Pre-covid
2019;04;La rioja;Zanahorias;66.67;56.7;0.85;47.98;0.21;0.17;2019-04-01;Pre-covid;Pre-covid
2019;04;La rioja;Calabacines;121.87;149.27;1.22;45.5;0.38;0.46;2019-04-01;Pre-covid;Pre-covid
2019;04;La rioja;Otr hortalizas/verd ;295.78;593.05;2.01;67.08;0.91;1.83;2019-04-01;Pre-covid;Pre-covid
2019;04;La rioja;Brocoli;16.02;42.33;2.64;17.58;0.05;0.13;2019-04-01;Pre-covid;Pre-covid
2019;04;La rioja;Alcachofas;124.58;158.56;1.27;33.42;0.38;0.49;2019-04-01;Pre-covid;Pre-covid
2019;04;La rioja;Apio;4.83;8.43;1.75;2.45;0.01;0.03;2019-04-01;Pre-covid;Pre-covid
2019;04;La rioja;Coliflor;8.82;9.89;1.12;5.22;0.03;0.03;2019-04-01;Pre-covid;Pre-covid
2019;04;La rioja;Verd /hort  iv gama;171.79;462.96;2.69;56.88;0.53;1.43;2019-04-01;Pre-covid;Pre-covid
2019;04;La rioja;Puerro;21.01;53.78;2.56;25.29;0.06;0.17;2019-04-01;Pre-covid;Pre-covid
2019;04;Madrid;Patatas;13873.28;12517.06;0.9;79.06;2.19;1.98;2019-04-01;Pre-covid;Pre-covid
2019;04;Madrid;Patatas frescas;9782.9;8346.88;0.85;67.32;1.55;1.32;2019-04-01;Pre-covid;Pre-covid
2019;04;Madrid;Patatas congeladas;499.09;663.84;1.33;9.72;0.08;0.1;2019-04-01;Pre-covid;Pre-covid
2019;04;Madrid;Patatas procesadas;718.26;3506.34;4.88;45.81;0.11;0.55;2019-04-01;Pre-covid;Pre-covid
2019;04;Madrid;Patatas fritas;552.3;3262.59;5.91;43.43;0.09;0.52;2019-04-01;Pre-covid;Pre-covid
2019;04;Madrid;Hortalizas frescas;28379.72;53865.39;1.9;97.04;4.49;8.51;2019-04-01;Pre-covid;Pre-covid
2019;04;Madrid;Omates;5563.83;9800.35;1.76;81.4;0.88;1.55;2019-04-01;Pre-covid;Pre-covid
2019;04;Madrid;Cebollas;3315.18;4764.06;1.44;66.7;0.52;0.75;2019-04-01;Pre-covid;Pre-covid
2019;04;Madrid;Ajos;290.46;1242.7;4.28;35.81;0.05;0.2;2019-04-01;Pre-covid;Pre-covid
2019;04;Madrid;Coles;654.57;837.98;1.28;16.59;0.1;0.13;2019-04-01;Pre-covid;Pre-covid
2019;04;Madrid;Pepinos;826.18;1220.03;1.48;28.92;0.13;0.19;2019-04-01;Pre-covid;Pre-covid
2019;04;Madrid;Judias verdes;1041.24;2972.71;2.85;31.86;0.16;0.47;2019-04-01;Pre-covid;Pre-covid
2019;04;Madrid;Pimientos;2496.31;4841.86;1.94;66.66;0.39;0.77;2019-04-01;Pre-covid;Pre-covid
2019;04;Madrid;Champiñoneso setas;762.81;2885.1;3.78;39.43;0.12;0.46;2019-04-01;Pre-covid;Pre-covid
2019;04;Madrid;Lechuga/esc /endivia;1466.45;4616.68;3.15;58.61;0.23;0.73;2019-04-01;Pre-covid;Pre-covid
2019;04;Madrid;Esparragos;1070.12;2126.44;1.99;27.96;0.17;0.34;2019-04-01;Pre-covid;Pre-covid
2019;04;Madrid;Verduras de hoja;710.5;1794.42;2.53;33.56;0.11;0.28;2019-04-01;Pre-covid;Pre-covid
2019;04;Madrid;Berenjenas;740.0;1000.43;1.35;29.09;0.12;0.16;2019-04-01;Pre-covid;Pre-covid
2019;04;Madrid;Zanahorias;1938.72;1677.06;0.87;58.62;0.31;0.27;2019-04-01;Pre-covid;Pre-covid
2019;04;Madrid;Calabacines;2364.17;2944.24;1.25;51.86;0.37;0.47;2019-04-01;Pre-covid;Pre-covid
2019;04;Madrid;Otr hortalizas/verd ;5139.16;11141.33;2.17;77.25;0.81;1.76;2019-04-01;Pre-covid;Pre-covid
2019;04;Madrid;Brocoli;613.32;1167.11;1.9;22.41;0.1;0.18;2019-04-01;Pre-covid;Pre-covid
2019;04;Madrid;Alcachofas;927.88;1485.86;1.6;25.09;0.15;0.23;2019-04-01;Pre-covid;Pre-covid
2019;04;Madrid;Apio;247.87;363.09;1.46;9.56;0.04;0.06;2019-04-01;Pre-covid;Pre-covid
2019;04;Madrid;Coliflor;327.46;471.55;1.44;9.22;0.05;0.07;2019-04-01;Pre-covid;Pre-covid
2019;04;Madrid;Verd /hort  iv gama;3618.4;10174.89;2.81;71.05;0.57;1.61;2019-04-01;Pre-covid;Pre-covid
2019;04;Madrid;Puerro;722.63;1600.21;2.21;33.11;0.11;0.25;2019-04-01;Pre-covid;Pre-covid
2019;04;Murcia;Patatas;3205.76;3012.69;0.94;84.3;2.23;2.09;2019-04-01;Pre-covid;Pre-covid
2019;04;Murcia;Patatas frescas;2293.4;1974.0;0.86;65.38;1.59;1.37;2019-04-01;Pre-covid;Pre-covid
2019;04;Murcia;Patatas congeladas;155.27;186.15;1.2;13.56;0.11;0.13;2019-04-01;Pre-covid;Pre-covid
2019;04;Murcia;Patatas procesadas;151.42;852.54;5.63;54.11;0.11;0.59;2019-04-01;Pre-covid;Pre-covid
2019;04;Murcia;Patatas fritas;137.72;832.26;6.04;52.65;0.1;0.58;2019-04-01;Pre-covid;Pre-covid
2019;04;Murcia;Hortalizas frescas;6875.88;12063.82;1.75;94.36;4.77;8.38;2019-04-01;Pre-covid;Pre-covid
2019;04;Murcia;Omates;1540.63;2545.93;1.65;85.35;1.07;1.77;2019-04-01;Pre-covid;Pre-covid
2019;04;Murcia;Cebollas;890.67;1112.56;1.25;62.94;0.62;0.77;2019-04-01;Pre-covid;Pre-covid
2019;04;Murcia;Ajos;77.3;290.41;3.76;32.59;0.05;0.2;2019-04-01;Pre-covid;Pre-covid
2019;04;Murcia;Coles;107.3;123.52;1.15;17.55;0.07;0.09;2019-04-01;Pre-covid;Pre-covid
2019;04;Murcia;Pepinos;283.98;336.1;1.18;40.21;0.2;0.23;2019-04-01;Pre-covid;Pre-covid
2019;04;Murcia;Judias verdes;146.51;481.53;3.29;34.35;0.1;0.33;2019-04-01;Pre-covid;Pre-covid
2019;04;Murcia;Pimientos;448.56;792.12;1.77;59.3;0.31;0.55;2019-04-01;Pre-covid;Pre-covid
2019;04;Murcia;Champiñoneso setas;207.1;730.67;3.53;46.29;0.14;0.51;2019-04-01;Pre-covid;Pre-covid
2019;04;Murcia;Lechuga/esc /endivia;438.42;1222.88;2.79;59.24;0.3;0.85;2019-04-01;Pre-covid;Pre-covid
2019;04;Murcia;Esparragos;165.87;333.96;2.01;21.04;0.12;0.23;2019-04-01;Pre-covid;Pre-covid
2019;04;Murcia;Verduras de hoja;149.23;348.86;2.34;32.12;0.1;0.24;2019-04-01;Pre-covid;Pre-covid
2019;04;Murcia;Berenjenas;230.02;286.36;1.24;42.99;0.16;0.2;2019-04-01;Pre-covid;Pre-covid
2019;04;Murcia;Zanahorias;287.6;258.07;0.9;47.27;0.2;0.18;2019-04-01;Pre-covid;Pre-covid
2019;04;Murcia;Calabacines;520.83;676.0;1.3;51.07;0.36;0.47;2019-04-01;Pre-covid;Pre-covid
2019;04;Murcia;Otr hortalizas/verd ;1381.88;2524.87;1.83;72.94;0.96;1.75;2019-04-01;Pre-covid;Pre-covid
2019;04;Murcia;Brocoli;165.1;249.13;1.51;16.58;0.11;0.17;2019-04-01;Pre-covid;Pre-covid
2019;04;Murcia;Alcachofas;335.92;423.35;1.26;29.7;0.23;0.29;2019-04-01;Pre-covid;Pre-covid
2019;04;Murcia;Apio;37.66;67.22;1.78;9.28;0.03;0.05;2019-04-01;Pre-covid;Pre-covid
2019;04;Murcia;Coliflor;94.93;108.77;1.15;13.84;0.07;0.08;2019-04-01;Pre-covid;Pre-covid
2019;04;Murcia;Verd /hort  iv gama;768.34;1932.44;2.52;62.16;0.53;1.34;2019-04-01;Pre-covid;Pre-covid
2019;04;Murcia;Puerro;73.89;195.1;2.64;21.66;0.05;0.14;2019-04-01;Pre-covid;Pre-covid
2019;04;Navarra;Patatas;1417.41;1255.52;0.89;72.17;2.37;2.1;2019-04-01;Pre-covid;Pre-covid
2019;04;Navarra;Patatas frescas;1147.86;916.14;0.8;61.02;1.92;1.53;2019-04-01;Pre-covid;Pre-covid
2019;04;Navarra;Patatas congeladas;13.36;19.37;1.45;3.74;0.02;0.03;2019-04-01;Pre-covid;Pre-covid
2019;04;Navarra;Patatas procesadas;51.24;320.01;6.25;29.54;0.09;0.54;2019-04-01;Pre-covid;Pre-covid
2019;04;Navarra;Patatas fritas;41.59;304.25;7.32;27.24;0.07;0.51;2019-04-01;Pre-covid;Pre-covid
2019;04;Navarra;Hortalizas frescas;2441.05;4999.7;2.05;98.83;4.08;8.36;2019-04-01;Pre-covid;Pre-covid
2019;04;Navarra;Omates;283.29;538.73;1.9;73.71;0.47;0.9;2019-04-01;Pre-covid;Pre-covid
2019;04;Navarra;Cebollas;278.32;458.07;1.65;59.8;0.47;0.77;2019-04-01;Pre-covid;Pre-covid
2019;04;Navarra;Ajos;25.7;155.21;6.04;31.99;0.04;0.26;2019-04-01;Pre-covid;Pre-covid
2019;04;Navarra;Coles;13.53;27.68;2.05;6.93;0.02;0.05;2019-04-01;Pre-covid;Pre-covid
2019;04;Navarra;Pepinos;36.61;74.16;2.03;24.37;0.06;0.12;2019-04-01;Pre-covid;Pre-covid
2019;04;Navarra;Judias verdes;102.54;370.5;3.61;31.38;0.17;0.62;2019-04-01;Pre-covid;Pre-covid
2019;04;Navarra;Pimientos;159.74;309.41;1.94;58.0;0.27;0.52;2019-04-01;Pre-covid;Pre-covid
2019;04;Navarra;Champiñoneso setas;46.79;192.58;4.12;29.56;0.08;0.32;2019-04-01;Pre-covid;Pre-covid
2019;04;Navarra;Lechuga/esc /endivia;262.58;631.05;2.4;68.61;0.44;1.06;2019-04-01;Pre-covid;Pre-covid
2019;04;Navarra;Esparragos;182.42;515.68;2.83;24.0;0.31;0.86;2019-04-01;Pre-covid;Pre-covid
2019;04;Navarra;Verduras de hoja;132.29;246.95;1.87;30.92;0.22;0.41;2019-04-01;Pre-covid;Pre-covid
2019;04;Navarra;Berenjenas;118.56;185.33;1.56;17.02;0.2;0.31;2019-04-01;Pre-covid;Pre-covid
2019;04;Navarra;Zanahorias;140.92;121.69;0.86;44.98;0.24;0.2;2019-04-01;Pre-covid;Pre-covid
2019;04;Navarra;Calabacines;199.31;260.95;1.31;47.36;0.33;0.44;2019-04-01;Pre-covid;Pre-covid
2019;04;Navarra;Otr hortalizas/verd ;458.46;911.71;1.99;82.69;0.77;1.53;2019-04-01;Pre-covid;Pre-covid
2019;04;Navarra;Brocoli;26.38;44.06;1.67;12.19;0.04;0.07;2019-04-01;Pre-covid;Pre-covid
2019;04;Navarra;Alcachofas;123.31;163.03;1.32;14.98;0.21;0.27;2019-04-01;Pre-covid;Pre-covid
2019;04;Navarra;Apio;9.37;14.42;1.54;5.5;0.02;0.02;2019-04-01;Pre-covid;Pre-covid
2019;04;Navarra;Coliflor;20.63;26.91;1.3;6.04;0.03;0.05;2019-04-01;Pre-covid;Pre-covid
2019;04;Navarra;Verd /hort  iv gama;265.37;693.41;2.61;74.65;0.44;1.16;2019-04-01;Pre-covid;Pre-covid
2019;04;Navarra;Puerro;47.44;155.59;3.28;22.22;0.08;0.26;2019-04-01;Pre-covid;Pre-covid
2019;04;Pais vasco;Patatas;5149.18;4905.0;0.95;80.48;2.44;2.32;2019-04-01;Pre-covid;Pre-covid
2019;04;Pais vasco;Patatas frescas;4133.85;3743.74;0.91;74.38;1.96;1.77;2019-04-01;Pre-covid;Pre-covid
2019;04;Pais vasco;Patatas congeladas;91.31;122.02;1.34;6.73;0.04;0.06;2019-04-01;Pre-covid;Pre-covid
2019;04;Pais vasco;Patatas procesadas;184.8;1039.24;5.62;37.52;0.09;0.49;2019-04-01;Pre-covid;Pre-covid
2019;04;Pais vasco;Patatas fritas;138.56;977.77;7.06;35.5;0.07;0.46;2019-04-01;Pre-covid;Pre-covid
2019;04;Pais vasco;Hortalizas frescas;10485.67;21753.83;2.07;96.42;4.96;10.29;2019-04-01;Pre-covid;Pre-covid
2019;04;Pais vasco;Omates;1743.48;3673.36;2.11;75.13;0.82;1.74;2019-04-01;Pre-covid;Pre-covid
2019;04;Pais vasco;Cebollas;1445.99;2294.89;1.59;73.67;0.68;1.09;2019-04-01;Pre-covid;Pre-covid
2019;04;Pais vasco;Ajos;146.61;701.28;4.78;50.19;0.07;0.33;2019-04-01;Pre-covid;Pre-covid
2019;04;Pais vasco;Coles;186.25;216.16;1.16;14.37;0.09;0.1;2019-04-01;Pre-covid;Pre-covid
2019;04;Pais vasco;Pepinos;193.24;314.51;1.63;19.74;0.09;0.15;2019-04-01;Pre-covid;Pre-covid
2019;04;Pais vasco;Judias verdes;584.87;1740.08;2.98;37.64;0.28;0.82;2019-04-01;Pre-covid;Pre-covid
2019;04;Pais vasco;Pimientos;805.88;1773.98;2.2;68.96;0.38;0.84;2019-04-01;Pre-covid;Pre-covid
2019;04;Pais vasco;Champiñoneso setas;334.36;1320.03;3.95;46.44;0.16;0.62;2019-04-01;Pre-covid;Pre-covid
2019;04;Pais vasco;Lechuga/esc /endivia;727.32;1985.06;2.73;66.44;0.34;0.94;2019-04-01;Pre-covid;Pre-covid
2019;04;Pais vasco;Esparragos;333.97;853.64;2.56;24.31;0.16;0.4;2019-04-01;Pre-covid;Pre-covid
2019;04;Pais vasco;Verduras de hoja;352.4;683.29;1.94;28.79;0.17;0.32;2019-04-01;Pre-covid;Pre-covid
2019;04;Pais vasco;Berenjenas;204.14;290.31;1.42;28.55;0.1;0.14;2019-04-01;Pre-covid;Pre-covid
2019;04;Pais vasco;Zanahorias;762.28;689.89;0.91;69.35;0.36;0.33;2019-04-01;Pre-covid;Pre-covid
2019;04;Pais vasco;Calabacines;846.48;1079.3;1.28;56.4;0.4;0.51;2019-04-01;Pre-covid;Pre-covid
2019;04;Pais vasco;Otr hortalizas/verd ;1818.41;4138.06;2.28;74.89;0.86;1.96;2019-04-01;Pre-covid;Pre-covid
2019;04;Pais vasco;Brocoli;221.44;416.03;1.88;21.03;0.1;0.2;2019-04-01;Pre-covid;Pre-covid
2019;04;Pais vasco;Alcachofas;382.99;590.08;1.54;22.4;0.18;0.28;2019-04-01;Pre-covid;Pre-covid
2019;04;Pais vasco;Apio;42.42;56.97;1.34;4.4;0.02;0.03;2019-04-01;Pre-covid;Pre-covid
2019;04;Pais vasco;Coliflor;96.41;137.54;1.43;8.54;0.05;0.07;2019-04-01;Pre-covid;Pre-covid
2019;04;Pais vasco;Verd /hort  iv gama;1565.27;3555.51;2.27;70.56;0.74;1.68;2019-04-01;Pre-covid;Pre-covid
2019;04;Pais vasco;Puerro;282.07;872.2;3.09;35.76;0.13;0.41;2019-04-01;Pre-covid;Pre-covid
2019;04;Valencia;Patatas;10600.74;10423.27;0.98;84.86;2.18;2.15;2019-04-01;Pre-covid;Pre-covid
2019;04;Valencia;Patatas frescas;7165.83;6630.42;0.93;70.55;1.48;1.37;2019-04-01;Pre-covid;Pre-covid
2019;04;Valencia;Patatas congeladas;381.09;517.84;1.36;12.01;0.08;0.11;2019-04-01;Pre-covid;Pre-covid
2019;04;Valencia;Patatas procesadas;610.76;3275.01;5.36;56.53;0.13;0.67;2019-04-01;Pre-covid;Pre-covid
2019;04;Valencia;Patatas fritas;553.01;3182.93;5.76;54.81;0.11;0.66;2019-04-01;Pre-covid;Pre-covid
2019;04;Valencia;Hortalizas frescas;23422.5;43803.13;1.87;97.66;4.82;9.02;2019-04-01;Pre-covid;Pre-covid
2019;04;Valencia;Omates;4067.54;7150.93;1.76;79.53;0.84;1.47;2019-04-01;Pre-covid;Pre-covid
2019;04;Valencia;Cebollas;2699.54;3669.9;1.36;64.57;0.56;0.76;2019-04-01;Pre-covid;Pre-covid
2019;04;Valencia;Ajos;237.54;980.15;4.13;32.47;0.05;0.2;2019-04-01;Pre-covid;Pre-covid
2019;04;Valencia;Coles;355.29;446.87;1.26;12.25;0.07;0.09;2019-04-01;Pre-covid;Pre-covid
2019;04;Valencia;Pepinos;737.08;1169.58;1.59;34.75;0.15;0.24;2019-04-01;Pre-covid;Pre-covid
2019;04;Valencia;Judias verdes;597.09;1870.07;3.13;32.7;0.12;0.39;2019-04-01;Pre-covid;Pre-covid
2019;04;Valencia;Pimientos;1958.99;3497.43;1.79;64.19;0.4;0.72;2019-04-01;Pre-covid;Pre-covid
2019;04;Valencia;Champiñoneso setas;603.3;2255.38;3.74;41.86;0.12;0.46;2019-04-01;Pre-covid;Pre-covid
2019;04;Valencia;Lechuga/esc /endivia;1392.61;4129.58;2.97;63.42;0.29;0.85;2019-04-01;Pre-covid;Pre-covid
2019;04;Valencia;Esparragos;521.08;1543.64;2.96;23.47;0.11;0.32;2019-04-01;Pre-covid;Pre-covid
2019;04;Valencia;Verduras de hoja;526.08;1315.17;2.5;27.7;0.11;0.27;2019-04-01;Pre-covid;Pre-covid
2019;04;Valencia;Berenjenas;771.89;1007.2;1.3;38.14;0.16;0.21;2019-04-01;Pre-covid;Pre-covid
2019;04;Valencia;Zanahorias;1232.49;1044.6;0.85;56.88;0.25;0.22;2019-04-01;Pre-covid;Pre-covid
2019;04;Valencia;Calabacines;1303.22;1723.28;1.32;50.39;0.27;0.35;2019-04-01;Pre-covid;Pre-covid
2019;04;Valencia;Otr hortalizas/verd ;6418.75;11999.34;1.87;81.31;1.32;2.47;2019-04-01;Pre-covid;Pre-covid
2019;04;Valencia;Brocoli;414.86;702.71;1.69;18.43;0.09;0.14;2019-04-01;Pre-covid;Pre-covid
2019;04;Valencia;Alcachofas;1727.2;2276.78;1.32;43.4;0.36;0.47;2019-04-01;Pre-covid;Pre-covid
2019;04;Valencia;Apio;169.31;233.95;1.38;10.57;0.03;0.05;2019-04-01;Pre-covid;Pre-covid
2019;04;Valencia;Coliflor;316.21;434.44;1.37;10.53;0.07;0.09;2019-04-01;Pre-covid;Pre-covid
2019;04;Valencia;Verd /hort  iv gama;2423.22;6986.4;2.88;69.82;0.5;1.44;2019-04-01;Pre-covid;Pre-covid
2019;04;Valencia;Puerro;339.3;958.88;2.83;24.02;0.07;0.2;2019-04-01;Pre-covid;Pre-covid
2019;04;Nacional;Frutas frescas;320577.94;493202.08;1.54;96.68;6.95;10.69;2019-04-01;Pre-covid;Pre-covid
2019;04;Nacional;Naranjas;87111.72;77421.83;0.89;57.79;1.89;1.68;2019-04-01;Pre-covid;Pre-covid
2019;04;Nacional;Mandarinas;20956.3;33599.41;1.6;41.58;0.45;0.73;2019-04-01;Pre-covid;Pre-covid
2019;04;Nacional;Limones;8322.41;11370.52;1.37;33.76;0.18;0.25;2019-04-01;Pre-covid;Pre-covid
2019;04;Nacional;Platanos;53360.34;81012.98;1.52;82.92;1.16;1.76;2019-04-01;Pre-covid;Pre-covid
2019;04;Nacional;Manzanas;43075.84;61119.78;1.42;70.04;0.93;1.33;2019-04-01;Pre-covid;Pre-covid
2019;04;Nacional;Peras;19363.55;28906.31;1.49;49.39;0.42;0.63;2019-04-01;Pre-covid;Pre-covid
2019;04;Nacional;Melocotones;256.07;784.23;3.06;1.73;0.01;0.02;2019-04-01;Pre-covid;Pre-covid
2019;04;Nacional;Nectarinas;569.51;1284.37;2.26;2.95;0.01;0.03;2019-04-01;Pre-covid;Pre-covid
2019;04;Nacional;Albaricoques;241.9;605.8;2.5;2.12;0.01;0.01;2019-04-01;Pre-covid;Pre-covid
2019;04;Nacional;Fresas/freson;38353.43;77492.2;2.02;73.77;0.83;1.68;2019-04-01;Pre-covid;Pre-covid
2019;04;Nacional;Melon;5299.18;9949.43;1.88;10.45;0.11;0.22;2019-04-01;Pre-covid;Pre-covid
2019;04;Nacional;Sandia;7113.98;10994.26;1.55;12.94;0.15;0.24;2019-04-01;Pre-covid;Pre-covid
2019;04;Nacional;Ciruelas;1449.88;3797.62;2.62;8.71;0.03;0.08;2019-04-01;Pre-covid;Pre-covid
2019;04;Nacional;Cerezas;148.23;357.48;2.41;0.86;0.0;0.01;2019-04-01;Pre-covid;Pre-covid
2019;04;Nacional;Uvas;2696.34;10082.0;3.74;12.31;0.06;0.22;2019-04-01;Pre-covid;Pre-covid
2019;04;Nacional;Kiwi;10978.44;27363.95;2.49;37.38;0.24;0.59;2019-04-01;Pre-covid;Pre-covid
2019;04;Nacional;Aguacate;5054.29;18251.89;3.61;27.51;0.11;0.4;2019-04-01;Pre-covid;Pre-covid
2019;04;Nacional;Piña;7283.26;12054.17;1.66;17.67;0.16;0.26;2019-04-01;Pre-covid;Pre-covid
2019;04;Nacional;Otras frutas frescas;8943.25;26753.86;2.99;29.16;0.19;0.58;2019-04-01;Pre-covid;Pre-covid
2019;04;Nacional;Pomelo;1374.62;2541.58;1.85;2.62;0.03;0.06;2019-04-01;Pre-covid;Pre-covid
2019;04;Nacional;Chirimoya;6.44;36.93;5.74;0.03;0.0;0.0;2019-04-01;Pre-covid;Pre-covid
2019;04;Nacional;Mango;2003.31;5308.18;2.65;8.35;0.04;0.12;2019-04-01;Pre-covid;Pre-covid
2019;04;Nacional;Frutas iv gama;18350.0;30852.59;1.68;31.28;0.4;0.67;2019-04-01;Pre-covid;Pre-covid
2019;04;Andalucia;Frutas frescas;50526.31;75128.45;1.49;96.19;5.82;8.65;2019-04-01;Pre-covid;Pre-covid
2019;04;Andalucia;Naranjas;12966.08;10802.27;0.83;53.58;1.49;1.24;2019-04-01;Pre-covid;Pre-covid
2019;04;Andalucia;Mandarinas;2661.49;4013.56;1.51;35.83;0.31;0.46;2019-04-01;Pre-covid;Pre-covid
2019;04;Andalucia;Limones;1436.21;1893.76;1.32;28.97;0.17;0.22;2019-04-01;Pre-covid;Pre-covid
2019;04;Andalucia;Platanos;8875.63;12625.17;1.42;82.28;1.02;1.45;2019-04-01;Pre-covid;Pre-covid
2019;04;Andalucia;Manzanas;6883.84;9463.34;1.37;67.83;0.79;1.09;2019-04-01;Pre-covid;Pre-covid
2019;04;Andalucia;Peras;2849.43;4271.16;1.5;45.33;0.33;0.49;2019-04-01;Pre-covid;Pre-covid
2019;04;Andalucia;Melocotones;26.71;87.03;3.26;0.82;0.0;0.01;2019-04-01;Pre-covid;Pre-covid
2019;04;Andalucia;Nectarinas;65.27;118.91;1.82;2.39;0.01;0.01;2019-04-01;Pre-covid;Pre-covid
2019;04;Andalucia;Albaricoques;34.75;69.36;2.0;1.41;0.0;0.01;2019-04-01;Pre-covid;Pre-covid
2019;04;Andalucia;Fresas/freson;6423.29;12481.75;1.94;73.72;0.74;1.44;2019-04-01;Pre-covid;Pre-covid
2019;04;Andalucia;Melon;908.95;1606.31;1.77;12.25;0.1;0.19;2019-04-01;Pre-covid;Pre-covid
2019;04;Andalucia;Sandia;1185.25;1686.74;1.42;14.08;0.14;0.19;2019-04-01;Pre-covid;Pre-covid
2019;04;Andalucia;Ciruelas;277.98;751.26;2.7;8.15;0.03;0.09;2019-04-01;Pre-covid;Pre-covid
2019;04;Andalucia;Cerezas;25.04;57.87;2.31;1.25;0.0;0.01;2019-04-01;Pre-covid;Pre-covid
2019;04;Andalucia;Uvas;452.74;1486.61;3.28;13.27;0.05;0.17;2019-04-01;Pre-covid;Pre-covid
2019;04;Andalucia;Kiwi;1711.62;4268.34;2.49;36.53;0.2;0.49;2019-04-01;Pre-covid;Pre-covid
2019;04;Andalucia;Aguacate;768.71;2574.91;3.35;25.39;0.09;0.3;2019-04-01;Pre-covid;Pre-covid
2019;04;Andalucia;Piña;1227.18;2065.84;1.68;18.72;0.14;0.24;2019-04-01;Pre-covid;Pre-covid
2019;04;Andalucia;Otras frutas frescas;1746.15;4804.27;2.75;29.47;0.2;0.55;2019-04-01;Pre-covid;Pre-covid
2019;04;Andalucia;Pomelo;558.76;1179.7;2.11;2.86;0.06;0.14;2019-04-01;Pre-covid;Pre-covid
2019;04;Andalucia;Chirimoya;0.0;0.0;0.0;0.0;0.0;0.0;2019-04-01;Pre-covid;Pre-covid
2019;04;Andalucia;Mango;414.24;1144.15;2.76;10.09;0.05;0.13;2019-04-01;Pre-covid;Pre-covid
2019;04;Andalucia;Frutas iv gama;2854.57;5249.57;1.84;36.63;0.33;0.6;2019-04-01;Pre-covid;Pre-covid
2019;04;Aragon;Frutas frescas;8888.71;13403.13;1.51;97.27;6.79;10.23;2019-04-01;Pre-covid;Pre-covid
2019;04;Aragon;Naranjas;2334.66;2116.92;0.91;65.05;1.78;1.62;2019-04-01;Pre-covid;Pre-covid
2019;04;Aragon;Mandarinas;822.44;1286.26;1.56;47.81;0.63;0.98;2019-04-01;Pre-covid;Pre-covid
2019;04;Aragon;Limones;200.32;277.5;1.39;34.41;0.15;0.21;2019-04-01;Pre-covid;Pre-covid
2019;04;Aragon;Platanos;1340.91;2065.64;1.54;84.25;1.02;1.58;2019-04-01;Pre-covid;Pre-covid
2019;04;Aragon;Manzanas;1171.1;1525.34;1.3;65.52;0.89;1.16;2019-04-01;Pre-covid;Pre-covid
2019;04;Aragon;Peras;559.43;836.7;1.5;53.12;0.43;0.64;2019-04-01;Pre-covid;Pre-covid
2019;04;Aragon;Melocotones;6.73;22.17;3.29;2.14;0.01;0.02;2019-04-01;Pre-covid;Pre-covid
2019;04;Aragon;Nectarinas;8.12;22.04;2.71;2.11;0.01;0.02;2019-04-01;Pre-covid;Pre-covid
2019;04;Aragon;Albaricoques;0.0;0.0;0.0;0.0;0.0;0.0;2019-04-01;Pre-covid;Pre-covid
2019;04;Aragon;Fresas/freson;1113.56;2209.41;1.98;75.57;0.85;1.69;2019-04-01;Pre-covid;Pre-covid
2019;04;Aragon;Melon;235.72;414.84;1.76;14.75;0.18;0.32;2019-04-01;Pre-covid;Pre-covid
2019;04;Aragon;Sandia;220.45;361.76;1.64;13.56;0.17;0.28;2019-04-01;Pre-covid;Pre-covid
2019;04;Aragon;Ciruelas;12.03;34.38;2.86;3.12;0.01;0.03;2019-04-01;Pre-covid;Pre-covid
2019;04;Aragon;Cerezas;2.12;7.96;3.76;1.46;0.0;0.01;2019-04-01;Pre-covid;Pre-covid
2019;04;Aragon;Uvas;89.95;337.73;3.75;14.16;0.07;0.26;2019-04-01;Pre-covid;Pre-covid
2019;04;Aragon;Kiwi;295.75;726.03;2.45;42.61;0.23;0.55;2019-04-01;Pre-covid;Pre-covid
2019;04;Aragon;Aguacate;129.84;433.09;3.34;31.52;0.1;0.33;2019-04-01;Pre-covid;Pre-covid
2019;04;Aragon;Piña;189.84;299.36;1.58;18.66;0.14;0.23;2019-04-01;Pre-covid;Pre-covid
2019;04;Aragon;Otras frutas frescas;155.75;426.01;2.74;24.58;0.12;0.33;2019-04-01;Pre-covid;Pre-covid
2019;04;Aragon;Pomelo;16.92;24.17;1.43;2.42;0.01;0.02;2019-04-01;Pre-covid;Pre-covid
2019;04;Aragon;Chirimoya;0.0;0.0;0.0;0.0;0.0;0.0;2019-04-01;Pre-covid;Pre-covid
2019;04;Aragon;Mango;58.16;94.46;1.62;5.21;0.04;0.07;2019-04-01;Pre-covid;Pre-covid
2019;04;Aragon;Frutas iv gama;386.91;604.15;1.56;28.45;0.3;0.46;2019-04-01;Pre-covid;Pre-covid
2019;04;Asturias;Frutas frescas;8543.49;12919.26;1.51;97.25;7.95;12.02;2019-04-01;Pre-covid;Pre-covid
2019;04;Asturias;Naranjas;2246.79;1912.92;0.85;64.14;2.09;1.78;2019-04-01;Pre-covid;Pre-covid
2019;04;Asturias;Mandarinas;664.57;1052.96;1.58;59.11;0.62;0.98;2019-04-01;Pre-covid;Pre-covid
2019;04;Asturias;Limones;209.81;295.4;1.41;33.17;0.2;0.27;2019-04-01;Pre-covid;Pre-covid
2019;04;Asturias;Platanos;1440.44;2263.68;1.57;84.63;1.34;2.11;2019-04-01;Pre-covid;Pre-covid
2019;04;Asturias;Manzanas;1234.69;1678.63;1.36;72.66;1.15;1.56;2019-04-01;Pre-covid;Pre-covid
2019;04;Asturias;Peras;495.24;725.52;1.46;60.08;0.46;0.68;2019-04-01;Pre-covid;Pre-covid
2019;04;Asturias;Melocotones;11.78;35.9;3.05;2.86;0.01;0.03;2019-04-01;Pre-covid;Pre-covid
2019;04;Asturias;Nectarinas;8.31;16.28;1.96;2.34;0.01;0.02;2019-04-01;Pre-covid;Pre-covid
2019;04;Asturias;Albaricoques;2.2;9.13;4.14;0.37;0.0;0.01;2019-04-01;Pre-covid;Pre-covid
2019;04;Asturias;Fresas/freson;1192.81;2378.98;1.99;72.52;1.11;2.21;2019-04-01;Pre-covid;Pre-covid
2019;04;Asturias;Melon;72.4;119.36;1.65;7.42;0.07;0.11;2019-04-01;Pre-covid;Pre-covid
2019;04;Asturias;Sandia;141.79;240.56;1.7;12.56;0.13;0.22;2019-04-01;Pre-covid;Pre-covid
2019;04;Asturias;Ciruelas;26.89;59.84;2.23;11.42;0.03;0.06;2019-04-01;Pre-covid;Pre-covid
2019;04;Asturias;Cerezas;0.56;3.63;6.43;0.56;0.0;0.0;2019-04-01;Pre-covid;Pre-covid
2019;04;Asturias;Uvas;61.28;242.99;3.97;11.65;0.06;0.23;2019-04-01;Pre-covid;Pre-covid
2019;04;Asturias;Kiwi;286.47;600.87;2.1;38.35;0.27;0.56;2019-04-01;Pre-covid;Pre-covid
2019;04;Asturias;Aguacate;115.84;461.31;3.98;27.88;0.11;0.43;2019-04-01;Pre-covid;Pre-covid
2019;04;Asturias;Piña;181.38;256.35;1.41;18.05;0.17;0.24;2019-04-01;Pre-covid;Pre-covid
2019;04;Asturias;Otras frutas frescas;150.23;564.95;3.76;26.45;0.14;0.53;2019-04-01;Pre-covid;Pre-covid
2019;04;Asturias;Pomelo;33.67;49.86;1.48;8.01;0.03;0.05;2019-04-01;Pre-covid;Pre-covid
2019;04;Asturias;Chirimoya;0.0;0.0;0.0;0.0;0.0;0.0;2019-04-01;Pre-covid;Pre-covid
2019;04;Asturias;Mango;34.48;118.29;3.43;7.43;0.03;0.11;2019-04-01;Pre-covid;Pre-covid
2019;04;Asturias;Frutas iv gama;433.22;760.2;1.75;25.12;0.4;0.71;2019-04-01;Pre-covid;Pre-covid
2019;04;Baleares;Frutas frescas;7142.05;11496.01;1.61;97.84;6.77;10.89;2019-04-01;Pre-covid;Pre-covid
2019;04;Baleares;Naranjas;1600.71;1415.29;0.88;45.28;1.52;1.34;2019-04-01;Pre-covid;Pre-covid
2019;04;Baleares;Mandarinas;298.0;544.74;1.83;29.3;0.28;0.52;2019-04-01;Pre-covid;Pre-covid
2019;04;Baleares;Limones;182.38;229.78;1.26;22.29;0.17;0.22;2019-04-01;Pre-covid;Pre-covid
2019;04;Baleares;Platanos;1511.12;2225.25;1.47;88.15;1.43;2.11;2019-04-01;Pre-covid;Pre-covid
2019;04;Baleares;Manzanas;1204.53;1708.37;1.42;79.74;1.14;1.62;2019-04-01;Pre-covid;Pre-covid
2019;04;Baleares;Peras;433.59;691.24;1.59;57.15;0.41;0.66;2019-04-01;Pre-covid;Pre-covid
2019;04;Baleares;Melocotones;6.71;10.78;1.61;0.91;0.01;0.01;2019-04-01;Pre-covid;Pre-covid
2019;04;Baleares;Nectarinas;11.46;8.59;0.75;1.33;0.01;0.01;2019-04-01;Pre-covid;Pre-covid
2019;04;Baleares;Albaricoques;3.89;18.66;4.8;1.26;0.0;0.02;2019-04-01;Pre-covid;Pre-covid
2019;04;Baleares;Fresas/freson;833.86;1654.88;1.98;69.05;0.79;1.57;2019-04-01;Pre-covid;Pre-covid
2019;04;Baleares;Melon;114.78;223.58;1.95;7.62;0.11;0.21;2019-04-01;Pre-covid;Pre-covid
2019;04;Baleares;Sandia;62.25;103.69;1.67;7.76;0.06;0.1;2019-04-01;Pre-covid;Pre-covid
2019;04;Baleares;Ciruelas;43.42;132.6;3.05;6.97;0.04;0.13;2019-04-01;Pre-covid;Pre-covid
2019;04;Baleares;Cerezas;8.95;17.16;1.92;1.89;0.01;0.02;2019-04-01;Pre-covid;Pre-covid
2019;04;Baleares;Uvas;84.17;378.84;4.5;18.25;0.08;0.36;2019-04-01;Pre-covid;Pre-covid
2019;04;Baleares;Kiwi;314.51;727.67;2.31;39.84;0.3;0.69;2019-04-01;Pre-covid;Pre-covid
2019;04;Baleares;Aguacate;211.0;791.75;3.75;44.52;0.2;0.75;2019-04-01;Pre-covid;Pre-covid
2019;04;Baleares;Piña;71.9;109.98;1.53;10.64;0.07;0.1;2019-04-01;Pre-covid;Pre-covid
2019;04;Baleares;Otras frutas frescas;144.84;503.15;3.47;34.64;0.14;0.48;2019-04-01;Pre-covid;Pre-covid
2019;04;Baleares;Pomelo;9.48;18.25;1.93;2.68;0.01;0.02;2019-04-01;Pre-covid;Pre-covid
2019;04;Baleares;Chirimoya;0.0;0.0;0.0;0.0;0.0;0.0;2019-04-01;Pre-covid;Pre-covid
2019;04;Baleares;Mango;94.86;240.08;2.53;20.0;0.09;0.23;2019-04-01;Pre-covid;Pre-covid
2019;04;Baleares;Frutas iv gama;471.9;770.51;1.63;34.88;0.45;0.73;2019-04-01;Pre-covid;Pre-covid
2019;04;Canarias;Frutas frescas;13895.44;23464.76;1.69;96.85;6.29;10.62;2019-04-01;Pre-covid;Pre-covid
2019;04;Canarias;Naranjas;3267.66;2974.97;0.91;46.72;1.48;1.35;2019-04-01;Pre-covid;Pre-covid
2019;04;Canarias;Mandarinas;1114.99;1831.89;1.64;45.38;0.5;0.83;2019-04-01;Pre-covid;Pre-covid
2019;04;Canarias;Limones;459.75;660.5;1.44;45.87;0.21;0.3;2019-04-01;Pre-covid;Pre-covid
2019;04;Canarias;Platanos;2977.97;3961.96;1.33;85.05;1.35;1.79;2019-04-01;Pre-covid;Pre-covid
2019;04;Canarias;Manzanas;1649.66;2710.89;1.64;71.48;0.75;1.23;2019-04-01;Pre-covid;Pre-covid
2019;04;Canarias;Peras;1056.67;1721.41;1.63;56.55;0.48;0.78;2019-04-01;Pre-covid;Pre-covid
2019;04;Canarias;Melocotones;0.0;0.0;0.0;0.0;0.0;0.0;2019-04-01;Pre-covid;Pre-covid
2019;04;Canarias;Nectarinas;11.33;41.7;3.68;1.96;0.01;0.02;2019-04-01;Pre-covid;Pre-covid
2019;04;Canarias;Albaricoques;0.0;0.0;0.0;0.0;0.0;0.0;2019-04-01;Pre-covid;Pre-covid
2019;04;Canarias;Fresas/freson;903.74;2899.74;3.21;58.94;0.41;1.31;2019-04-01;Pre-covid;Pre-covid
2019;04;Canarias;Melon;40.27;97.46;2.42;5.16;0.02;0.04;2019-04-01;Pre-covid;Pre-covid
2019;04;Canarias;Sandia;153.81;244.03;1.59;10.52;0.07;0.11;2019-04-01;Pre-covid;Pre-covid
2019;04;Canarias;Ciruelas;45.6;137.57;3.02;7.25;0.02;0.06;2019-04-01;Pre-covid;Pre-covid
2019;04;Canarias;Cerezas;9.19;29.88;3.25;1.0;0.0;0.01;2019-04-01;Pre-covid;Pre-covid
2019;04;Canarias;Uvas;164.75;587.77;3.57;14.51;0.07;0.27;2019-04-01;Pre-covid;Pre-covid
2019;04;Canarias;Kiwi;444.52;1201.94;2.7;37.49;0.2;0.54;2019-04-01;Pre-covid;Pre-covid
2019;04;Canarias;Aguacate;520.22;2113.53;4.06;41.68;0.24;0.96;2019-04-01;Pre-covid;Pre-covid
2019;04;Canarias;Piña;97.28;162.46;1.67;6.89;0.04;0.07;2019-04-01;Pre-covid;Pre-covid
2019;04;Canarias;Otras frutas frescas;978.02;2087.07;2.13;44.04;0.44;0.94;2019-04-01;Pre-covid;Pre-covid
2019;04;Canarias;Pomelo;49.53;71.44;1.44;2.06;0.02;0.03;2019-04-01;Pre-covid;Pre-covid
2019;04;Canarias;Chirimoya;0.0;0.0;0.0;0.0;0.0;0.0;2019-04-01;Pre-covid;Pre-covid
2019;04;Canarias;Mango;3.1;15.33;4.94;1.3;0.0;0.01;2019-04-01;Pre-covid;Pre-covid
2019;04;Canarias;Frutas iv gama;919.02;1757.74;1.91;27.19;0.42;0.8;2019-04-01;Pre-covid;Pre-covid
2019;04;Cantabria;Frutas frescas;3811.33;5627.17;1.48;95.91;6.76;9.99;2019-04-01;Pre-covid;Pre-covid
2019;04;Cantabria;Naranjas;1157.04;995.56;0.86;60.75;2.05;1.77;2019-04-01;Pre-covid;Pre-covid
2019;04;Cantabria;Mandarinas;363.46;575.35;1.58;54.93;0.64;1.02;2019-04-01;Pre-covid;Pre-covid
2019;04;Cantabria;Limones;72.23;100.35;1.39;24.53;0.13;0.18;2019-04-01;Pre-covid;Pre-covid
2019;04;Cantabria;Platanos;584.27;895.88;1.53;85.57;1.04;1.59;2019-04-01;Pre-covid;Pre-covid
2019;04;Cantabria;Manzanas;492.27;623.29;1.27;69.17;0.87;1.11;2019-04-01;Pre-covid;Pre-covid
2019;04;Cantabria;Peras;175.09;233.2;1.33;42.33;0.31;0.41;2019-04-01;Pre-covid;Pre-covid
2019;04;Cantabria;Melocotones;1.58;6.28;3.98;1.4;0.0;0.01;2019-04-01;Pre-covid;Pre-covid
2019;04;Cantabria;Nectarinas;0.0;0.0;0.0;0.0;0.0;0.0;2019-04-01;Pre-covid;Pre-covid
2019;04;Cantabria;Albaricoques;0.0;0.0;0.0;0.0;0.0;0.0;2019-04-01;Pre-covid;Pre-covid
2019;04;Cantabria;Fresas/freson;498.54;978.9;1.96;77.72;0.88;1.74;2019-04-01;Pre-covid;Pre-covid
2019;04;Cantabria;Melon;75.99;135.4;1.78;15.19;0.13;0.24;2019-04-01;Pre-covid;Pre-covid
2019;04;Cantabria;Sandia;56.45;81.91;1.45;10.53;0.1;0.15;2019-04-01;Pre-covid;Pre-covid
2019;04;Cantabria;Ciruelas;35.51;98.84;2.78;16.85;0.06;0.18;2019-04-01;Pre-covid;Pre-covid
2019;04;Cantabria;Cerezas;0.0;0.0;0.0;0.0;0.0;0.0;2019-04-01;Pre-covid;Pre-covid
2019;04;Cantabria;Uvas;9.29;40.19;4.33;5.89;0.02;0.07;2019-04-01;Pre-covid;Pre-covid
2019;04;Cantabria;Kiwi;127.48;346.67;2.72;28.5;0.23;0.62;2019-04-01;Pre-covid;Pre-covid
2019;04;Cantabria;Aguacate;45.76;181.2;3.96;22.01;0.08;0.32;2019-04-01;Pre-covid;Pre-covid
2019;04;Cantabria;Piña;51.33;112.79;2.2;15.89;0.09;0.2;2019-04-01;Pre-covid;Pre-covid
2019;04;Cantabria;Otras frutas frescas;65.06;221.35;3.4;25.09;0.12;0.39;2019-04-01;Pre-covid;Pre-covid
2019;04;Cantabria;Pomelo;0.88;0.86;0.98;0.93;0.0;0.0;2019-04-01;Pre-covid;Pre-covid
2019;04;Cantabria;Chirimoya;0.0;0.0;0.0;0.0;0.0;0.0;2019-04-01;Pre-covid;Pre-covid
2019;04;Cantabria;Mango;5.9;16.33;2.77;2.46;0.01;0.03;2019-04-01;Pre-covid;Pre-covid
2019;04;Cantabria;Frutas iv gama;320.21;455.51;1.42;33.5;0.57;0.81;2019-04-01;Pre-covid;Pre-covid
2019;04;Castilla la mancha;Frutas frescas;13780.21;19575.65;1.42;97.15;6.58;9.34;2019-04-01;Pre-covid;Pre-covid
2019;04;Castilla la mancha;Naranjas;4510.1;3960.44;0.88;61.47;2.15;1.89;2019-04-01;Pre-covid;Pre-covid
2019;04;Castilla la mancha;Mandarinas;809.61;1254.89;1.55;42.69;0.39;0.6;2019-04-01;Pre-covid;Pre-covid
2019;04;Castilla la mancha;Limones;297.66;401.55;1.35;35.43;0.14;0.19;2019-04-01;Pre-covid;Pre-covid
2019;04;Castilla la mancha;Platanos;2449.84;3659.03;1.49;86.05;1.17;1.75;2019-04-01;Pre-covid;Pre-covid
2019;04;Castilla la mancha;Manzanas;1460.64;2106.47;1.44;73.49;0.7;1.01;2019-04-01;Pre-covid;Pre-covid
2019;04;Castilla la mancha;Peras;713.51;1068.45;1.5;48.74;0.34;0.51;2019-04-01;Pre-covid;Pre-covid
2019;04;Castilla la mancha;Melocotones;7.63;19.54;2.56;0.65;0.0;0.01;2019-04-01;Pre-covid;Pre-covid
2019;04;Castilla la mancha;Nectarinas;7.65;9.62;1.26;1.2;0.0;0.0;2019-04-01;Pre-covid;Pre-covid
2019;04;Castilla la mancha;Albaricoques;4.29;12.79;2.98;1.02;0.0;0.01;2019-04-01;Pre-covid;Pre-covid
2019;04;Castilla la mancha;Fresas/freson;1678.16;3025.81;1.8;73.31;0.8;1.44;2019-04-01;Pre-covid;Pre-covid
2019;04;Castilla la mancha;Melon;190.19;361.6;1.9;9.89;0.09;0.17;2019-04-01;Pre-covid;Pre-covid
2019;04;Castilla la mancha;Sandia;393.28;652.66;1.66;16.3;0.19;0.31;2019-04-01;Pre-covid;Pre-covid
2019;04;Castilla la mancha;Ciruelas;40.85;102.67;2.51;7.76;0.02;0.05;2019-04-01;Pre-covid;Pre-covid
2019;04;Castilla la mancha;Cerezas;1.49;5.58;3.75;0.38;0.0;0.0;2019-04-01;Pre-covid;Pre-covid
2019;04;Castilla la mancha;Uvas;96.38;335.47;3.48;12.32;0.05;0.16;2019-04-01;Pre-covid;Pre-covid
2019;04;Castilla la mancha;Kiwi;439.32;1016.5;2.31;34.6;0.21;0.49;2019-04-01;Pre-covid;Pre-covid
2019;04;Castilla la mancha;Aguacate;161.76;523.62;3.24;27.79;0.08;0.25;2019-04-01;Pre-covid;Pre-covid
2019;04;Castilla la mancha;Piña;280.68;402.69;1.43;19.65;0.13;0.19;2019-04-01;Pre-covid;Pre-covid
2019;04;Castilla la mancha;Otras frutas frescas;237.16;656.27;2.77;25.0;0.11;0.31;2019-04-01;Pre-covid;Pre-covid
2019;04;Castilla la mancha;Pomelo;20.62;30.38;1.47;1.36;0.01;0.01;2019-04-01;Pre-covid;Pre-covid
2019;04;Castilla la mancha;Chirimoya;0.0;0.0;0.0;0.0;0.0;0.0;2019-04-01;Pre-covid;Pre-covid
2019;04;Castilla la mancha;Mango;31.19;78.92;2.53;5.71;0.01;0.04;2019-04-01;Pre-covid;Pre-covid
2019;04;Castilla la mancha;Frutas iv gama;809.07;1023.65;1.27;35.03;0.39;0.49;2019-04-01;Pre-covid;Pre-covid
2019;04;Castilla leon;Frutas frescas;19750.08;28680.84;1.45;97.89;8.22;11.93;2019-04-01;Pre-covid;Pre-covid
2019;04;Castilla leon;Naranjas;6352.1;5367.94;0.85;73.91;2.64;2.23;2019-04-01;Pre-covid;Pre-covid
2019;04;Castilla leon;Mandarinas;1197.25;1868.21;1.56;49.53;0.5;0.78;2019-04-01;Pre-covid;Pre-covid
2019;04;Castilla leon;Limones;539.64;787.61;1.46;40.59;0.22;0.33;2019-04-01;Pre-covid;Pre-covid
2019;04;Castilla leon;Platanos;2896.2;4405.9;1.52;82.51;1.21;1.83;2019-04-01;Pre-covid;Pre-covid
2019;04;Castilla leon;Manzanas;2639.06;3579.78;1.36;70.5;1.1;1.49;2019-04-01;Pre-covid;Pre-covid
2019;04;Castilla leon;Peras;1203.89;1717.33;1.43;49.04;0.5;0.71;2019-04-01;Pre-covid;Pre-covid
2019;04;Castilla leon;Melocotones;11.58;34.75;3.0;2.02;0.0;0.01;2019-04-01;Pre-covid;Pre-covid
2019;04;Castilla leon;Nectarinas;60.01;103.76;1.73;3.51;0.02;0.04;2019-04-01;Pre-covid;Pre-covid
2019;04;Castilla leon;Albaricoques;17.89;42.54;2.38;2.15;0.01;0.02;2019-04-01;Pre-covid;Pre-covid
2019;04;Castilla leon;Fresas/freson;2078.4;4185.63;2.01;75.38;0.86;1.74;2019-04-01;Pre-covid;Pre-covid
2019;04;Castilla leon;Melon;374.7;591.97;1.58;11.6;0.16;0.25;2019-04-01;Pre-covid;Pre-covid
2019;04;Castilla leon;Sandia;423.29;603.31;1.43;13.44;0.18;0.25;2019-04-01;Pre-covid;Pre-covid
2019;04;Castilla leon;Ciruelas;64.55;149.42;2.31;5.12;0.03;0.06;2019-04-01;Pre-covid;Pre-covid
2019;04;Castilla leon;Cerezas;1.28;4.49;3.49;0.09;0.0;0.0;2019-04-01;Pre-covid;Pre-covid
2019;04;Castilla leon;Uvas;91.18;353.05;3.87;9.23;0.04;0.15;2019-04-01;Pre-covid;Pre-covid
2019;04;Castilla leon;Kiwi;828.38;2141.58;2.59;43.72;0.34;0.89;2019-04-01;Pre-covid;Pre-covid
2019;04;Castilla leon;Aguacate;224.96;757.33;3.37;28.8;0.09;0.32;2019-04-01;Pre-covid;Pre-covid
2019;04;Castilla leon;Piña;453.87;740.24;1.63;20.1;0.19;0.31;2019-04-01;Pre-covid;Pre-covid
2019;04;Castilla leon;Otras frutas frescas;291.87;1246.01;4.27;24.75;0.12;0.52;2019-04-01;Pre-covid;Pre-covid
2019;04;Castilla leon;Pomelo;9.81;13.78;1.4;1.01;0.0;0.01;2019-04-01;Pre-covid;Pre-covid
2019;04;Castilla leon;Chirimoya;0.0;0.0;0.0;0.0;0.0;0.0;2019-04-01;Pre-covid;Pre-covid
2019;04;Castilla leon;Mango;96.27;263.4;2.74;7.77;0.04;0.11;2019-04-01;Pre-covid;Pre-covid
2019;04;Castilla leon;Frutas iv gama;944.07;1644.57;1.74;26.79;0.39;0.68;2019-04-01;Pre-covid;Pre-covid
2019;04;Cataluña;Frutas frescas;54689.29;88184.01;1.61;96.57;7.64;12.32;2019-04-01;Pre-covid;Pre-covid
2019;04;Cataluña;Naranjas;15515.59;14659.59;0.94;60.4;2.17;2.05;2019-04-01;Pre-covid;Pre-covid
2019;04;Cataluña;Mandarinas;3650.86;6283.19;1.72;43.26;0.51;0.88;2019-04-01;Pre-covid;Pre-covid
2019;04;Cataluña;Limones;1473.09;2095.91;1.42;37.31;0.21;0.29;2019-04-01;Pre-covid;Pre-covid
2019;04;Cataluña;Platanos;8506.22;13878.04;1.63;82.16;1.19;1.94;2019-04-01;Pre-covid;Pre-covid
2019;04;Cataluña;Manzanas;7198.33;10438.7;1.45;69.17;1.01;1.46;2019-04-01;Pre-covid;Pre-covid
2019;04;Cataluña;Peras;3133.98;4873.83;1.56;50.43;0.44;0.68;2019-04-01;Pre-covid;Pre-covid
2019;04;Cataluña;Melocotones;47.34;115.14;2.43;2.32;0.01;0.02;2019-04-01;Pre-covid;Pre-covid
2019;04;Cataluña;Nectarinas;48.98;118.48;2.42;2.31;0.01;0.02;2019-04-01;Pre-covid;Pre-covid
2019;04;Cataluña;Albaricoques;47.36;132.31;2.79;2.66;0.01;0.02;2019-04-01;Pre-covid;Pre-covid
2019;04;Cataluña;Fresas/freson;6416.31;13470.21;2.1;75.91;0.9;1.88;2019-04-01;Pre-covid;Pre-covid
2019;04;Cataluña;Melon;1201.16;2599.56;2.16;11.66;0.17;0.36;2019-04-01;Pre-covid;Pre-covid
2019;04;Cataluña;Sandia;1582.9;2427.36;1.53;17.25;0.22;0.34;2019-04-01;Pre-covid;Pre-covid
2019;04;Cataluña;Ciruelas;233.25;688.73;2.95;8.6;0.03;0.1;2019-04-01;Pre-covid;Pre-covid
2019;04;Cataluña;Cerezas;59.33;145.23;2.45;1.44;0.01;0.02;2019-04-01;Pre-covid;Pre-covid
2019;04;Cataluña;Uvas;564.25;2391.84;4.24;14.32;0.08;0.33;2019-04-01;Pre-covid;Pre-covid
2019;04;Cataluña;Kiwi;1505.53;3875.43;2.57;35.91;0.21;0.54;2019-04-01;Pre-covid;Pre-covid
2019;04;Cataluña;Aguacate;840.44;3072.56;3.66;26.77;0.12;0.43;2019-04-01;Pre-covid;Pre-covid
2019;04;Cataluña;Piña;1247.11;2184.26;1.75;18.93;0.17;0.31;2019-04-01;Pre-covid;Pre-covid
2019;04;Cataluña;Otras frutas frescas;1417.25;4733.66;3.34;30.53;0.2;0.66;2019-04-01;Pre-covid;Pre-covid
2019;04;Cataluña;Pomelo;204.3;341.81;1.67;1.66;0.03;0.05;2019-04-01;Pre-covid;Pre-covid
2019;04;Cataluña;Chirimoya;0.46;2.28;5.0;0.03;0.0;0.0;2019-04-01;Pre-covid;Pre-covid
2019;04;Cataluña;Mango;398.57;1112.93;2.79;8.85;0.06;0.16;2019-04-01;Pre-covid;Pre-covid
2019;04;Cataluña;Frutas iv gama;2902.28;4923.77;1.7;32.31;0.41;0.69;2019-04-01;Pre-covid;Pre-covid
2019;04;Extremadura;Frutas frescas;6832.66;9709.2;1.42;96.19;5.8;8.25;2019-04-01;Pre-covid;Pre-covid
2019;04;Extremadura;Naranjas;2037.36;1663.54;0.82;56.01;1.73;1.41;2019-04-01;Pre-covid;Pre-covid
2019;04;Extremadura;Mandarinas;386.27;578.21;1.5;42.19;0.33;0.49;2019-04-01;Pre-covid;Pre-covid
2019;04;Extremadura;Limones;141.22;174.93;1.24;24.17;0.12;0.15;2019-04-01;Pre-covid;Pre-covid
2019;04;Extremadura;Platanos;1137.07;1644.79;1.45;87.44;0.97;1.4;2019-04-01;Pre-covid;Pre-covid
2019;04;Extremadura;Manzanas;895.35;1159.63;1.3;66.87;0.76;0.99;2019-04-01;Pre-covid;Pre-covid
2019;04;Extremadura;Peras;536.53;731.97;1.36;57.52;0.46;0.62;2019-04-01;Pre-covid;Pre-covid
2019;04;Extremadura;Melocotones;2.06;13.32;6.47;1.33;0.0;0.01;2019-04-01;Pre-covid;Pre-covid
2019;04;Extremadura;Nectarinas;11.26;10.75;0.95;2.67;0.01;0.01;2019-04-01;Pre-covid;Pre-covid
2019;04;Extremadura;Albaricoques;3.84;3.84;1.0;0.66;0.0;0.0;2019-04-01;Pre-covid;Pre-covid
2019;04;Extremadura;Fresas/freson;937.37;1896.46;2.02;74.27;0.8;1.61;2019-04-01;Pre-covid;Pre-covid
2019;04;Extremadura;Melon;37.63;66.46;1.77;7.88;0.03;0.06;2019-04-01;Pre-covid;Pre-covid
2019;04;Extremadura;Sandia;89.87;181.71;2.02;9.68;0.08;0.15;2019-04-01;Pre-covid;Pre-covid
2019;04;Extremadura;Ciruelas;14.01;40.02;2.86;5.96;0.01;0.03;2019-04-01;Pre-covid;Pre-covid
2019;04;Extremadura;Cerezas;0.0;0.0;0.0;0.0;0.0;0.0;2019-04-01;Pre-covid;Pre-covid
2019;04;Extremadura;Uvas;60.62;216.27;3.57;16.56;0.05;0.18;2019-04-01;Pre-covid;Pre-covid
2019;04;Extremadura;Kiwi;206.36;513.83;2.49;37.92;0.18;0.44;2019-04-01;Pre-covid;Pre-covid
2019;04;Extremadura;Aguacate;87.9;241.12;2.74;20.15;0.07;0.2;2019-04-01;Pre-covid;Pre-covid
2019;04;Extremadura;Piña;110.33;174.34;1.58;12.18;0.09;0.15;2019-04-01;Pre-covid;Pre-covid
2019;04;Extremadura;Otras frutas frescas;137.61;398.01;2.89;27.36;0.12;0.34;2019-04-01;Pre-covid;Pre-covid
2019;04;Extremadura;Pomelo;2.46;6.69;2.72;2.43;0.0;0.01;2019-04-01;Pre-covid;Pre-covid
2019;04;Extremadura;Chirimoya;0.0;0.0;0.0;0.0;0.0;0.0;2019-04-01;Pre-covid;Pre-covid
2019;04;Extremadura;Mango;32.46;64.09;1.97;9.5;0.03;0.05;2019-04-01;Pre-covid;Pre-covid
2019;04;Extremadura;Frutas iv gama;595.73;910.27;1.53;30.74;0.51;0.77;2019-04-01;Pre-covid;Pre-covid
2019;04;Galicia;Frutas frescas;22919.15;35989.87;1.57;97.89;8.44;13.25;2019-04-01;Pre-covid;Pre-covid
2019;04;Galicia;Naranjas;6093.83;5332.98;0.88;65.6;2.24;1.96;2019-04-01;Pre-covid;Pre-covid
2019;04;Galicia;Mandarinas;1447.86;2360.76;1.63;53.86;0.53;0.87;2019-04-01;Pre-covid;Pre-covid
2019;04;Galicia;Limones;550.19;755.08;1.37;38.03;0.2;0.28;2019-04-01;Pre-covid;Pre-covid
2019;04;Galicia;Platanos;3880.74;6006.92;1.55;87.89;1.43;2.21;2019-04-01;Pre-covid;Pre-covid
2019;04;Galicia;Manzanas;3805.29;5223.52;1.37;78.39;1.4;1.92;2019-04-01;Pre-covid;Pre-covid
2019;04;Galicia;Peras;1380.14;2023.18;1.47;53.01;0.51;0.74;2019-04-01;Pre-covid;Pre-covid
2019;04;Galicia;Melocotones;29.26;130.62;4.46;4.5;0.01;0.05;2019-04-01;Pre-covid;Pre-covid
2019;04;Galicia;Nectarinas;134.38;357.24;2.66;8.63;0.05;0.13;2019-04-01;Pre-covid;Pre-covid
2019;04;Galicia;Albaricoques;14.81;29.18;1.97;2.92;0.01;0.01;2019-04-01;Pre-covid;Pre-covid
2019;04;Galicia;Fresas/freson;2190.61;4602.34;2.1;71.46;0.81;1.69;2019-04-01;Pre-covid;Pre-covid
2019;04;Galicia;Melon;344.9;633.45;1.84;12.03;0.13;0.23;2019-04-01;Pre-covid;Pre-covid
2019;04;Galicia;Sandia;255.29;383.83;1.5;10.36;0.09;0.14;2019-04-01;Pre-covid;Pre-covid
2019;04;Galicia;Ciruelas;120.85;265.83;2.2;11.33;0.04;0.1;2019-04-01;Pre-covid;Pre-covid
2019;04;Galicia;Cerezas;3.0;13.02;4.34;0.6;0.0;0.0;2019-04-01;Pre-covid;Pre-covid
2019;04;Galicia;Uvas;223.65;763.71;3.41;14.07;0.08;0.28;2019-04-01;Pre-covid;Pre-covid
2019;04;Galicia;Kiwi;952.89;2472.73;2.59;37.71;0.35;0.91;2019-04-01;Pre-covid;Pre-covid
2019;04;Galicia;Aguacate;375.0;1434.46;3.83;24.18;0.14;0.53;2019-04-01;Pre-covid;Pre-covid
2019;04;Galicia;Piña;528.66;960.47;1.82;22.25;0.19;0.35;2019-04-01;Pre-covid;Pre-covid
2019;04;Galicia;Otras frutas frescas;587.8;2240.56;3.81;33.81;0.22;0.82;2019-04-01;Pre-covid;Pre-covid
2019;04;Galicia;Pomelo;87.28;156.61;1.79;6.31;0.03;0.06;2019-04-01;Pre-covid;Pre-covid
2019;04;Galicia;Chirimoya;0.0;0.0;0.0;0.0;0.0;0.0;2019-04-01;Pre-covid;Pre-covid
2019;04;Galicia;Mango;132.58;420.87;3.17;9.38;0.05;0.15;2019-04-01;Pre-covid;Pre-covid
2019;04;Galicia;Frutas iv gama;1225.13;1990.98;1.63;28.49;0.45;0.73;2019-04-01;Pre-covid;Pre-covid
2019;04;La rioja;Frutas frescas;2222.69;3423.16;1.54;98.31;6.86;10.57;2019-04-01;Pre-covid;Pre-covid
2019;04;La rioja;Naranjas;681.66;628.75;0.92;62.74;2.1;1.94;2019-04-01;Pre-covid;Pre-covid
2019;04;La rioja;Mandarinas;175.45;285.44;1.63;43.44;0.54;0.88;2019-04-01;Pre-covid;Pre-covid
2019;04;La rioja;Limones;68.18;103.9;1.52;34.69;0.21;0.32;2019-04-01;Pre-covid;Pre-covid
2019;04;La rioja;Platanos;325.88;545.75;1.67;84.06;1.01;1.68;2019-04-01;Pre-covid;Pre-covid
2019;04;La rioja;Manzanas;325.73;514.0;1.58;75.36;1.01;1.59;2019-04-01;Pre-covid;Pre-covid
2019;04;La rioja;Peras;109.27;159.19;1.46;46.41;0.34;0.49;2019-04-01;Pre-covid;Pre-covid
2019;04;La rioja;Melocotones;0.0;0.0;0.0;0.0;0.0;0.0;2019-04-01;Pre-covid;Pre-covid
2019;04;La rioja;Nectarinas;2.84;4.51;1.59;1.3;0.01;0.01;2019-04-01;Pre-covid;Pre-covid
2019;04;La rioja;Albaricoques;3.82;5.65;1.48;4.46;0.01;0.02;2019-04-01;Pre-covid;Pre-covid
2019;04;La rioja;Fresas/freson;281.58;502.43;1.78;67.26;0.87;1.55;2019-04-01;Pre-covid;Pre-covid
2019;04;La rioja;Melon;17.24;34.93;2.03;8.39;0.05;0.11;2019-04-01;Pre-covid;Pre-covid
2019;04;La rioja;Sandia;37.02;61.79;1.67;8.64;0.11;0.19;2019-04-01;Pre-covid;Pre-covid
2019;04;La rioja;Ciruelas;1.39;4.16;2.99;1.21;0.0;0.01;2019-04-01;Pre-covid;Pre-covid
2019;04;La rioja;Cerezas;0.0;0.0;0.0;0.0;0.0;0.0;2019-04-01;Pre-covid;Pre-covid
2019;04;La rioja;Uvas;1.58;7.75;4.91;1.5;0.0;0.02;2019-04-01;Pre-covid;Pre-covid
2019;04;La rioja;Kiwi;73.58;242.68;3.3;39.45;0.23;0.75;2019-04-01;Pre-covid;Pre-covid
2019;04;La rioja;Aguacate;21.18;87.19;4.12;14.99;0.07;0.27;2019-04-01;Pre-covid;Pre-covid
2019;04;La rioja;Piña;69.53;129.99;1.87;20.44;0.21;0.4;2019-04-01;Pre-covid;Pre-covid
2019;04;La rioja;Otras frutas frescas;26.75;105.04;3.93;24.78;0.08;0.32;2019-04-01;Pre-covid;Pre-covid
2019;04;La rioja;Pomelo;3.73;7.42;1.99;1.6;0.01;0.02;2019-04-01;Pre-covid;Pre-covid
2019;04;La rioja;Chirimoya;0.0;0.0;0.0;0.0;0.0;0.0;2019-04-01;Pre-covid;Pre-covid
2019;04;La rioja;Mango;2.22;6.28;2.82;1.72;0.01;0.02;2019-04-01;Pre-covid;Pre-covid
2019;04;La rioja;Frutas iv gama;96.02;98.05;1.02;31.19;0.3;0.3;2019-04-01;Pre-covid;Pre-covid
2019;04;Madrid;Frutas frescas;44826.29;68768.74;1.53;96.22;7.08;10.87;2019-04-01;Pre-covid;Pre-covid
2019;04;Madrid;Naranjas;12322.52;11248.54;0.91;64.61;1.95;1.78;2019-04-01;Pre-covid;Pre-covid
2019;04;Madrid;Mandarinas;3286.48;5536.44;1.68;45.48;0.52;0.88;2019-04-01;Pre-covid;Pre-covid
2019;04;Madrid;Limones;1093.71;1466.98;1.34;38.39;0.17;0.23;2019-04-01;Pre-covid;Pre-covid
2019;04;Madrid;Platanos;6776.24;10565.61;1.56;78.51;1.07;1.67;2019-04-01;Pre-covid;Pre-covid
2019;04;Madrid;Manzanas;5464.98;7872.58;1.44;69.48;0.86;1.24;2019-04-01;Pre-covid;Pre-covid
2019;04;Madrid;Peras;3093.88;4507.67;1.46;50.64;0.49;0.71;2019-04-01;Pre-covid;Pre-covid
2019;04;Madrid;Melocotones;31.57;105.69;3.35;1.05;0.0;0.02;2019-04-01;Pre-covid;Pre-covid
2019;04;Madrid;Nectarinas;70.06;125.28;1.79;1.76;0.01;0.02;2019-04-01;Pre-covid;Pre-covid
2019;04;Madrid;Albaricoques;48.6;94.67;1.95;3.18;0.01;0.01;2019-04-01;Pre-covid;Pre-covid
2019;04;Madrid;Fresas/freson;5649.72;10879.36;1.93;76.76;0.89;1.72;2019-04-01;Pre-covid;Pre-covid
2019;04;Madrid;Melon;802.92;1363.65;1.7;10.84;0.13;0.22;2019-04-01;Pre-covid;Pre-covid
2019;04;Madrid;Sandia;1004.39;1446.08;1.44;13.06;0.16;0.23;2019-04-01;Pre-covid;Pre-covid
2019;04;Madrid;Ciruelas;252.1;596.43;2.37;12.18;0.04;0.09;2019-04-01;Pre-covid;Pre-covid
2019;04;Madrid;Cerezas;5.65;22.11;3.91;0.45;0.0;0.0;2019-04-01;Pre-covid;Pre-covid
2019;04;Madrid;Uvas;348.52;1297.46;3.72;10.74;0.06;0.21;2019-04-01;Pre-covid;Pre-covid
2019;04;Madrid;Kiwi;1622.69;3899.57;2.4;43.2;0.26;0.62;2019-04-01;Pre-covid;Pre-covid
2019;04;Madrid;Aguacate;575.98;2270.43;3.94;27.06;0.09;0.36;2019-04-01;Pre-covid;Pre-covid
2019;04;Madrid;Piña;1114.96;1798.19;1.61;18.99;0.18;0.28;2019-04-01;Pre-covid;Pre-covid
2019;04;Madrid;Otras frutas frescas;1261.32;3672.01;2.91;27.97;0.2;0.58;2019-04-01;Pre-covid;Pre-covid
2019;04;Madrid;Pomelo;76.5;122.33;1.6;1.38;0.01;0.02;2019-04-01;Pre-covid;Pre-covid
2019;04;Madrid;Chirimoya;0.0;0.0;0.0;0.0;0.0;0.0;2019-04-01;Pre-covid;Pre-covid
2019;04;Madrid;Mango;326.32;880.57;2.7;8.19;0.05;0.14;2019-04-01;Pre-covid;Pre-covid
2019;04;Madrid;Frutas iv gama;2605.4;4405.95;1.69;33.37;0.41;0.7;2019-04-01;Pre-covid;Pre-covid
2019;04;Murcia;Frutas frescas;9043.19;13586.43;1.5;95.59;6.28;9.43;2019-04-01;Pre-covid;Pre-covid
2019;04;Murcia;Naranjas;2045.86;1682.5;0.82;43.92;1.42;1.17;2019-04-01;Pre-covid;Pre-covid
2019;04;Murcia;Mandarinas;361.12;588.87;1.63;31.49;0.25;0.41;2019-04-01;Pre-covid;Pre-covid
2019;04;Murcia;Limones;222.69;296.46;1.33;21.31;0.15;0.21;2019-04-01;Pre-covid;Pre-covid
2019;04;Murcia;Platanos;1583.19;2259.41;1.43;86.08;1.1;1.57;2019-04-01;Pre-covid;Pre-covid
2019;04;Murcia;Manzanas;1434.13;2041.78;1.42;71.91;1.0;1.42;2019-04-01;Pre-covid;Pre-covid
2019;04;Murcia;Peras;681.71;1061.87;1.56;54.64;0.47;0.74;2019-04-01;Pre-covid;Pre-covid
2019;04;Murcia;Melocotones;3.85;4.24;1.1;0.71;0.0;0.0;2019-04-01;Pre-covid;Pre-covid
2019;04;Murcia;Nectarinas;3.12;1.03;0.33;0.4;0.0;0.0;2019-04-01;Pre-covid;Pre-covid
2019;04;Murcia;Albaricoques;6.31;23.92;3.79;2.19;0.0;0.02;2019-04-01;Pre-covid;Pre-covid
2019;04;Murcia;Fresas/freson;1037.28;2107.04;2.03;76.18;0.72;1.46;2019-04-01;Pre-covid;Pre-covid
2019;04;Murcia;Melon;118.36;246.66;2.08;11.57;0.08;0.17;2019-04-01;Pre-covid;Pre-covid
2019;04;Murcia;Sandia;405.06;644.8;1.59;19.87;0.28;0.45;2019-04-01;Pre-covid;Pre-covid
2019;04;Murcia;Ciruelas;57.62;149.68;2.6;11.65;0.04;0.1;2019-04-01;Pre-covid;Pre-covid
2019;04;Murcia;Cerezas;14.08;27.42;1.95;2.32;0.01;0.02;2019-04-01;Pre-covid;Pre-covid
2019;04;Murcia;Uvas;75.35;270.7;3.59;14.45;0.05;0.19;2019-04-01;Pre-covid;Pre-covid
2019;04;Murcia;Kiwi;248.77;593.51;2.39;30.66;0.17;0.41;2019-04-01;Pre-covid;Pre-covid
2019;04;Murcia;Aguacate;110.14;387.24;3.52;25.29;0.08;0.27;2019-04-01;Pre-covid;Pre-covid
2019;04;Murcia;Piña;427.42;626.45;1.47;20.12;0.3;0.44;2019-04-01;Pre-covid;Pre-covid
2019;04;Murcia;Otras frutas frescas;207.13;572.84;2.77;27.83;0.14;0.4;2019-04-01;Pre-covid;Pre-covid
2019;04;Murcia;Pomelo;40.31;69.13;1.71;3.12;0.03;0.05;2019-04-01;Pre-covid;Pre-covid
2019;04;Murcia;Chirimoya;1.83;6.01;3.29;0.37;0.0;0.0;2019-04-01;Pre-covid;Pre-covid
2019;04;Murcia;Mango;72.35;154.19;2.13;10.65;0.05;0.11;2019-04-01;Pre-covid;Pre-covid
2019;04;Murcia;Frutas iv gama;530.42;1049.98;1.98;28.04;0.37;0.73;2019-04-01;Pre-covid;Pre-covid
2019;04;Navarra;Frutas frescas;4172.02;6440.84;1.54;98.88;6.98;10.77;2019-04-01;Pre-covid;Pre-covid
2019;04;Navarra;Naranjas;1098.26;1037.08;0.94;43.24;1.84;1.73;2019-04-01;Pre-covid;Pre-covid
2019;04;Navarra;Mandarinas;332.92;564.92;1.7;45.79;0.56;0.95;2019-04-01;Pre-covid;Pre-covid
2019;04;Navarra;Limones;114.6;153.74;1.34;33.29;0.19;0.26;2019-04-01;Pre-covid;Pre-covid
2019;04;Navarra;Platanos;628.88;1073.13;1.71;80.73;1.05;1.8;2019-04-01;Pre-covid;Pre-covid
2019;04;Navarra;Manzanas;773.18;1051.47;1.36;65.8;1.29;1.76;2019-04-01;Pre-covid;Pre-covid
2019;04;Navarra;Peras;129.19;193.74;1.5;30.97;0.22;0.32;2019-04-01;Pre-covid;Pre-covid
2019;04;Navarra;Melocotones;2.74;10.94;3.99;1.68;0.0;0.02;2019-04-01;Pre-covid;Pre-covid
2019;04;Navarra;Nectarinas;2.22;8.83;3.98;1.68;0.0;0.01;2019-04-01;Pre-covid;Pre-covid
2019;04;Navarra;Albaricoques;1.32;1.71;1.3;1.08;0.0;0.0;2019-04-01;Pre-covid;Pre-covid
2019;04;Navarra;Fresas/freson;584.25;1188.2;2.03;60.43;0.98;1.99;2019-04-01;Pre-covid;Pre-covid
2019;04;Navarra;Melon;27.49;64.21;2.34;4.77;0.05;0.11;2019-04-01;Pre-covid;Pre-covid
2019;04;Navarra;Sandia;52.21;71.75;1.37;6.64;0.09;0.12;2019-04-01;Pre-covid;Pre-covid
2019;04;Navarra;Ciruelas;5.02;14.05;2.8;2.99;0.01;0.02;2019-04-01;Pre-covid;Pre-covid
2019;04;Navarra;Cerezas;0.0;0.0;0.0;0.0;0.0;0.0;2019-04-01;Pre-covid;Pre-covid
2019;04;Navarra;Uvas;8.13;13.39;1.65;1.81;0.01;0.02;2019-04-01;Pre-covid;Pre-covid
2019;04;Navarra;Kiwi;149.88;410.18;2.74;39.95;0.25;0.69;2019-04-01;Pre-covid;Pre-covid
2019;04;Navarra;Aguacate;86.28;296.72;3.44;43.86;0.14;0.5;2019-04-01;Pre-covid;Pre-covid
2019;04;Navarra;Piña;131.29;189.68;1.44;17.85;0.22;0.32;2019-04-01;Pre-covid;Pre-covid
2019;04;Navarra;Otras frutas frescas;44.16;97.11;2.2;16.6;0.07;0.16;2019-04-01;Pre-covid;Pre-covid
2019;04;Navarra;Pomelo;0.0;0.0;0.0;0.0;0.0;0.0;2019-04-01;Pre-covid;Pre-covid
2019;04;Navarra;Chirimoya;0.0;0.0;0.0;0.0;0.0;0.0;2019-04-01;Pre-covid;Pre-covid
2019;04;Navarra;Mango;16.39;42.65;2.6;3.99;0.03;0.07;2019-04-01;Pre-covid;Pre-covid
2019;04;Navarra;Frutas iv gama;250.29;462.58;1.85;40.74;0.42;0.77;2019-04-01;Pre-covid;Pre-covid
2019;04;Pais vasco;Frutas frescas;17854.28;28425.36;1.59;96.23;8.45;13.45;2019-04-01;Pre-covid;Pre-covid
2019;04;Pais vasco;Naranjas;4843.5;4867.73;1.01;61.67;2.29;2.3;2019-04-01;Pre-covid;Pre-covid
2019;04;Pais vasco;Mandarinas;1404.29;2268.43;1.62;49.89;0.66;1.07;2019-04-01;Pre-covid;Pre-covid
2019;04;Pais vasco;Limones;485.72;685.27;1.41;42.11;0.23;0.32;2019-04-01;Pre-covid;Pre-covid
2019;04;Pais vasco;Platanos;2607.65;4319.84;1.66;79.43;1.23;2.04;2019-04-01;Pre-covid;Pre-covid
2019;04;Pais vasco;Manzanas;2480.44;3569.57;1.44;73.57;1.17;1.69;2019-04-01;Pre-covid;Pre-covid
2019;04;Pais vasco;Peras;1033.6;1521.18;1.47;47.4;0.49;0.72;2019-04-01;Pre-covid;Pre-covid
2019;04;Pais vasco;Melocotones;31.51;102.8;3.26;5.17;0.01;0.05;2019-04-01;Pre-covid;Pre-covid
2019;04;Pais vasco;Nectarinas;88.05;253.43;2.88;13.31;0.04;0.12;2019-04-01;Pre-covid;Pre-covid
2019;04;Pais vasco;Albaricoques;14.56;46.32;3.18;3.07;0.01;0.02;2019-04-01;Pre-covid;Pre-covid
2019;04;Pais vasco;Fresas/freson;2471.84;4838.23;1.96;72.98;1.17;2.29;2019-04-01;Pre-covid;Pre-covid
2019;04;Pais vasco;Melon;239.06;482.56;2.02;10.78;0.11;0.23;2019-04-01;Pre-covid;Pre-covid
2019;04;Pais vasco;Sandia;151.67;298.81;1.97;7.99;0.07;0.14;2019-04-01;Pre-covid;Pre-covid
2019;04;Pais vasco;Ciruelas;31.44;79.34;2.52;4.38;0.01;0.04;2019-04-01;Pre-covid;Pre-covid
2019;04;Pais vasco;Cerezas;0.0;0.0;0.0;0.0;0.0;0.0;2019-04-01;Pre-covid;Pre-covid
2019;04;Pais vasco;Uvas;104.9;400.72;3.82;11.06;0.05;0.19;2019-04-01;Pre-covid;Pre-covid
2019;04;Pais vasco;Kiwi;721.81;1705.67;2.36;34.03;0.34;0.81;2019-04-01;Pre-covid;Pre-covid
2019;04;Pais vasco;Aguacate;223.03;782.09;3.51;26.86;0.11;0.37;2019-04-01;Pre-covid;Pre-covid
2019;04;Pais vasco;Piña;482.07;849.68;1.76;19.82;0.23;0.4;2019-04-01;Pre-covid;Pre-covid
2019;04;Pais vasco;Otras frutas frescas;439.13;1353.69;3.08;27.92;0.21;0.64;2019-04-01;Pre-covid;Pre-covid
2019;04;Pais vasco;Pomelo;177.53;322.04;1.81;7.34;0.08;0.15;2019-04-01;Pre-covid;Pre-covid
2019;04;Pais vasco;Chirimoya;0.0;0.0;0.0;0.0;0.0;0.0;2019-04-01;Pre-covid;Pre-covid
2019;04;Pais vasco;Mango;64.59;134.5;2.08;6.89;0.03;0.06;2019-04-01;Pre-covid;Pre-covid
2019;04;Pais vasco;Frutas iv gama;1393.5;2029.82;1.46;29.0;0.66;0.96;2019-04-01;Pre-covid;Pre-covid
2019;04;Valencia;Frutas frescas;31680.74;48379.24;1.53;96.73;6.52;9.96;2019-04-01;Pre-covid;Pre-covid
2019;04;Valencia;Naranjas;8038.01;6754.82;0.84;47.28;1.65;1.39;2019-04-01;Pre-covid;Pre-covid
2019;04;Valencia;Mandarinas;1979.24;2705.32;1.37;25.0;0.41;0.56;2019-04-01;Pre-covid;Pre-covid
2019;04;Valencia;Limones;775.02;991.8;1.28;25.04;0.16;0.2;2019-04-01;Pre-covid;Pre-covid
2019;04;Valencia;Platanos;5838.1;8617.0;1.48;84.0;1.2;1.77;2019-04-01;Pre-covid;Pre-covid
2019;04;Valencia;Manzanas;3962.63;5852.42;1.48;67.64;0.82;1.2;2019-04-01;Pre-covid;Pre-covid
2019;04;Valencia;Peras;1778.38;2568.68;1.44;44.33;0.37;0.53;2019-04-01;Pre-covid;Pre-covid
2019;04;Valencia;Melocotones;35.01;85.03;2.43;0.95;0.01;0.02;2019-04-01;Pre-covid;Pre-covid
2019;04;Valencia;Nectarinas;36.47;83.91;2.3;1.92;0.01;0.02;2019-04-01;Pre-covid;Pre-covid
2019;04;Valencia;Albaricoques;38.26;115.75;3.03;3.02;0.01;0.02;2019-04-01;Pre-covid;Pre-covid
2019;04;Valencia;Fresas/freson;4062.11;8192.82;2.02;78.19;0.84;1.69;2019-04-01;Pre-covid;Pre-covid
2019;04;Valencia;Melon;497.4;907.43;1.82;8.04;0.1;0.19;2019-04-01;Pre-covid;Pre-covid
2019;04;Valencia;Sandia;899.01;1503.48;1.67;10.94;0.19;0.31;2019-04-01;Pre-covid;Pre-covid
2019;04;Valencia;Ciruelas;187.37;492.8;2.63;10.18;0.04;0.1;2019-04-01;Pre-covid;Pre-covid
2019;04;Valencia;Cerezas;17.53;23.14;1.32;0.5;0.0;0.0;2019-04-01;Pre-covid;Pre-covid
2019;04;Valencia;Uvas;259.61;957.5;3.69;10.84;0.05;0.2;2019-04-01;Pre-covid;Pre-covid
2019;04;Valencia;Kiwi;1048.89;2620.77;2.5;35.34;0.22;0.54;2019-04-01;Pre-covid;Pre-covid
2019;04;Valencia;Aguacate;556.26;1843.33;3.31;27.9;0.11;0.38;2019-04-01;Pre-covid;Pre-covid
2019;04;Valencia;Piña;618.44;991.4;1.6;15.06;0.13;0.2;2019-04-01;Pre-covid;Pre-covid
2019;04;Valencia;Otras frutas frescas;1053.0;3071.86;2.92;29.16;0.22;0.63;2019-04-01;Pre-covid;Pre-covid
2019;04;Valencia;Pomelo;82.85;127.1;1.53;2.54;0.02;0.03;2019-04-01;Pre-covid;Pre-covid
2019;04;Valencia;Chirimoya;4.16;28.64;6.89;0.11;0.0;0.01;2019-04-01;Pre-covid;Pre-covid
2019;04;Valencia;Mango;219.64;521.14;2.37;9.39;0.05;0.11;2019-04-01;Pre-covid;Pre-covid
2019;04;Valencia;Frutas iv gama;1612.25;2715.3;1.68;27.66;0.33;0.56;2019-04-01;Pre-covid;Pre-covid
2019;05;Nacional;Patatas;109573.5;109738.7;1.0;79.62;2.38;2.38;2019-05-01;Pre-covid;Pre-covid
2019;05;Nacional;Patatas frescas;79597.13;76422.54;0.96;66.63;1.73;1.66;2019-05-01;Pre-covid;Pre-covid
2019;05;Nacional;Patatas congeladas;3354.12;4272.79;1.27;10.26;0.07;0.09;2019-05-01;Pre-covid;Pre-covid
2019;05;Nacional;Patatas procesadas;5324.45;29043.37;5.45;48.38;0.12;0.63;2019-05-01;Pre-covid;Pre-covid
2019;05;Nacional;Patatas fritas;4351.76;27605.8;6.34;46.21;0.09;0.6;2019-05-01;Pre-covid;Pre-covid
2019;05;Nacional;Hortalizas frescas;227480.0;422079.9;1.86;97.13;4.93;9.15;2019-05-01;Pre-covid;Pre-covid
2019;05;Nacional;Omates;53400.39;87081.37;1.63;83.1;1.16;1.89;2019-05-01;Pre-covid;Pre-covid
2019;05;Nacional;Cebollas;27662.09;37451.85;1.35;70.93;0.6;0.81;2019-05-01;Pre-covid;Pre-covid
2019;05;Nacional;Ajos;2553.69;10486.55;4.11;34.53;0.06;0.23;2019-05-01;Pre-covid;Pre-covid
2019;05;Nacional;Coles;4500.2;5236.86;1.16;16.07;0.1;0.11;2019-05-01;Pre-covid;Pre-covid
2019;05;Nacional;Pepinos;9193.34;12124.76;1.32;39.93;0.2;0.26;2019-05-01;Pre-covid;Pre-covid
2019;05;Nacional;Judias verdes;6432.45;18487.09;2.87;29.92;0.14;0.4;2019-05-01;Pre-covid;Pre-covid
2019;05;Nacional;Pimientos;17326.8;35501.33;2.05;64.38;0.38;0.77;2019-05-01;Pre-covid;Pre-covid
2019;05;Nacional;Champiñoneso setas;4842.19;18366.37;3.79;38.04;0.1;0.4;2019-05-01;Pre-covid;Pre-covid
2019;05;Nacional;Lechuga/esc /endivia;17761.93;47659.8;2.68;68.5;0.39;1.03;2019-05-01;Pre-covid;Pre-covid
2019;05;Nacional;Esparragos;6254.74;15504.88;2.48;24.67;0.14;0.34;2019-05-01;Pre-covid;Pre-covid
2019;05;Nacional;Verduras de hoja;5101.34;11675.68;2.29;25.36;0.11;0.25;2019-05-01;Pre-covid;Pre-covid
2019;05;Nacional;Berenjenas;5917.61;8184.87;1.38;29.27;0.13;0.18;2019-05-01;Pre-covid;Pre-covid
2019;05;Nacional;Zanahorias;13126.71;12413.07;0.95;54.27;0.28;0.27;2019-05-01;Pre-covid;Pre-covid
2019;05;Nacional;Calabacines;16727.5;20508.54;1.23;53.15;0.36;0.44;2019-05-01;Pre-covid;Pre-covid
2019;05;Nacional;Otr hortalizas/verd ;36679.02;81396.88;2.22;75.13;0.8;1.76;2019-05-01;Pre-covid;Pre-covid
2019;05;Nacional;Brocoli;5549.96;9011.15;1.62;22.92;0.12;0.2;2019-05-01;Pre-covid;Pre-covid
2019;05;Nacional;Alcachofas;6753.87;10971.72;1.62;22.97;0.15;0.24;2019-05-01;Pre-covid;Pre-covid
2019;05;Nacional;Apio;1778.8;2580.13;1.45;8.93;0.04;0.06;2019-05-01;Pre-covid;Pre-covid
2019;05;Nacional;Coliflor;1896.22;2916.65;1.54;8.13;0.04;0.06;2019-05-01;Pre-covid;Pre-covid
2019;05;Nacional;Verd /hort  iv gama;26386.09;70945.69;2.69;67.88;0.57;1.54;2019-05-01;Pre-covid;Pre-covid
2019;05;Nacional;Puerro;3482.02;9659.86;2.77;26.13;0.08;0.21;2019-05-01;Pre-covid;Pre-covid
2019;05;Andalucia;Patatas;20388.76;19479.6;0.96;82.56;2.35;2.24;2019-05-01;Pre-covid;Pre-covid
2019;05;Andalucia;Patatas frescas;14626.68;13243.91;0.91;68.97;1.68;1.53;2019-05-01;Pre-covid;Pre-covid
2019;05;Andalucia;Patatas congeladas;715.7;897.86;1.25;12.88;0.08;0.1;2019-05-01;Pre-covid;Pre-covid
2019;05;Andalucia;Patatas procesadas;1009.28;5337.83;5.29;53.39;0.12;0.61;2019-05-01;Pre-covid;Pre-covid
2019;05;Andalucia;Patatas fritas;859.2;5132.54;5.97;50.98;0.1;0.59;2019-05-01;Pre-covid;Pre-covid
2019;05;Andalucia;Hortalizas frescas;38931.72;66771.88;1.72;97.33;4.48;7.69;2019-05-01;Pre-covid;Pre-covid
2019;05;Andalucia;Omates;10939.13;15504.98;1.42;82.11;1.26;1.79;2019-05-01;Pre-covid;Pre-covid
2019;05;Andalucia;Cebollas;4627.94;6041.23;1.31;71.43;0.53;0.7;2019-05-01;Pre-covid;Pre-covid
2019;05;Andalucia;Ajos;565.01;2141.38;3.79;38.2;0.07;0.25;2019-05-01;Pre-covid;Pre-covid
2019;05;Andalucia;Coles;434.08;525.2;1.21;10.93;0.05;0.06;2019-05-01;Pre-covid;Pre-covid
2019;05;Andalucia;Pepinos;1999.2;2539.36;1.27;48.99;0.23;0.29;2019-05-01;Pre-covid;Pre-covid
2019;05;Andalucia;Judias verdes;771.84;2125.1;2.75;23.93;0.09;0.24;2019-05-01;Pre-covid;Pre-covid
2019;05;Andalucia;Pimientos;2907.09;5477.32;1.88;67.67;0.33;0.63;2019-05-01;Pre-covid;Pre-covid
2019;05;Andalucia;Champiñoneso setas;700.66;2701.28;3.86;36.46;0.08;0.31;2019-05-01;Pre-covid;Pre-covid
2019;05;Andalucia;Lechuga/esc /endivia;3000.29;7587.96;2.53;72.68;0.35;0.87;2019-05-01;Pre-covid;Pre-covid
2019;05;Andalucia;Esparragos;1097.7;2284.67;2.08;22.28;0.13;0.26;2019-05-01;Pre-covid;Pre-covid
2019;05;Andalucia;Verduras de hoja;556.61;1471.87;2.64;20.53;0.06;0.17;2019-05-01;Pre-covid;Pre-covid
2019;05;Andalucia;Berenjenas;954.26;1223.92;1.28;29.53;0.11;0.14;2019-05-01;Pre-covid;Pre-covid
2019;05;Andalucia;Zanahorias;1992.37;1870.88;0.94;50.61;0.23;0.22;2019-05-01;Pre-covid;Pre-covid
2019;05;Andalucia;Calabacines;2820.43;3465.45;1.23;50.69;0.32;0.4;2019-05-01;Pre-covid;Pre-covid
2019;05;Andalucia;Otr hortalizas/verd ;5565.12;11811.29;2.12;72.93;0.64;1.36;2019-05-01;Pre-covid;Pre-covid
2019;05;Andalucia;Brocoli;673.26;1135.86;1.69;19.79;0.08;0.13;2019-05-01;Pre-covid;Pre-covid
2019;05;Andalucia;Alcachofas;1148.1;1823.8;1.59;24.53;0.13;0.21;2019-05-01;Pre-covid;Pre-covid
2019;05;Andalucia;Apio;395.09;464.46;1.18;11.22;0.05;0.05;2019-05-01;Pre-covid;Pre-covid
2019;05;Andalucia;Coliflor;286.53;430.2;1.5;7.01;0.03;0.05;2019-05-01;Pre-covid;Pre-covid
2019;05;Andalucia;Verd /hort  iv gama;4623.42;11327.21;2.45;67.77;0.53;1.3;2019-05-01;Pre-covid;Pre-covid
2019;05;Andalucia;Puerro;641.84;1605.57;2.5;25.6;0.07;0.18;2019-05-01;Pre-covid;Pre-covid
2019;05;Aragon;Patatas;2604.69;2491.82;0.96;76.11;1.99;1.9;2019-05-01;Pre-covid;Pre-covid
2019;05;Aragon;Patatas frescas;2030.08;1791.34;0.88;60.64;1.55;1.37;2019-05-01;Pre-covid;Pre-covid
2019;05;Aragon;Patatas congeladas;57.53;83.91;1.46;9.57;0.04;0.06;2019-05-01;Pre-covid;Pre-covid
2019;05;Aragon;Patatas procesadas;103.42;616.57;5.96;43.79;0.08;0.47;2019-05-01;Pre-covid;Pre-covid
2019;05;Aragon;Patatas fritas;91.74;603.32;6.58;42.56;0.07;0.46;2019-05-01;Pre-covid;Pre-covid
2019;05;Aragon;Hortalizas frescas;7923.13;14856.52;1.88;99.08;6.05;11.34;2019-05-01;Pre-covid;Pre-covid
2019;05;Aragon;Omates;1459.84;2631.49;1.8;88.17;1.11;2.01;2019-05-01;Pre-covid;Pre-covid
2019;05;Aragon;Cebollas;891.35;1148.81;1.29;71.12;0.68;0.88;2019-05-01;Pre-covid;Pre-covid
2019;05;Aragon;Ajos;58.35;264.43;4.53;32.22;0.04;0.2;2019-05-01;Pre-covid;Pre-covid
2019;05;Aragon;Coles;115.7;133.56;1.15;18.74;0.09;0.1;2019-05-01;Pre-covid;Pre-covid
2019;05;Aragon;Pepinos;290.12;416.02;1.43;41.01;0.22;0.32;2019-05-01;Pre-covid;Pre-covid
2019;05;Aragon;Judias verdes;328.0;892.8;2.72;43.2;0.25;0.68;2019-05-01;Pre-covid;Pre-covid
2019;05;Aragon;Pimientos;381.23;772.82;2.03;62.24;0.29;0.59;2019-05-01;Pre-covid;Pre-covid
2019;05;Aragon;Champiñoneso setas;158.34;616.04;3.89;46.06;0.12;0.47;2019-05-01;Pre-covid;Pre-covid
2019;05;Aragon;Lechuga/esc /endivia;666.79;1830.11;2.74;73.0;0.51;1.4;2019-05-01;Pre-covid;Pre-covid
2019;05;Aragon;Esparragos;364.33;965.04;2.65;34.79;0.28;0.74;2019-05-01;Pre-covid;Pre-covid
2019;05;Aragon;Verduras de hoja;460.17;730.4;1.59;32.36;0.35;0.56;2019-05-01;Pre-covid;Pre-covid
2019;05;Aragon;Berenjenas;130.25;187.07;1.44;34.39;0.1;0.14;2019-05-01;Pre-covid;Pre-covid
2019;05;Aragon;Zanahorias;370.21;321.73;0.87;59.22;0.28;0.25;2019-05-01;Pre-covid;Pre-covid
2019;05;Aragon;Calabacines;549.71;634.97;1.16;63.95;0.42;0.48;2019-05-01;Pre-covid;Pre-covid
2019;05;Aragon;Otr hortalizas/verd ;1698.75;3311.23;1.95;84.74;1.3;2.53;2019-05-01;Pre-covid;Pre-covid
2019;05;Aragon;Brocoli;208.01;301.95;1.45;24.15;0.16;0.23;2019-05-01;Pre-covid;Pre-covid
2019;05;Aragon;Alcachofas;346.66;520.08;1.5;31.3;0.26;0.4;2019-05-01;Pre-covid;Pre-covid
2019;05;Aragon;Apio;246.02;366.97;1.49;9.13;0.19;0.28;2019-05-01;Pre-covid;Pre-covid
2019;05;Aragon;Coliflor;33.16;51.9;1.57;5.36;0.03;0.04;2019-05-01;Pre-covid;Pre-covid
2019;05;Aragon;Verd /hort  iv gama;800.68;1997.52;2.49;73.5;0.61;1.53;2019-05-01;Pre-covid;Pre-covid
2019;05;Aragon;Puerro;91.65;339.76;3.71;28.39;0.07;0.26;2019-05-01;Pre-covid;Pre-covid
2019;05;Asturias;Patatas;2630.47;2574.25;0.98;74.56;2.45;2.4;2019-05-01;Pre-covid;Pre-covid
2019;05;Asturias;Patatas frescas;2121.93;1982.88;0.93;68.52;1.97;1.84;2019-05-01;Pre-covid;Pre-covid
2019;05;Asturias;Patatas congeladas;78.1;92.61;1.19;8.64;0.07;0.09;2019-05-01;Pre-covid;Pre-covid
2019;05;Asturias;Patatas procesadas;86.09;498.77;5.79;29.65;0.08;0.46;2019-05-01;Pre-covid;Pre-covid
2019;05;Asturias;Patatas fritas;69.03;470.45;6.82;29.16;0.06;0.44;2019-05-01;Pre-covid;Pre-covid
2019;05;Asturias;Hortalizas frescas;4149.04;8249.05;1.99;97.61;3.86;7.67;2019-05-01;Pre-covid;Pre-covid
2019;05;Asturias;Omates;1004.27;1736.35;1.73;80.06;0.93;1.62;2019-05-01;Pre-covid;Pre-covid
2019;05;Asturias;Cebollas;617.98;893.82;1.45;83.34;0.57;0.83;2019-05-01;Pre-covid;Pre-covid
2019;05;Asturias;Ajos;67.24;306.42;4.56;35.75;0.06;0.29;2019-05-01;Pre-covid;Pre-covid
2019;05;Asturias;Coles;85.17;120.34;1.41;16.57;0.08;0.11;2019-05-01;Pre-covid;Pre-covid
2019;05;Asturias;Pepinos;74.96;101.59;1.36;21.32;0.07;0.09;2019-05-01;Pre-covid;Pre-covid
2019;05;Asturias;Judias verdes;144.45;427.28;2.96;29.78;0.13;0.4;2019-05-01;Pre-covid;Pre-covid
2019;05;Asturias;Pimientos;396.84;927.38;2.34;63.47;0.37;0.86;2019-05-01;Pre-covid;Pre-covid
2019;05;Asturias;Champiñoneso setas;114.08;429.67;3.77;41.45;0.11;0.4;2019-05-01;Pre-covid;Pre-covid
2019;05;Asturias;Lechuga/esc /endivia;357.94;885.1;2.47;59.15;0.33;0.82;2019-05-01;Pre-covid;Pre-covid
2019;05;Asturias;Esparragos;43.69;166.43;3.81;12.96;0.04;0.15;2019-05-01;Pre-covid;Pre-covid
2019;05;Asturias;Verduras de hoja;22.35;95.49;4.27;14.77;0.02;0.09;2019-05-01;Pre-covid;Pre-covid
2019;05;Asturias;Berenjenas;91.06;113.67;1.25;18.37;0.08;0.11;2019-05-01;Pre-covid;Pre-covid
2019;05;Asturias;Zanahorias;287.32;291.23;1.01;58.22;0.27;0.27;2019-05-01;Pre-covid;Pre-covid
2019;05;Asturias;Calabacines;367.43;450.2;1.23;54.65;0.34;0.42;2019-05-01;Pre-covid;Pre-covid
2019;05;Asturias;Otr hortalizas/verd ;474.26;1304.07;2.75;67.15;0.44;1.21;2019-05-01;Pre-covid;Pre-covid
2019;05;Asturias;Brocoli;107.13;199.24;1.86;26.07;0.1;0.19;2019-05-01;Pre-covid;Pre-covid
2019;05;Asturias;Alcachofas;45.21;81.69;1.81;9.39;0.04;0.08;2019-05-01;Pre-covid;Pre-covid
2019;05;Asturias;Apio;14.58;29.07;1.99;4.96;0.01;0.03;2019-05-01;Pre-covid;Pre-covid
2019;05;Asturias;Coliflor;28.36;43.19;1.52;6.29;0.03;0.04;2019-05-01;Pre-covid;Pre-covid
2019;05;Asturias;Verd /hort  iv gama;516.03;1437.85;2.79;59.98;0.48;1.34;2019-05-01;Pre-covid;Pre-covid
2019;05;Asturias;Puerro;49.34;189.73;3.85;26.71;0.05;0.18;2019-05-01;Pre-covid;Pre-covid
2019;05;Baleares;Patatas;2384.46;2384.79;1.0;75.13;2.26;2.26;2019-05-01;Pre-covid;Pre-covid
2019;05;Baleares;Patatas frescas;1531.7;1496.21;0.98;64.69;1.45;1.42;2019-05-01;Pre-covid;Pre-covid
2019;05;Baleares;Patatas congeladas;63.72;82.6;1.3;5.99;0.06;0.08;2019-05-01;Pre-covid;Pre-covid
2019;05;Baleares;Patatas procesadas;157.81;805.97;5.11;47.91;0.15;0.76;2019-05-01;Pre-covid;Pre-covid
2019;05;Baleares;Patatas fritas;110.61;737.11;6.66;43.03;0.1;0.7;2019-05-01;Pre-covid;Pre-covid
2019;05;Baleares;Hortalizas frescas;6014.12;12523.21;2.08;98.52;5.7;11.87;2019-05-01;Pre-covid;Pre-covid
2019;05;Baleares;Omates;1250.48;2292.69;1.83;90.49;1.18;2.17;2019-05-01;Pre-covid;Pre-covid
2019;05;Baleares;Cebollas;777.02;1063.31;1.37;75.12;0.74;1.01;2019-05-01;Pre-covid;Pre-covid
2019;05;Baleares;Ajos;39.25;180.93;4.61;29.16;0.04;0.17;2019-05-01;Pre-covid;Pre-covid
2019;05;Baleares;Coles;148.18;191.75;1.29;22.16;0.14;0.18;2019-05-01;Pre-covid;Pre-covid
2019;05;Baleares;Pepinos;205.17;285.32;1.39;40.37;0.19;0.27;2019-05-01;Pre-covid;Pre-covid
2019;05;Baleares;Judias verdes;145.86;482.43;3.31;35.16;0.14;0.46;2019-05-01;Pre-covid;Pre-covid
2019;05;Baleares;Pimientos;467.24;1107.28;2.37;73.68;0.44;1.05;2019-05-01;Pre-covid;Pre-covid
2019;05;Baleares;Champiñoneso setas;160.29;717.97;4.48;49.41;0.15;0.68;2019-05-01;Pre-covid;Pre-covid
2019;05;Baleares;Lechuga/esc /endivia;462.29;1441.97;3.12;79.42;0.44;1.37;2019-05-01;Pre-covid;Pre-covid
2019;05;Baleares;Esparragos;134.15;371.02;2.77;25.54;0.13;0.35;2019-05-01;Pre-covid;Pre-covid
2019;05;Baleares;Verduras de hoja;92.7;359.99;3.88;29.07;0.09;0.34;2019-05-01;Pre-covid;Pre-covid
2019;05;Baleares;Berenjenas;167.14;276.5;1.65;36.83;0.16;0.26;2019-05-01;Pre-covid;Pre-covid
2019;05;Baleares;Zanahorias;336.2;287.04;0.85;60.37;0.32;0.27;2019-05-01;Pre-covid;Pre-covid
2019;05;Baleares;Calabacines;406.51;562.59;1.38;62.08;0.39;0.53;2019-05-01;Pre-covid;Pre-covid
2019;05;Baleares;Otr hortalizas/verd ;1221.64;2902.41;2.38;84.72;1.16;2.75;2019-05-01;Pre-covid;Pre-covid
2019;05;Baleares;Brocoli;223.29;380.98;1.71;34.98;0.21;0.36;2019-05-01;Pre-covid;Pre-covid
2019;05;Baleares;Alcachofas;235.34;376.87;1.6;35.66;0.22;0.36;2019-05-01;Pre-covid;Pre-covid
2019;05;Baleares;Apio;55.88;75.8;1.36;15.02;0.05;0.07;2019-05-01;Pre-covid;Pre-covid
2019;05;Baleares;Coliflor;96.08;166.69;1.73;9.51;0.09;0.16;2019-05-01;Pre-covid;Pre-covid
2019;05;Baleares;Verd /hort  iv gama;838.39;2697.38;3.22;77.09;0.79;2.56;2019-05-01;Pre-covid;Pre-covid
2019;05;Baleares;Puerro;99.18;285.29;2.88;31.82;0.09;0.27;2019-05-01;Pre-covid;Pre-covid
2019;05;Canarias;Patatas;6335.69;6659.72;1.05;81.4;2.87;3.01;2019-05-01;Pre-covid;Pre-covid
2019;05;Canarias;Patatas frescas;5369.1;5565.19;1.04;75.3;2.43;2.52;2019-05-01;Pre-covid;Pre-covid
2019;05;Canarias;Patatas congeladas;145.2;160.66;1.11;8.83;0.07;0.07;2019-05-01;Pre-covid;Pre-covid
2019;05;Canarias;Patatas procesadas;164.28;933.87;5.68;42.49;0.07;0.42;2019-05-01;Pre-covid;Pre-covid
2019;05;Canarias;Patatas fritas;149.17;908.2;6.09;41.55;0.07;0.41;2019-05-01;Pre-covid;Pre-covid
2019;05;Canarias;Hortalizas frescas;9736.03;17966.33;1.85;97.17;4.41;8.13;2019-05-01;Pre-covid;Pre-covid
2019;05;Canarias;Omates;1883.31;2759.36;1.47;81.56;0.85;1.25;2019-05-01;Pre-covid;Pre-covid
2019;05;Canarias;Cebollas;1403.67;1868.96;1.33;76.12;0.64;0.85;2019-05-01;Pre-covid;Pre-covid
2019;05;Canarias;Ajos;113.5;446.78;3.94;38.39;0.05;0.2;2019-05-01;Pre-covid;Pre-covid
2019;05;Canarias;Coles;275.08;334.9;1.22;25.39;0.12;0.15;2019-05-01;Pre-covid;Pre-covid
2019;05;Canarias;Pepinos;306.87;488.42;1.59;36.66;0.14;0.22;2019-05-01;Pre-covid;Pre-covid
2019;05;Canarias;Judias verdes;181.09;277.56;1.53;21.06;0.08;0.13;2019-05-01;Pre-covid;Pre-covid
2019;05;Canarias;Pimientos;920.66;1965.64;2.14;73.76;0.42;0.89;2019-05-01;Pre-covid;Pre-covid
2019;05;Canarias;Champiñoneso setas;203.17;717.18;3.53;29.77;0.09;0.32;2019-05-01;Pre-covid;Pre-covid
2019;05;Canarias;Lechuga/esc /endivia;508.87;1671.46;3.28;57.97;0.23;0.76;2019-05-01;Pre-covid;Pre-covid
2019;05;Canarias;Esparragos;80.57;175.55;2.18;5.09;0.04;0.08;2019-05-01;Pre-covid;Pre-covid
2019;05;Canarias;Verduras de hoja;74.64;234.57;3.14;15.88;0.03;0.11;2019-05-01;Pre-covid;Pre-covid
2019;05;Canarias;Berenjenas;155.59;204.06;1.31;16.63;0.07;0.09;2019-05-01;Pre-covid;Pre-covid
2019;05;Canarias;Zanahorias;744.58;850.95;1.14;63.4;0.34;0.39;2019-05-01;Pre-covid;Pre-covid
2019;05;Canarias;Calabacines;1105.34;1207.15;1.09;64.66;0.5;0.55;2019-05-01;Pre-covid;Pre-covid
2019;05;Canarias;Otr hortalizas/verd ;1779.09;4763.81;2.68;82.99;0.81;2.16;2019-05-01;Pre-covid;Pre-covid
2019;05;Canarias;Brocoli;113.94;350.63;3.08;4.53;0.05;0.16;2019-05-01;Pre-covid;Pre-covid
2019;05;Canarias;Alcachofas;7.22;22.72;3.15;0.24;0.0;0.01;2019-05-01;Pre-covid;Pre-covid
2019;05;Canarias;Apio;56.05;93.82;1.67;9.13;0.03;0.04;2019-05-01;Pre-covid;Pre-covid
2019;05;Canarias;Coliflor;164.78;195.37;1.19;14.37;0.07;0.09;2019-05-01;Pre-covid;Pre-covid
2019;05;Canarias;Verd /hort  iv gama;1669.49;4039.71;2.42;68.71;0.76;1.83;2019-05-01;Pre-covid;Pre-covid
2019;05;Canarias;Puerro;162.15;431.25;2.66;24.99;0.07;0.2;2019-05-01;Pre-covid;Pre-covid
2019;05;Cantabria;Patatas;1549.91;1539.89;0.99;83.63;2.75;2.73;2019-05-01;Pre-covid;Pre-covid
2019;05;Cantabria;Patatas frescas;1165.32;1157.19;0.99;77.76;2.07;2.05;2019-05-01;Pre-covid;Pre-covid
2019;05;Cantabria;Patatas congeladas;47.08;50.92;1.08;9.43;0.08;0.09;2019-05-01;Pre-covid;Pre-covid
2019;05;Cantabria;Patatas procesadas;67.5;331.78;4.92;42.2;0.12;0.59;2019-05-01;Pre-covid;Pre-covid
2019;05;Cantabria;Patatas fritas;49.09;307.56;6.26;36.98;0.09;0.55;2019-05-01;Pre-covid;Pre-covid
2019;05;Cantabria;Hortalizas frescas;2168.86;4118.21;1.9;97.09;3.85;7.31;2019-05-01;Pre-covid;Pre-covid
2019;05;Cantabria;Omates;404.96;697.3;1.72;83.01;0.72;1.24;2019-05-01;Pre-covid;Pre-covid
2019;05;Cantabria;Cebollas;396.76;529.69;1.34;73.84;0.7;0.94;2019-05-01;Pre-covid;Pre-covid
2019;05;Cantabria;Ajos;33.99;143.99;4.24;30.79;0.06;0.26;2019-05-01;Pre-covid;Pre-covid
2019;05;Cantabria;Coles;31.09;36.9;1.19;8.59;0.06;0.07;2019-05-01;Pre-covid;Pre-covid
2019;05;Cantabria;Pepinos;62.94;94.14;1.5;20.62;0.11;0.17;2019-05-01;Pre-covid;Pre-covid
2019;05;Cantabria;Judias verdes;100.76;249.77;2.48;36.66;0.18;0.44;2019-05-01;Pre-covid;Pre-covid
2019;05;Cantabria;Pimientos;217.74;456.98;2.1;75.27;0.39;0.81;2019-05-01;Pre-covid;Pre-covid
2019;05;Cantabria;Champiñoneso setas;39.22;171.67;4.38;25.67;0.07;0.3;2019-05-01;Pre-covid;Pre-covid
2019;05;Cantabria;Lechuga/esc /endivia;112.19;399.77;3.56;56.09;0.2;0.71;2019-05-01;Pre-covid;Pre-covid
2019;05;Cantabria;Esparragos;19.01;85.6;4.5;13.02;0.03;0.15;2019-05-01;Pre-covid;Pre-covid
2019;05;Cantabria;Verduras de hoja;37.04;92.59;2.5;12.16;0.07;0.16;2019-05-01;Pre-covid;Pre-covid
2019;05;Cantabria;Berenjenas;25.33;32.68;1.29;12.94;0.04;0.06;2019-05-01;Pre-covid;Pre-covid
2019;05;Cantabria;Zanahorias;193.59;145.91;0.75;61.09;0.34;0.26;2019-05-01;Pre-covid;Pre-covid
2019;05;Cantabria;Calabacines;140.17;156.05;1.11;50.03;0.25;0.28;2019-05-01;Pre-covid;Pre-covid
2019;05;Cantabria;Otr hortalizas/verd ;354.07;825.18;2.33;79.66;0.63;1.46;2019-05-01;Pre-covid;Pre-covid
2019;05;Cantabria;Brocoli;44.35;88.6;2.0;24.65;0.08;0.16;2019-05-01;Pre-covid;Pre-covid
2019;05;Cantabria;Alcachofas;30.0;65.53;2.18;12.76;0.05;0.12;2019-05-01;Pre-covid;Pre-covid
2019;05;Cantabria;Apio;7.43;10.76;1.45;4.71;0.01;0.02;2019-05-01;Pre-covid;Pre-covid
2019;05;Cantabria;Coliflor;16.2;27.47;1.7;3.72;0.03;0.05;2019-05-01;Pre-covid;Pre-covid
2019;05;Cantabria;Verd /hort  iv gama;197.93;599.85;3.03;61.56;0.35;1.06;2019-05-01;Pre-covid;Pre-covid
2019;05;Cantabria;Puerro;42.56;137.89;3.24;29.94;0.08;0.24;2019-05-01;Pre-covid;Pre-covid
2019;05;Castilla la mancha;Patatas;4981.28;4900.81;0.98;80.77;2.38;2.34;2019-05-01;Pre-covid;Pre-covid
2019;05;Castilla la mancha;Patatas frescas;3368.9;3009.41;0.89;68.85;1.61;1.44;2019-05-01;Pre-covid;Pre-covid
2019;05;Castilla la mancha;Patatas congeladas;208.91;245.9;1.18;17.87;0.1;0.12;2019-05-01;Pre-covid;Pre-covid
2019;05;Castilla la mancha;Patatas procesadas;280.69;1645.5;5.86;55.74;0.13;0.79;2019-05-01;Pre-covid;Pre-covid
2019;05;Castilla la mancha;Patatas fritas;257.55;1612.79;6.26;53.78;0.12;0.77;2019-05-01;Pre-covid;Pre-covid
2019;05;Castilla la mancha;Hortalizas frescas;8701.0;15589.38;1.79;96.39;4.15;7.44;2019-05-01;Pre-covid;Pre-covid
2019;05;Castilla la mancha;Omates;2321.05;3619.17;1.56;82.28;1.11;1.73;2019-05-01;Pre-covid;Pre-covid
2019;05;Castilla la mancha;Cebollas;889.78;1137.14;1.28;63.73;0.42;0.54;2019-05-01;Pre-covid;Pre-covid
2019;05;Castilla la mancha;Ajos;108.72;394.36;3.63;31.23;0.05;0.19;2019-05-01;Pre-covid;Pre-covid
2019;05;Castilla la mancha;Coles;106.95;112.72;1.05;11.61;0.05;0.05;2019-05-01;Pre-covid;Pre-covid
2019;05;Castilla la mancha;Pepinos;493.52;618.98;1.25;45.44;0.24;0.3;2019-05-01;Pre-covid;Pre-covid
2019;05;Castilla la mancha;Judias verdes;245.31;639.76;2.61;27.62;0.12;0.31;2019-05-01;Pre-covid;Pre-covid
2019;05;Castilla la mancha;Pimientos;917.72;1872.09;2.04;67.41;0.44;0.89;2019-05-01;Pre-covid;Pre-covid
2019;05;Castilla la mancha;Champiñoneso setas;198.77;894.06;4.5;45.14;0.09;0.43;2019-05-01;Pre-covid;Pre-covid
2019;05;Castilla la mancha;Lechuga/esc /endivia;644.0;1631.09;2.53;71.86;0.31;0.78;2019-05-01;Pre-covid;Pre-covid
2019;05;Castilla la mancha;Esparragos;290.94;712.95;2.45;37.6;0.14;0.34;2019-05-01;Pre-covid;Pre-covid
2019;05;Castilla la mancha;Verduras de hoja;213.81;451.86;2.11;22.4;0.1;0.22;2019-05-01;Pre-covid;Pre-covid
2019;05;Castilla la mancha;Berenjenas;132.65;170.61;1.29;26.66;0.06;0.08;2019-05-01;Pre-covid;Pre-covid
2019;05;Castilla la mancha;Zanahorias;432.02;358.28;0.83;48.69;0.21;0.17;2019-05-01;Pre-covid;Pre-covid
2019;05;Castilla la mancha;Calabacines;554.44;674.94;1.22;54.96;0.26;0.32;2019-05-01;Pre-covid;Pre-covid
2019;05;Castilla la mancha;Otr hortalizas/verd ;1151.32;2301.38;2.0;68.37;0.55;1.1;2019-05-01;Pre-covid;Pre-covid
2019;05;Castilla la mancha;Brocoli;213.98;344.17;1.61;25.22;0.1;0.16;2019-05-01;Pre-covid;Pre-covid
2019;05;Castilla la mancha;Alcachofas;167.51;244.25;1.46;21.84;0.08;0.12;2019-05-01;Pre-covid;Pre-covid
2019;05;Castilla la mancha;Apio;37.08;52.84;1.43;8.01;0.02;0.03;2019-05-01;Pre-covid;Pre-covid
2019;05;Castilla la mancha;Coliflor;85.85;145.24;1.69;10.86;0.04;0.07;2019-05-01;Pre-covid;Pre-covid
2019;05;Castilla la mancha;Verd /hort  iv gama;901.55;2264.75;2.51;64.6;0.43;1.08;2019-05-01;Pre-covid;Pre-covid
2019;05;Castilla la mancha;Puerro;119.03;301.19;2.53;24.93;0.06;0.14;2019-05-01;Pre-covid;Pre-covid
2019;05;Castilla leon;Patatas;4881.23;4596.35;0.94;73.88;2.03;1.91;2019-05-01;Pre-covid;Pre-covid
2019;05;Castilla leon;Patatas frescas;3656.94;3325.53;0.91;60.56;1.52;1.38;2019-05-01;Pre-covid;Pre-covid
2019;05;Castilla leon;Patatas congeladas;64.5;87.83;1.36;4.17;0.03;0.04;2019-05-01;Pre-covid;Pre-covid
2019;05;Castilla leon;Patatas procesadas;231.96;1182.99;5.1;39.29;0.1;0.49;2019-05-01;Pre-covid;Pre-covid
2019;05;Castilla leon;Patatas fritas;164.43;1056.78;6.43;35.62;0.07;0.44;2019-05-01;Pre-covid;Pre-covid
2019;05;Castilla leon;Hortalizas frescas;10581.5;18925.83;1.79;95.21;4.4;7.87;2019-05-01;Pre-covid;Pre-covid
2019;05;Castilla leon;Omates;2296.58;3717.03;1.62;75.98;0.96;1.55;2019-05-01;Pre-covid;Pre-covid
2019;05;Castilla leon;Cebollas;1300.86;1762.76;1.36;66.45;0.54;0.73;2019-05-01;Pre-covid;Pre-covid
2019;05;Castilla leon;Ajos;131.08;477.75;3.64;29.29;0.05;0.2;2019-05-01;Pre-covid;Pre-covid
2019;05;Castilla leon;Coles;255.26;260.55;1.02;18.03;0.11;0.11;2019-05-01;Pre-covid;Pre-covid
2019;05;Castilla leon;Pepinos;367.3;485.37;1.32;31.32;0.15;0.2;2019-05-01;Pre-covid;Pre-covid
2019;05;Castilla leon;Judias verdes;294.64;764.2;2.59;27.38;0.12;0.32;2019-05-01;Pre-covid;Pre-covid
2019;05;Castilla leon;Pimientos;936.82;1963.42;2.1;60.75;0.39;0.82;2019-05-01;Pre-covid;Pre-covid
2019;05;Castilla leon;Champiñoneso setas;224.4;838.13;3.73;34.63;0.09;0.35;2019-05-01;Pre-covid;Pre-covid
2019;05;Castilla leon;Lechuga/esc /endivia;994.81;2481.64;2.49;60.69;0.41;1.03;2019-05-01;Pre-covid;Pre-covid
2019;05;Castilla leon;Esparragos;141.59;285.47;2.02;14.01;0.06;0.12;2019-05-01;Pre-covid;Pre-covid
2019;05;Castilla leon;Verduras de hoja;206.84;462.41;2.24;23.76;0.09;0.19;2019-05-01;Pre-covid;Pre-covid
2019;05;Castilla leon;Berenjenas;127.19;173.27;1.36;16.08;0.05;0.07;2019-05-01;Pre-covid;Pre-covid
2019;05;Castilla leon;Zanahorias;896.17;746.69;0.83;63.57;0.37;0.31;2019-05-01;Pre-covid;Pre-covid
2019;05;Castilla leon;Calabacines;965.51;1134.19;1.17;53.6;0.4;0.47;2019-05-01;Pre-covid;Pre-covid
2019;05;Castilla leon;Otr hortalizas/verd ;1442.42;3372.96;2.34;71.66;0.6;1.4;2019-05-01;Pre-covid;Pre-covid
2019;05;Castilla leon;Brocoli;206.61;375.17;1.82;20.66;0.09;0.16;2019-05-01;Pre-covid;Pre-covid
2019;05;Castilla leon;Alcachofas;228.85;394.41;1.72;17.09;0.1;0.16;2019-05-01;Pre-covid;Pre-covid
2019;05;Castilla leon;Apio;63.49;105.18;1.66;8.37;0.03;0.04;2019-05-01;Pre-covid;Pre-covid
2019;05;Castilla leon;Coliflor;125.9;183.87;1.46;9.25;0.05;0.08;2019-05-01;Pre-covid;Pre-covid
2019;05;Castilla leon;Verd /hort  iv gama;1258.35;3123.66;2.48;63.63;0.52;1.3;2019-05-01;Pre-covid;Pre-covid
2019;05;Castilla leon;Puerro;191.92;586.6;3.06;28.39;0.08;0.24;2019-05-01;Pre-covid;Pre-covid
2019;05;Cataluña;Patatas;18918.15;19723.92;1.04;85.42;2.64;2.76;2019-05-01;Pre-covid;Pre-covid
2019;05;Cataluña;Patatas frescas;12741.07;12587.39;0.99;72.67;1.78;1.76;2019-05-01;Pre-covid;Pre-covid
2019;05;Cataluña;Patatas congeladas;582.57;786.78;1.35;11.11;0.08;0.11;2019-05-01;Pre-covid;Pre-covid
2019;05;Cataluña;Patatas procesadas;1118.9;6349.74;5.67;57.53;0.16;0.89;2019-05-01;Pre-covid;Pre-covid
2019;05;Cataluña;Patatas fritas;893.31;6028.71;6.75;55.2;0.12;0.84;2019-05-01;Pre-covid;Pre-covid
2019;05;Cataluña;Hortalizas frescas;44004.18;84763.59;1.93;97.54;6.15;11.84;2019-05-01;Pre-covid;Pre-covid
2019;05;Cataluña;Omates;10054.49;18524.55;1.84;87.92;1.4;2.59;2019-05-01;Pre-covid;Pre-covid
2019;05;Cataluña;Cebollas;5032.4;7267.93;1.44;74.33;0.7;1.02;2019-05-01;Pre-covid;Pre-covid
2019;05;Cataluña;Ajos;380.62;1683.38;4.42;33.67;0.05;0.24;2019-05-01;Pre-covid;Pre-covid
2019;05;Cataluña;Coles;777.59;946.51;1.22;14.31;0.11;0.13;2019-05-01;Pre-covid;Pre-covid
2019;05;Cataluña;Pepinos;1446.04;1922.02;1.33;39.61;0.2;0.27;2019-05-01;Pre-covid;Pre-covid
2019;05;Cataluña;Judias verdes;1485.59;4967.11;3.34;34.66;0.21;0.69;2019-05-01;Pre-covid;Pre-covid
2019;05;Cataluña;Pimientos;3081.6;6340.93;2.06;62.58;0.43;0.89;2019-05-01;Pre-covid;Pre-covid
2019;05;Cataluña;Champiñoneso setas;946.44;2870.71;3.03;38.52;0.13;0.4;2019-05-01;Pre-covid;Pre-covid
2019;05;Cataluña;Lechuga/esc /endivia;3513.63;9592.63;2.73;73.16;0.49;1.34;2019-05-01;Pre-covid;Pre-covid
2019;05;Cataluña;Esparragos;1243.59;2611.4;2.1;26.71;0.17;0.36;2019-05-01;Pre-covid;Pre-covid
2019;05;Cataluña;Verduras de hoja;1379.07;2887.25;2.09;32.24;0.19;0.4;2019-05-01;Pre-covid;Pre-covid
2019;05;Cataluña;Berenjenas;1559.98;2252.13;1.44;39.71;0.22;0.31;2019-05-01;Pre-covid;Pre-covid
2019;05;Cataluña;Zanahorias;2071.33;2197.98;1.06;51.34;0.29;0.31;2019-05-01;Pre-covid;Pre-covid
2019;05;Cataluña;Calabacines;3132.05;4023.88;1.28;54.21;0.44;0.56;2019-05-01;Pre-covid;Pre-covid
2019;05;Cataluña;Otr hortalizas/verd ;7899.76;16675.2;2.11;78.48;1.1;2.33;2019-05-01;Pre-covid;Pre-covid
2019;05;Cataluña;Brocoli;1400.71;1923.41;1.37;29.89;0.2;0.27;2019-05-01;Pre-covid;Pre-covid
2019;05;Cataluña;Alcachofas;1737.36;2963.63;1.71;33.78;0.24;0.41;2019-05-01;Pre-covid;Pre-covid
2019;05;Cataluña;Apio;376.69;540.47;1.43;10.72;0.05;0.08;2019-05-01;Pre-covid;Pre-covid
2019;05;Cataluña;Coliflor;367.79;570.5;1.55;8.44;0.05;0.08;2019-05-01;Pre-covid;Pre-covid
2019;05;Cataluña;Verd /hort  iv gama;5295.63;13720.19;2.59;72.21;0.74;1.92;2019-05-01;Pre-covid;Pre-covid
2019;05;Cataluña;Puerro;627.08;1686.04;2.69;25.84;0.09;0.24;2019-05-01;Pre-covid;Pre-covid
2019;05;Extremadura;Patatas;2241.87;2113.91;0.94;72.25;1.9;1.8;2019-05-01;Pre-covid;Pre-covid
2019;05;Extremadura;Patatas frescas;1579.2;1454.33;0.92;59.83;1.34;1.24;2019-05-01;Pre-covid;Pre-covid
2019;05;Extremadura;Patatas congeladas;109.41;104.05;0.95;10.08;0.09;0.09;2019-05-01;Pre-covid;Pre-covid
2019;05;Extremadura;Patatas procesadas;110.65;555.52;5.02;44.13;0.09;0.47;2019-05-01;Pre-covid;Pre-covid
2019;05;Extremadura;Patatas fritas;90.22;524.92;5.82;43.32;0.08;0.45;2019-05-01;Pre-covid;Pre-covid
2019;05;Extremadura;Hortalizas frescas;4714.83;8100.21;1.72;94.69;4.01;6.88;2019-05-01;Pre-covid;Pre-covid
2019;05;Extremadura;Omates;1151.14;1617.62;1.41;80.42;0.98;1.37;2019-05-01;Pre-covid;Pre-covid
2019;05;Extremadura;Cebollas;524.58;680.26;1.3;58.21;0.45;0.58;2019-05-01;Pre-covid;Pre-covid
2019;05;Extremadura;Ajos;67.5;322.12;4.77;37.81;0.06;0.27;2019-05-01;Pre-covid;Pre-covid
2019;05;Extremadura;Coles;127.35;140.63;1.1;15.11;0.11;0.12;2019-05-01;Pre-covid;Pre-covid
2019;05;Extremadura;Pepinos;246.64;304.6;1.23;48.74;0.21;0.26;2019-05-01;Pre-covid;Pre-covid
2019;05;Extremadura;Judias verdes;78.16;171.04;2.19;14.83;0.07;0.15;2019-05-01;Pre-covid;Pre-covid
2019;05;Extremadura;Pimientos;332.39;663.07;1.99;65.29;0.28;0.56;2019-05-01;Pre-covid;Pre-covid
2019;05;Extremadura;Champiñoneso setas;101.2;341.62;3.38;32.42;0.09;0.29;2019-05-01;Pre-covid;Pre-covid
2019;05;Extremadura;Lechuga/esc /endivia;382.1;1100.47;2.88;60.28;0.32;0.93;2019-05-01;Pre-covid;Pre-covid
2019;05;Extremadura;Esparragos;100.79;177.86;1.76;17.21;0.09;0.15;2019-05-01;Pre-covid;Pre-covid
2019;05;Extremadura;Verduras de hoja;101.67;193.57;1.9;27.65;0.09;0.16;2019-05-01;Pre-covid;Pre-covid
2019;05;Extremadura;Berenjenas;93.24;128.4;1.38;28.5;0.08;0.11;2019-05-01;Pre-covid;Pre-covid
2019;05;Extremadura;Zanahorias;377.8;300.3;0.79;58.54;0.32;0.26;2019-05-01;Pre-covid;Pre-covid
2019;05;Extremadura;Calabacines;292.16;338.47;1.16;46.91;0.25;0.29;2019-05-01;Pre-covid;Pre-covid
2019;05;Extremadura;Otr hortalizas/verd ;738.1;1620.19;2.2;72.16;0.63;1.38;2019-05-01;Pre-covid;Pre-covid
2019;05;Extremadura;Brocoli;102.55;163.06;1.59;23.4;0.09;0.14;2019-05-01;Pre-covid;Pre-covid
2019;05;Extremadura;Alcachofas;136.52;227.54;1.67;25.56;0.12;0.19;2019-05-01;Pre-covid;Pre-covid
2019;05;Extremadura;Apio;20.87;31.15;1.49;4.64;0.02;0.03;2019-05-01;Pre-covid;Pre-covid
2019;05;Extremadura;Coliflor;57.37;81.77;1.43;11.41;0.05;0.07;2019-05-01;Pre-covid;Pre-covid
2019;05;Extremadura;Verd /hort  iv gama;708.62;1626.92;2.3;67.85;0.6;1.38;2019-05-01;Pre-covid;Pre-covid
2019;05;Extremadura;Puerro;80.66;241.01;2.99;28.96;0.07;0.2;2019-05-01;Pre-covid;Pre-covid
2019;05;Galicia;Patatas;8004.72;9127.85;1.14;68.35;2.95;3.36;2019-05-01;Pre-covid;Pre-covid
2019;05;Galicia;Patatas frescas;6794.86;7802.87;1.15;51.53;2.5;2.87;2019-05-01;Pre-covid;Pre-covid
2019;05;Galicia;Patatas congeladas;128.98;161.23;1.25;6.77;0.05;0.06;2019-05-01;Pre-covid;Pre-covid
2019;05;Galicia;Patatas procesadas;216.18;1163.75;5.38;34.75;0.08;0.43;2019-05-01;Pre-covid;Pre-covid
2019;05;Galicia;Patatas fritas;154.72;1081.77;6.99;32.47;0.06;0.4;2019-05-01;Pre-covid;Pre-covid
2019;05;Galicia;Hortalizas frescas;11642.55;22162.02;1.9;96.76;4.29;8.16;2019-05-01;Pre-covid;Pre-covid
2019;05;Galicia;Omates;2124.8;3771.38;1.77;76.9;0.78;1.39;2019-05-01;Pre-covid;Pre-covid
2019;05;Galicia;Cebollas;1637.3;2223.49;1.36;66.16;0.6;0.82;2019-05-01;Pre-covid;Pre-covid
2019;05;Galicia;Ajos;144.41;612.22;4.24;34.43;0.05;0.23;2019-05-01;Pre-covid;Pre-covid
2019;05;Galicia;Coles;799.29;778.45;0.97;27.15;0.29;0.29;2019-05-01;Pre-covid;Pre-covid
2019;05;Galicia;Pepinos;186.36;253.72;1.36;18.46;0.07;0.09;2019-05-01;Pre-covid;Pre-covid
2019;05;Galicia;Judias verdes;332.89;993.94;2.99;28.98;0.12;0.37;2019-05-01;Pre-covid;Pre-covid
2019;05;Galicia;Pimientos;748.52;1829.98;2.44;55.02;0.28;0.67;2019-05-01;Pre-covid;Pre-covid
2019;05;Galicia;Champiñoneso setas;137.54;501.13;3.64;22.21;0.05;0.18;2019-05-01;Pre-covid;Pre-covid
2019;05;Galicia;Lechuga/esc /endivia;1820.93;3912.55;2.15;59.44;0.67;1.44;2019-05-01;Pre-covid;Pre-covid
2019;05;Galicia;Esparragos;226.03;728.34;3.22;13.22;0.08;0.27;2019-05-01;Pre-covid;Pre-covid
2019;05;Galicia;Verduras de hoja;274.12;610.4;2.23;19.23;0.1;0.22;2019-05-01;Pre-covid;Pre-covid
2019;05;Galicia;Berenjenas;247.72;288.96;1.17;22.08;0.09;0.11;2019-05-01;Pre-covid;Pre-covid
2019;05;Galicia;Zanahorias;822.03;793.01;0.96;51.35;0.3;0.29;2019-05-01;Pre-covid;Pre-covid
2019;05;Galicia;Calabacines;565.83;681.25;1.2;34.72;0.21;0.25;2019-05-01;Pre-covid;Pre-covid
2019;05;Galicia;Otr hortalizas/verd ;1574.79;4183.2;2.66;62.34;0.58;1.54;2019-05-01;Pre-covid;Pre-covid
2019;05;Galicia;Brocoli;352.05;669.75;1.9;23.17;0.13;0.25;2019-05-01;Pre-covid;Pre-covid
2019;05;Galicia;Alcachofas;90.15;175.14;1.94;5.99;0.03;0.06;2019-05-01;Pre-covid;Pre-covid
2019;05;Galicia;Apio;44.7;69.16;1.55;3.95;0.02;0.03;2019-05-01;Pre-covid;Pre-covid
2019;05;Galicia;Coliflor;64.27;98.96;1.54;5.8;0.02;0.04;2019-05-01;Pre-covid;Pre-covid
2019;05;Galicia;Verd /hort  iv gama;1064.09;3094.17;2.91;57.26;0.39;1.14;2019-05-01;Pre-covid;Pre-covid
2019;05;Galicia;Puerro;164.58;516.74;3.14;20.81;0.06;0.19;2019-05-01;Pre-covid;Pre-covid
2019;05;La rioja;Patatas;503.92;501.95;1.0;72.29;1.56;1.55;2019-05-01;Pre-covid;Pre-covid
2019;05;La rioja;Patatas frescas;352.21;336.21;0.95;52.13;1.09;1.04;2019-05-01;Pre-covid;Pre-covid
2019;05;La rioja;Patatas congeladas;7.09;8.29;1.17;3.87;0.02;0.03;2019-05-01;Pre-covid;Pre-covid
2019;05;La rioja;Patatas procesadas;28.92;157.44;5.44;45.63;0.09;0.49;2019-05-01;Pre-covid;Pre-covid
2019;05;La rioja;Patatas fritas;24.81;150.67;6.07;42.4;0.08;0.47;2019-05-01;Pre-covid;Pre-covid
2019;05;La rioja;Hortalizas frescas;1333.46;2720.22;2.04;92.3;4.12;8.4;2019-05-01;Pre-covid;Pre-covid
2019;05;La rioja;Omates;167.99;330.0;1.96;61.22;0.52;1.02;2019-05-01;Pre-covid;Pre-covid
2019;05;La rioja;Cebollas;201.21;283.26;1.41;55.05;0.62;0.87;2019-05-01;Pre-covid;Pre-covid
2019;05;La rioja;Ajos;5.43;22.91;4.22;16.74;0.02;0.07;2019-05-01;Pre-covid;Pre-covid
2019;05;La rioja;Coles;13.39;17.04;1.27;10.54;0.04;0.05;2019-05-01;Pre-covid;Pre-covid
2019;05;La rioja;Pepinos;23.82;35.74;1.5;23.67;0.07;0.11;2019-05-01;Pre-covid;Pre-covid
2019;05;La rioja;Judias verdes;32.39;88.81;2.74;32.22;0.1;0.27;2019-05-01;Pre-covid;Pre-covid
2019;05;La rioja;Pimientos;66.14;154.48;2.34;56.53;0.2;0.48;2019-05-01;Pre-covid;Pre-covid
2019;05;La rioja;Champiñoneso setas;41.4;183.23;4.43;45.38;0.13;0.57;2019-05-01;Pre-covid;Pre-covid
2019;05;La rioja;Lechuga/esc /endivia;105.83;288.71;2.73;56.58;0.33;0.89;2019-05-01;Pre-covid;Pre-covid
2019;05;La rioja;Esparragos;91.05;241.36;2.65;20.92;0.28;0.74;2019-05-01;Pre-covid;Pre-covid
2019;05;La rioja;Verduras de hoja;38.28;83.38;2.18;21.74;0.12;0.26;2019-05-01;Pre-covid;Pre-covid
2019;05;La rioja;Berenjenas;28.82;43.89;1.52;25.82;0.09;0.14;2019-05-01;Pre-covid;Pre-covid
2019;05;La rioja;Zanahorias;81.75;76.72;0.94;47.28;0.25;0.24;2019-05-01;Pre-covid;Pre-covid
2019;05;La rioja;Calabacines;94.06;121.82;1.3;40.48;0.29;0.38;2019-05-01;Pre-covid;Pre-covid
2019;05;La rioja;Otr hortalizas/verd ;341.9;748.85;2.19;62.61;1.06;2.31;2019-05-01;Pre-covid;Pre-covid
2019;05;La rioja;Brocoli;7.83;14.87;1.9;4.71;0.02;0.05;2019-05-01;Pre-covid;Pre-covid
2019;05;La rioja;Alcachofas;51.29;77.13;1.5;23.14;0.16;0.24;2019-05-01;Pre-covid;Pre-covid
2019;05;La rioja;Apio;55.67;85.32;1.53;6.07;0.17;0.26;2019-05-01;Pre-covid;Pre-covid
2019;05;La rioja;Coliflor;9.52;15.83;1.66;8.05;0.03;0.05;2019-05-01;Pre-covid;Pre-covid
2019;05;La rioja;Verd /hort  iv gama;125.08;393.41;3.15;56.86;0.39;1.21;2019-05-01;Pre-covid;Pre-covid
2019;05;La rioja;Puerro;19.74;55.34;2.8;18.39;0.06;0.17;2019-05-01;Pre-covid;Pre-covid
2019;05;Madrid;Patatas;13534.54;12787.76;0.94;79.54;2.14;2.02;2019-05-01;Pre-covid;Pre-covid
2019;05;Madrid;Patatas frescas;9261.19;8281.86;0.89;65.69;1.46;1.31;2019-05-01;Pre-covid;Pre-covid
2019;05;Madrid;Patatas congeladas;464.53;619.55;1.33;10.03;0.07;0.1;2019-05-01;Pre-covid;Pre-covid
2019;05;Madrid;Patatas procesadas;761.76;3886.34;5.1;46.92;0.12;0.61;2019-05-01;Pre-covid;Pre-covid
2019;05;Madrid;Patatas fritas;589.28;3611.36;6.13;44.91;0.09;0.57;2019-05-01;Pre-covid;Pre-covid
2019;05;Madrid;Hortalizas frescas;31103.78;57940.09;1.86;97.74;4.92;9.16;2019-05-01;Pre-covid;Pre-covid
2019;05;Madrid;Omates;8041.23;12939.08;1.61;85.77;1.27;2.05;2019-05-01;Pre-covid;Pre-covid
2019;05;Madrid;Cebollas;3452.12;4715.43;1.37;71.45;0.55;0.75;2019-05-01;Pre-covid;Pre-covid
2019;05;Madrid;Ajos;315.55;1276.02;4.04;37.02;0.05;0.2;2019-05-01;Pre-covid;Pre-covid
2019;05;Madrid;Coles;582.89;731.53;1.26;17.27;0.09;0.12;2019-05-01;Pre-covid;Pre-covid
2019;05;Madrid;Pepinos;1370.37;1819.76;1.33;42.54;0.22;0.29;2019-05-01;Pre-covid;Pre-covid
2019;05;Madrid;Judias verdes;918.53;2321.25;2.53;27.75;0.15;0.37;2019-05-01;Pre-covid;Pre-covid
2019;05;Madrid;Pimientos;2563.09;5259.45;2.05;67.13;0.41;0.83;2019-05-01;Pre-covid;Pre-covid
2019;05;Madrid;Champiñoneso setas;702.81;2944.01;4.19;36.68;0.11;0.47;2019-05-01;Pre-covid;Pre-covid
2019;05;Madrid;Lechuga/esc /endivia;1730.69;5219.4;3.02;67.55;0.27;0.82;2019-05-01;Pre-covid;Pre-covid
2019;05;Madrid;Esparragos;1161.28;2976.11;2.56;33.98;0.18;0.47;2019-05-01;Pre-covid;Pre-covid
2019;05;Madrid;Verduras de hoja;686.45;1660.99;2.42;29.4;0.11;0.26;2019-05-01;Pre-covid;Pre-covid
2019;05;Madrid;Berenjenas;711.19;975.72;1.37;27.9;0.11;0.15;2019-05-01;Pre-covid;Pre-covid
2019;05;Madrid;Zanahorias;2012.16;1900.88;0.94;54.72;0.32;0.3;2019-05-01;Pre-covid;Pre-covid
2019;05;Madrid;Calabacines;2512.64;3114.45;1.24;56.22;0.4;0.49;2019-05-01;Pre-covid;Pre-covid
2019;05;Madrid;Otr hortalizas/verd ;4342.79;10086.02;2.32;75.57;0.69;1.59;2019-05-01;Pre-covid;Pre-covid
2019;05;Madrid;Brocoli;644.25;1180.39;1.83;22.76;0.1;0.19;2019-05-01;Pre-covid;Pre-covid
2019;05;Madrid;Alcachofas;613.29;1014.82;1.65;19.22;0.1;0.16;2019-05-01;Pre-covid;Pre-covid
2019;05;Madrid;Apio;149.38;245.72;1.64;8.69;0.02;0.04;2019-05-01;Pre-covid;Pre-covid
2019;05;Madrid;Coliflor;206.8;327.67;1.58;7.54;0.03;0.05;2019-05-01;Pre-covid;Pre-covid
2019;05;Madrid;Verd /hort  iv gama;3451.59;10159.56;2.94;71.82;0.55;1.61;2019-05-01;Pre-covid;Pre-covid
2019;05;Madrid;Puerro;553.07;1343.17;2.43;26.66;0.09;0.21;2019-05-01;Pre-covid;Pre-covid
2019;05;Murcia;Patatas;2782.07;2861.31;1.03;74.43;1.93;1.99;2019-05-01;Pre-covid;Pre-covid
2019;05;Murcia;Patatas frescas;1883.77;1750.43;0.93;50.02;1.31;1.22;2019-05-01;Pre-covid;Pre-covid
2019;05;Murcia;Patatas congeladas;159.43;200.92;1.26;15.13;0.11;0.14;2019-05-01;Pre-covid;Pre-covid
2019;05;Murcia;Patatas procesadas;147.78;909.96;6.16;49.52;0.1;0.63;2019-05-01;Pre-covid;Pre-covid
2019;05;Murcia;Patatas fritas;136.41;891.8;6.54;48.73;0.09;0.62;2019-05-01;Pre-covid;Pre-covid
2019;05;Murcia;Hortalizas frescas;6869.12;12087.55;1.76;94.82;4.77;8.39;2019-05-01;Pre-covid;Pre-covid
2019;05;Murcia;Omates;1745.36;2656.25;1.52;87.55;1.21;1.84;2019-05-01;Pre-covid;Pre-covid
2019;05;Murcia;Cebollas;1052.72;1226.13;1.16;63.97;0.73;0.85;2019-05-01;Pre-covid;Pre-covid
2019;05;Murcia;Ajos;116.38;437.03;3.76;31.87;0.08;0.3;2019-05-01;Pre-covid;Pre-covid
2019;05;Murcia;Coles;68.39;75.36;1.1;9.96;0.05;0.05;2019-05-01;Pre-covid;Pre-covid
2019;05;Murcia;Pepinos;347.85;438.79;1.26;39.84;0.24;0.3;2019-05-01;Pre-covid;Pre-covid
2019;05;Murcia;Judias verdes;166.28;615.57;3.7;34.2;0.12;0.43;2019-05-01;Pre-covid;Pre-covid
2019;05;Murcia;Pimientos;421.84;786.83;1.87;61.84;0.29;0.55;2019-05-01;Pre-covid;Pre-covid
2019;05;Murcia;Champiñoneso setas;181.81;685.07;3.77;46.07;0.13;0.48;2019-05-01;Pre-covid;Pre-covid
2019;05;Murcia;Lechuga/esc /endivia;468.87;1252.99;2.67;64.41;0.33;0.87;2019-05-01;Pre-covid;Pre-covid
2019;05;Murcia;Esparragos;130.47;405.04;3.1;24.77;0.09;0.28;2019-05-01;Pre-covid;Pre-covid
2019;05;Murcia;Verduras de hoja;61.88;153.88;2.49;17.33;0.04;0.11;2019-05-01;Pre-covid;Pre-covid
2019;05;Murcia;Berenjenas;257.54;316.77;1.23;41.05;0.18;0.22;2019-05-01;Pre-covid;Pre-covid
2019;05;Murcia;Zanahorias;283.82;245.48;0.86;45.39;0.2;0.17;2019-05-01;Pre-covid;Pre-covid
2019;05;Murcia;Calabacines;486.75;585.13;1.2;50.13;0.34;0.41;2019-05-01;Pre-covid;Pre-covid
2019;05;Murcia;Otr hortalizas/verd ;1079.14;2207.25;2.05;71.92;0.75;1.53;2019-05-01;Pre-covid;Pre-covid
2019;05;Murcia;Brocoli;217.91;289.75;1.33;22.48;0.15;0.2;2019-05-01;Pre-covid;Pre-covid
2019;05;Murcia;Alcachofas;267.88;424.41;1.58;26.3;0.19;0.29;2019-05-01;Pre-covid;Pre-covid
2019;05;Murcia;Apio;28.33;40.59;1.43;9.76;0.02;0.03;2019-05-01;Pre-covid;Pre-covid
2019;05;Murcia;Coliflor;24.53;34.89;1.42;3.85;0.02;0.02;2019-05-01;Pre-covid;Pre-covid
2019;05;Murcia;Verd /hort  iv gama;761.75;2045.33;2.69;59.92;0.53;1.42;2019-05-01;Pre-covid;Pre-covid
2019;05;Murcia;Puerro;70.59;189.96;2.69;24.71;0.05;0.13;2019-05-01;Pre-covid;Pre-covid
2019;05;Navarra;Patatas;1247.49;1106.36;0.89;76.12;2.09;1.85;2019-05-01;Pre-covid;Pre-covid
2019;05;Navarra;Patatas frescas;903.93;822.29;0.91;71.11;1.51;1.38;2019-05-01;Pre-covid;Pre-covid
2019;05;Navarra;Patatas congeladas;14.98;21.87;1.46;5.32;0.03;0.04;2019-05-01;Pre-covid;Pre-covid
2019;05;Navarra;Patatas procesadas;65.72;262.2;3.99;34.87;0.11;0.44;2019-05-01;Pre-covid;Pre-covid
2019;05;Navarra;Patatas fritas;26.59;202.89;7.63;25.91;0.04;0.34;2019-05-01;Pre-covid;Pre-covid
2019;05;Navarra;Hortalizas frescas;2672.44;5331.02;1.99;96.08;4.47;8.92;2019-05-01;Pre-covid;Pre-covid
2019;05;Navarra;Omates;386.72;679.46;1.76;62.13;0.65;1.14;2019-05-01;Pre-covid;Pre-covid
2019;05;Navarra;Cebollas;272.75;409.73;1.5;58.5;0.46;0.69;2019-05-01;Pre-covid;Pre-covid
2019;05;Navarra;Ajos;33.81;196.51;5.81;42.27;0.06;0.33;2019-05-01;Pre-covid;Pre-covid
2019;05;Navarra;Coles;54.06;95.9;1.77;26.33;0.09;0.16;2019-05-01;Pre-covid;Pre-covid
2019;05;Navarra;Pepinos;75.47;99.6;1.32;16.26;0.13;0.17;2019-05-01;Pre-covid;Pre-covid
2019;05;Navarra;Judias verdes;108.12;368.53;3.41;43.96;0.18;0.62;2019-05-01;Pre-covid;Pre-covid
2019;05;Navarra;Pimientos;135.37;321.08;2.37;42.09;0.23;0.54;2019-05-01;Pre-covid;Pre-covid
2019;05;Navarra;Champiñoneso setas;62.54;308.48;4.93;41.33;0.1;0.52;2019-05-01;Pre-covid;Pre-covid
2019;05;Navarra;Lechuga/esc /endivia;247.33;631.72;2.55;52.86;0.41;1.06;2019-05-01;Pre-covid;Pre-covid
2019;05;Navarra;Esparragos;188.69;562.24;2.98;26.95;0.32;0.94;2019-05-01;Pre-covid;Pre-covid
2019;05;Navarra;Verduras de hoja;87.42;192.0;2.2;40.87;0.15;0.32;2019-05-01;Pre-covid;Pre-covid
2019;05;Navarra;Berenjenas;49.34;70.81;1.43;15.02;0.08;0.12;2019-05-01;Pre-covid;Pre-covid
2019;05;Navarra;Zanahorias;154.99;130.05;0.84;57.86;0.26;0.22;2019-05-01;Pre-covid;Pre-covid
2019;05;Navarra;Calabacines;185.46;233.54;1.26;39.61;0.31;0.39;2019-05-01;Pre-covid;Pre-covid
2019;05;Navarra;Otr hortalizas/verd ;630.36;1031.36;1.64;66.69;1.05;1.73;2019-05-01;Pre-covid;Pre-covid
2019;05;Navarra;Brocoli;235.98;191.46;0.81;13.35;0.39;0.32;2019-05-01;Pre-covid;Pre-covid
2019;05;Navarra;Alcachofas;167.23;302.32;1.81;17.1;0.28;0.51;2019-05-01;Pre-covid;Pre-covid
2019;05;Navarra;Apio;4.68;6.15;1.31;1.78;0.01;0.01;2019-05-01;Pre-covid;Pre-covid
2019;05;Navarra;Coliflor;3.93;7.68;1.95;1.26;0.01;0.01;2019-05-01;Pre-covid;Pre-covid
2019;05;Navarra;Verd /hort  iv gama;225.03;608.28;2.7;53.06;0.38;1.02;2019-05-01;Pre-covid;Pre-covid
2019;05;Navarra;Puerro;35.25;125.41;3.56;33.38;0.06;0.21;2019-05-01;Pre-covid;Pre-covid
2019;05;Pais vasco;Patatas;4979.05;5148.74;1.03;78.88;2.36;2.44;2019-05-01;Pre-covid;Pre-covid
2019;05;Pais vasco;Patatas frescas;3968.68;3840.53;0.97;67.25;1.88;1.82;2019-05-01;Pre-covid;Pre-covid
2019;05;Pais vasco;Patatas congeladas;64.14;85.09;1.33;4.17;0.03;0.04;2019-05-01;Pre-covid;Pre-covid
2019;05;Pais vasco;Patatas procesadas;189.25;1223.12;6.46;36.74;0.09;0.58;2019-05-01;Pre-covid;Pre-covid
2019;05;Pais vasco;Patatas fritas;168.62;1194.0;7.08;35.33;0.08;0.56;2019-05-01;Pre-covid;Pre-covid
2019;05;Pais vasco;Hortalizas frescas;11013.87;22311.0;2.03;97.63;5.21;10.55;2019-05-01;Pre-covid;Pre-covid
2019;05;Pais vasco;Omates;2170.74;4014.49;1.85;78.68;1.03;1.9;2019-05-01;Pre-covid;Pre-covid
2019;05;Pais vasco;Cebollas;1435.36;2205.13;1.54;77.83;0.68;1.04;2019-05-01;Pre-covid;Pre-covid
2019;05;Pais vasco;Ajos;112.49;520.13;4.62;34.64;0.05;0.25;2019-05-01;Pre-covid;Pre-covid
2019;05;Pais vasco;Coles;178.86;209.02;1.17;14.08;0.08;0.1;2019-05-01;Pre-covid;Pre-covid
2019;05;Pais vasco;Pepinos;288.22;364.91;1.27;31.83;0.14;0.17;2019-05-01;Pre-covid;Pre-covid
2019;05;Pais vasco;Judias verdes;455.56;1222.55;2.68;38.96;0.22;0.58;2019-05-01;Pre-covid;Pre-covid
2019;05;Pais vasco;Pimientos;1018.95;2107.29;2.07;65.91;0.48;1.0;2019-05-01;Pre-covid;Pre-covid
2019;05;Pais vasco;Champiñoneso setas;313.48;1273.26;4.06;48.94;0.15;0.6;2019-05-01;Pre-covid;Pre-covid
2019;05;Pais vasco;Lechuga/esc /endivia;1006.16;2580.32;2.56;73.18;0.48;1.22;2019-05-01;Pre-covid;Pre-covid
2019;05;Pais vasco;Esparragos;221.3;805.82;3.64;18.84;0.1;0.38;2019-05-01;Pre-covid;Pre-covid
2019;05;Pais vasco;Verduras de hoja;299.8;669.83;2.23;25.43;0.14;0.32;2019-05-01;Pre-covid;Pre-covid
2019;05;Pais vasco;Berenjenas;142.06;241.31;1.7;15.54;0.07;0.11;2019-05-01;Pre-covid;Pre-covid
2019;05;Pais vasco;Zanahorias;713.77;684.61;0.96;65.06;0.34;0.32;2019-05-01;Pre-covid;Pre-covid
2019;05;Pais vasco;Calabacines;836.72;1043.02;1.25;50.03;0.4;0.49;2019-05-01;Pre-covid;Pre-covid
2019;05;Pais vasco;Otr hortalizas/verd ;1820.39;4369.31;2.4;76.3;0.86;2.07;2019-05-01;Pre-covid;Pre-covid
2019;05;Pais vasco;Brocoli;317.21;583.63;1.84;27.65;0.15;0.28;2019-05-01;Pre-covid;Pre-covid
2019;05;Pais vasco;Alcachofas;251.51;376.94;1.5;13.05;0.12;0.18;2019-05-01;Pre-covid;Pre-covid
2019;05;Pais vasco;Apio;46.87;90.74;1.94;6.5;0.02;0.04;2019-05-01;Pre-covid;Pre-covid
2019;05;Pais vasco;Coliflor;99.07;166.85;1.68;9.14;0.05;0.08;2019-05-01;Pre-covid;Pre-covid
2019;05;Pais vasco;Verd /hort  iv gama;1251.39;3679.79;2.94;62.35;0.59;1.74;2019-05-01;Pre-covid;Pre-covid
2019;05;Pais vasco;Puerro;211.45;671.93;3.18;32.61;0.1;0.32;2019-05-01;Pre-covid;Pre-covid
2019;05;Valencia;Patatas;11605.17;11739.7;1.01;81.45;2.39;2.42;2019-05-01;Pre-covid;Pre-covid
2019;05;Valencia;Patatas frescas;8241.57;7974.96;0.97;67.85;1.7;1.64;2019-05-01;Pre-covid;Pre-covid
2019;05;Valencia;Patatas congeladas;442.25;582.72;1.32;12.26;0.09;0.12;2019-05-01;Pre-covid;Pre-covid
2019;05;Valencia;Patatas procesadas;584.27;3182.01;5.45;54.27;0.12;0.66;2019-05-01;Pre-covid;Pre-covid
2019;05;Valencia;Patatas fritas;516.98;3090.95;5.98;53.02;0.11;0.64;2019-05-01;Pre-covid;Pre-covid
2019;05;Valencia;Hortalizas frescas;25920.37;47663.79;1.84;97.26;5.34;9.81;2019-05-01;Pre-covid;Pre-covid
2019;05;Valencia;Omates;5998.31;9590.18;1.6;84.78;1.24;1.97;2019-05-01;Pre-covid;Pre-covid
2019;05;Valencia;Cebollas;3148.29;3994.78;1.27;70.38;0.65;0.82;2019-05-01;Pre-covid;Pre-covid
2019;05;Valencia;Ajos;260.36;1060.17;4.07;31.48;0.05;0.22;2019-05-01;Pre-covid;Pre-covid
2019;05;Valencia;Coles;446.87;526.51;1.18;16.74;0.09;0.11;2019-05-01;Pre-covid;Pre-covid
2019;05;Valencia;Pepinos;1408.49;1856.44;1.32;49.89;0.29;0.38;2019-05-01;Pre-covid;Pre-covid
2019;05;Valencia;Judias verdes;642.98;1879.39;2.92;34.04;0.13;0.39;2019-05-01;Pre-covid;Pre-covid
2019;05;Valencia;Pimientos;1813.55;3495.3;1.93;61.74;0.37;0.72;2019-05-01;Pre-covid;Pre-covid
2019;05;Valencia;Champiñoneso setas;556.04;2172.87;3.91;43.05;0.11;0.45;2019-05-01;Pre-covid;Pre-covid
2019;05;Valencia;Lechuga/esc /endivia;1739.21;5151.9;2.96;71.24;0.36;1.06;2019-05-01;Pre-covid;Pre-covid
2019;05;Valencia;Esparragos;719.55;1950.0;2.71;35.7;0.15;0.4;2019-05-01;Pre-covid;Pre-covid
2019;05;Valencia;Verduras de hoja;508.48;1325.21;2.61;27.78;0.1;0.27;2019-05-01;Pre-covid;Pre-covid
2019;05;Valencia;Berenjenas;1044.24;1485.11;1.42;40.55;0.22;0.31;2019-05-01;Pre-covid;Pre-covid
2019;05;Valencia;Zanahorias;1356.61;1211.33;0.89;50.71;0.28;0.25;2019-05-01;Pre-covid;Pre-covid
2019;05;Valencia;Calabacines;1712.29;2081.44;1.22;57.32;0.35;0.43;2019-05-01;Pre-covid;Pre-covid
2019;05;Valencia;Otr hortalizas/verd ;4565.11;9883.16;2.16;80.61;0.94;2.03;2019-05-01;Pre-covid;Pre-covid
2019;05;Valencia;Brocoli;480.89;818.23;1.7;21.8;0.1;0.17;2019-05-01;Pre-covid;Pre-covid
2019;05;Valencia;Alcachofas;1229.75;1880.44;1.53;36.35;0.25;0.39;2019-05-01;Pre-covid;Pre-covid
2019;05;Valencia;Apio;175.98;271.91;1.55;10.14;0.04;0.06;2019-05-01;Pre-covid;Pre-covid
2019;05;Valencia;Coliflor;226.08;368.57;1.63;8.85;0.05;0.08;2019-05-01;Pre-covid;Pre-covid
2019;05;Valencia;Verd /hort  iv gama;2697.07;8130.12;3.01;71.63;0.56;1.67;2019-05-01;Pre-covid;Pre-covid
2019;05;Valencia;Puerro;321.92;952.98;2.96;24.72;0.07;0.2;2019-05-01;Pre-covid;Pre-covid
2019;05;Nacional;Frutas frescas;370503.85;580001.11;1.57;96.42;8.03;12.57;2019-05-01;Pre-covid;Pre-covid
2019;05;Nacional;Naranjas;80403.42;73674.84;0.92;54.82;1.74;1.6;2019-05-01;Pre-covid;Pre-covid
2019;05;Nacional;Mandarinas;13654.12;20142.82;1.48;31.58;0.3;0.44;2019-05-01;Pre-covid;Pre-covid
2019;05;Nacional;Limones;9154.47;13579.38;1.48;34.07;0.2;0.29;2019-05-01;Pre-covid;Pre-covid
2019;05;Nacional;Platanos;54548.78;80933.72;1.48;81.66;1.18;1.75;2019-05-01;Pre-covid;Pre-covid
2019;05;Nacional;Manzanas;39935.02;57560.96;1.44;66.65;0.87;1.25;2019-05-01;Pre-covid;Pre-covid
2019;05;Nacional;Peras;17830.52;27484.85;1.54;46.75;0.39;0.6;2019-05-01;Pre-covid;Pre-covid
2019;05;Nacional;Melocotones;5313.74;10829.8;2.04;20.99;0.12;0.23;2019-05-01;Pre-covid;Pre-covid
2019;05;Nacional;Nectarinas;6630.02;11468.84;1.73;22.66;0.14;0.25;2019-05-01;Pre-covid;Pre-covid
2019;05;Nacional;Albaricoques;10952.13;21357.2;1.95;37.39;0.24;0.46;2019-05-01;Pre-covid;Pre-covid
2019;05;Nacional;Fresas/freson;23639.81;55128.59;2.33;60.63;0.51;1.2;2019-05-01;Pre-covid;Pre-covid
2019;05;Nacional;Melon;15759.3;23341.52;1.48;28.47;0.34;0.51;2019-05-01;Pre-covid;Pre-covid
2019;05;Nacional;Sandia;42600.56;42015.08;0.99;43.02;0.92;0.91;2019-05-01;Pre-covid;Pre-covid
2019;05;Nacional;Ciruelas;1065.13;2570.94;2.41;6.94;0.02;0.06;2019-05-01;Pre-covid;Pre-covid
2019;05;Nacional;Cerezas;7691.78;30447.44;3.96;29.16;0.17;0.66;2019-05-01;Pre-covid;Pre-covid
2019;05;Nacional;Uvas;2582.79;9495.15;3.68;11.01;0.06;0.21;2019-05-01;Pre-covid;Pre-covid
2019;05;Nacional;Kiwi;10649.72;28694.3;2.69;38.01;0.23;0.62;2019-05-01;Pre-covid;Pre-covid
2019;05;Nacional;Aguacate;5860.73;19998.81;3.41;29.51;0.13;0.43;2019-05-01;Pre-covid;Pre-covid
2019;05;Nacional;Piña;7808.78;12424.36;1.59;20.09;0.17;0.27;2019-05-01;Pre-covid;Pre-covid
2019;05;Nacional;Otras frutas frescas;14423.03;38852.51;2.69;42.26;0.31;0.84;2019-05-01;Pre-covid;Pre-covid
2019;05;Nacional;Pomelo;1239.11;2080.35;1.68;3.24;0.03;0.05;2019-05-01;Pre-covid;Pre-covid
2019;05;Nacional;Chirimoya;7.11;43.12;6.07;0.02;0.0;0.0;2019-05-01;Pre-covid;Pre-covid
2019;05;Nacional;Mango;2315.89;5150.7;2.22;9.52;0.05;0.11;2019-05-01;Pre-covid;Pre-covid
2019;05;Nacional;Frutas iv gama;17868.25;30287.99;1.7;31.45;0.39;0.66;2019-05-01;Pre-covid;Pre-covid
2019;05;Andalucia;Frutas frescas;60581.26;90419.92;1.49;96.41;6.98;10.41;2019-05-01;Pre-covid;Pre-covid
2019;05;Andalucia;Naranjas;11691.15;10627.57;0.91;48.23;1.35;1.22;2019-05-01;Pre-covid;Pre-covid
2019;05;Andalucia;Mandarinas;1916.34;2330.56;1.22;28.78;0.22;0.27;2019-05-01;Pre-covid;Pre-covid
2019;05;Andalucia;Limones;1898.65;2633.94;1.39;31.57;0.22;0.3;2019-05-01;Pre-covid;Pre-covid
2019;05;Andalucia;Platanos;8788.58;12231.9;1.39;81.8;1.01;1.41;2019-05-01;Pre-covid;Pre-covid
2019;05;Andalucia;Manzanas;5979.21;8397.87;1.4;67.02;0.69;0.97;2019-05-01;Pre-covid;Pre-covid
2019;05;Andalucia;Peras;2550.74;3728.61;1.46;43.07;0.29;0.43;2019-05-01;Pre-covid;Pre-covid
2019;05;Andalucia;Melocotones;744.71;1482.47;1.99;21.77;0.09;0.17;2019-05-01;Pre-covid;Pre-covid
2019;05;Andalucia;Nectarinas;827.86;1354.99;1.64;20.58;0.1;0.16;2019-05-01;Pre-covid;Pre-covid
2019;05;Andalucia;Albaricoques;1486.73;2987.39;2.01;34.02;0.17;0.34;2019-05-01;Pre-covid;Pre-covid
2019;05;Andalucia;Fresas/freson;3604.38;8204.62;2.28;59.17;0.42;0.95;2019-05-01;Pre-covid;Pre-covid
2019;05;Andalucia;Melon;3521.65;4802.16;1.36;33.28;0.41;0.55;2019-05-01;Pre-covid;Pre-covid
2019;05;Andalucia;Sandia;9482.75;8991.96;0.95;50.26;1.09;1.04;2019-05-01;Pre-covid;Pre-covid
2019;05;Andalucia;Ciruelas;270.6;625.67;2.31;8.23;0.03;0.07;2019-05-01;Pre-covid;Pre-covid
2019;05;Andalucia;Cerezas;1225.94;4921.18;4.01;29.8;0.14;0.57;2019-05-01;Pre-covid;Pre-covid
2019;05;Andalucia;Uvas;430.05;1572.92;3.66;11.93;0.05;0.18;2019-05-01;Pre-covid;Pre-covid
2019;05;Andalucia;Kiwi;1496.83;4170.12;2.79;35.76;0.17;0.48;2019-05-01;Pre-covid;Pre-covid
2019;05;Andalucia;Aguacate;1042.59;3280.74;3.15;29.38;0.12;0.38;2019-05-01;Pre-covid;Pre-covid
2019;05;Andalucia;Piña;1332.78;2102.76;1.58;21.75;0.15;0.24;2019-05-01;Pre-covid;Pre-covid
2019;05;Andalucia;Otras frutas frescas;2289.73;5972.5;2.61;43.52;0.26;0.69;2019-05-01;Pre-covid;Pre-covid
2019;05;Andalucia;Pomelo;265.24;484.55;1.83;3.17;0.03;0.06;2019-05-01;Pre-covid;Pre-covid
2019;05;Andalucia;Chirimoya;0.0;0.0;0.0;0.0;0.0;0.0;2019-05-01;Pre-covid;Pre-covid
2019;05;Andalucia;Mango;364.3;784.82;2.15;10.24;0.04;0.09;2019-05-01;Pre-covid;Pre-covid
2019;05;Andalucia;Frutas iv gama;3380.44;5479.62;1.62;34.64;0.39;0.63;2019-05-01;Pre-covid;Pre-covid
2019;05;Aragon;Frutas frescas;10618.5;16292.51;1.53;96.98;8.11;12.44;2019-05-01;Pre-covid;Pre-covid
2019;05;Aragon;Naranjas;2149.45;1888.04;0.88;58.62;1.64;1.44;2019-05-01;Pre-covid;Pre-covid
2019;05;Aragon;Mandarinas;563.2;783.14;1.39;30.52;0.43;0.6;2019-05-01;Pre-covid;Pre-covid
2019;05;Aragon;Limones;244.74;341.98;1.4;39.69;0.19;0.26;2019-05-01;Pre-covid;Pre-covid
2019;05;Aragon;Platanos;1383.64;2013.18;1.45;75.35;1.06;1.54;2019-05-01;Pre-covid;Pre-covid
2019;05;Aragon;Manzanas;1076.43;1531.72;1.42;60.72;0.82;1.17;2019-05-01;Pre-covid;Pre-covid
2019;05;Aragon;Peras;562.09;826.3;1.47;53.03;0.43;0.63;2019-05-01;Pre-covid;Pre-covid
2019;05;Aragon;Melocotones;131.57;239.81;1.82;22.42;0.1;0.18;2019-05-01;Pre-covid;Pre-covid
2019;05;Aragon;Nectarinas;182.82;309.36;1.69;22.67;0.14;0.24;2019-05-01;Pre-covid;Pre-covid
2019;05;Aragon;Albaricoques;422.4;726.63;1.72;42.67;0.32;0.55;2019-05-01;Pre-covid;Pre-covid
2019;05;Aragon;Fresas/freson;788.03;1728.36;2.19;60.06;0.6;1.32;2019-05-01;Pre-covid;Pre-covid
2019;05;Aragon;Melon;470.35;785.84;1.67;35.27;0.36;0.6;2019-05-01;Pre-covid;Pre-covid
2019;05;Aragon;Sandia;1258.47;1343.65;1.07;51.68;0.96;1.03;2019-05-01;Pre-covid;Pre-covid
2019;05;Aragon;Ciruelas;10.15;23.2;2.29;3.98;0.01;0.02;2019-05-01;Pre-covid;Pre-covid
2019;05;Aragon;Cerezas;370.39;1360.79;3.67;48.4;0.28;1.04;2019-05-01;Pre-covid;Pre-covid
2019;05;Aragon;Uvas;59.35;247.13;4.16;13.15;0.05;0.19;2019-05-01;Pre-covid;Pre-covid
2019;05;Aragon;Kiwi;252.38;632.21;2.5;33.73;0.19;0.48;2019-05-01;Pre-covid;Pre-covid
2019;05;Aragon;Aguacate;133.73;449.01;3.36;30.54;0.1;0.34;2019-05-01;Pre-covid;Pre-covid
2019;05;Aragon;Piña;257.53;373.77;1.45;25.1;0.2;0.29;2019-05-01;Pre-covid;Pre-covid
2019;05;Aragon;Otras frutas frescas;301.78;688.37;2.28;41.62;0.23;0.53;2019-05-01;Pre-covid;Pre-covid
2019;05;Aragon;Pomelo;11.58;17.3;1.49;1.99;0.01;0.01;2019-05-01;Pre-covid;Pre-covid
2019;05;Aragon;Chirimoya;0.0;0.0;0.0;0.0;0.0;0.0;2019-05-01;Pre-covid;Pre-covid
2019;05;Aragon;Mango;96.81;140.25;1.45;11.61;0.07;0.11;2019-05-01;Pre-covid;Pre-covid
2019;05;Aragon;Frutas iv gama;543.14;843.27;1.55;35.61;0.41;0.64;2019-05-01;Pre-covid;Pre-covid
2019;05;Asturias;Frutas frescas;10354.92;16034.72;1.55;97.83;9.63;14.92;2019-05-01;Pre-covid;Pre-covid
2019;05;Asturias;Naranjas;2375.58;2065.98;0.87;69.36;2.21;1.92;2019-05-01;Pre-covid;Pre-covid
2019;05;Asturias;Mandarinas;458.19;651.33;1.42;40.77;0.43;0.61;2019-05-01;Pre-covid;Pre-covid
2019;05;Asturias;Limones;192.46;313.16;1.63;35.72;0.18;0.29;2019-05-01;Pre-covid;Pre-covid
2019;05;Asturias;Platanos;1624.88;2334.55;1.44;86.63;1.51;2.17;2019-05-01;Pre-covid;Pre-covid
2019;05;Asturias;Manzanas;1328.13;1755.27;1.32;74.77;1.24;1.63;2019-05-01;Pre-covid;Pre-covid
2019;05;Asturias;Peras;468.27;768.37;1.64;51.34;0.44;0.71;2019-05-01;Pre-covid;Pre-covid
2019;05;Asturias;Melocotones;238.3;416.96;1.75;27.64;0.22;0.39;2019-05-01;Pre-covid;Pre-covid
2019;05;Asturias;Nectarinas;360.27;688.54;1.91;40.65;0.34;0.64;2019-05-01;Pre-covid;Pre-covid
2019;05;Asturias;Albaricoques;288.15;522.01;1.81;35.03;0.27;0.49;2019-05-01;Pre-covid;Pre-covid
2019;05;Asturias;Fresas/freson;875.59;1961.58;2.24;67.33;0.81;1.83;2019-05-01;Pre-covid;Pre-covid
2019;05;Asturias;Melon;274.44;403.15;1.47;29.28;0.26;0.38;2019-05-01;Pre-covid;Pre-covid
2019;05;Asturias;Sandia;689.51;675.0;0.98;36.7;0.64;0.63;2019-05-01;Pre-covid;Pre-covid
2019;05;Asturias;Ciruelas;14.99;30.23;2.02;4.51;0.01;0.03;2019-05-01;Pre-covid;Pre-covid
2019;05;Asturias;Cerezas;289.62;1083.08;3.74;43.85;0.27;1.01;2019-05-01;Pre-covid;Pre-covid
2019;05;Asturias;Uvas;101.3;393.74;3.89;11.03;0.09;0.37;2019-05-01;Pre-covid;Pre-covid
2019;05;Asturias;Kiwi;280.03;688.44;2.46;37.2;0.26;0.64;2019-05-01;Pre-covid;Pre-covid
2019;05;Asturias;Aguacate;84.04;298.11;3.55;24.69;0.08;0.28;2019-05-01;Pre-covid;Pre-covid
2019;05;Asturias;Piña;145.54;223.51;1.54;21.76;0.14;0.21;2019-05-01;Pre-covid;Pre-covid
2019;05;Asturias;Otras frutas frescas;265.6;761.69;2.87;44.01;0.25;0.71;2019-05-01;Pre-covid;Pre-covid
2019;05;Asturias;Pomelo;52.93;91.36;1.73;7.69;0.05;0.08;2019-05-01;Pre-covid;Pre-covid
2019;05;Asturias;Chirimoya;0.0;0.0;0.0;0.0;0.0;0.0;2019-05-01;Pre-covid;Pre-covid
2019;05;Asturias;Mango;61.51;126.42;2.06;8.74;0.06;0.12;2019-05-01;Pre-covid;Pre-covid
2019;05;Asturias;Frutas iv gama;375.48;547.2;1.46;24.59;0.35;0.51;2019-05-01;Pre-covid;Pre-covid
2019;05;Baleares;Frutas frescas;7805.56;13769.63;1.76;98.66;7.4;13.05;2019-05-01;Pre-covid;Pre-covid
2019;05;Baleares;Naranjas;1571.7;1520.96;0.97;51.82;1.49;1.44;2019-05-01;Pre-covid;Pre-covid
2019;05;Baleares;Mandarinas;101.91;142.71;1.4;15.66;0.1;0.14;2019-05-01;Pre-covid;Pre-covid
2019;05;Baleares;Limones;96.27;156.46;1.63;20.99;0.09;0.15;2019-05-01;Pre-covid;Pre-covid
2019;05;Baleares;Platanos;1415.8;2086.14;1.47;76.79;1.34;1.98;2019-05-01;Pre-covid;Pre-covid
2019;05;Baleares;Manzanas;900.76;1326.48;1.47;53.13;0.85;1.26;2019-05-01;Pre-covid;Pre-covid
2019;05;Baleares;Peras;332.39;538.8;1.62;38.12;0.31;0.51;2019-05-01;Pre-covid;Pre-covid
2019;05;Baleares;Melocotones;64.83;204.82;3.16;15.25;0.06;0.19;2019-05-01;Pre-covid;Pre-covid
2019;05;Baleares;Nectarinas;107.66;190.61;1.77;26.66;0.1;0.18;2019-05-01;Pre-covid;Pre-covid
2019;05;Baleares;Albaricoques;250.09;495.31;1.98;38.34;0.24;0.47;2019-05-01;Pre-covid;Pre-covid
2019;05;Baleares;Fresas/freson;608.65;1471.98;2.42;58.13;0.58;1.39;2019-05-01;Pre-covid;Pre-covid
2019;05;Baleares;Melon;305.51;514.73;1.68;20.46;0.29;0.49;2019-05-01;Pre-covid;Pre-covid
2019;05;Baleares;Sandia;748.89;790.32;1.06;31.57;0.71;0.75;2019-05-01;Pre-covid;Pre-covid
2019;05;Baleares;Ciruelas;60.25;219.45;3.64;14.06;0.06;0.21;2019-05-01;Pre-covid;Pre-covid
2019;05;Baleares;Cerezas;136.09;665.44;4.89;21.38;0.13;0.63;2019-05-01;Pre-covid;Pre-covid
2019;05;Baleares;Uvas;60.91;276.26;4.54;11.38;0.06;0.26;2019-05-01;Pre-covid;Pre-covid
2019;05;Baleares;Kiwi;252.64;746.95;2.96;40.93;0.24;0.71;2019-05-01;Pre-covid;Pre-covid
2019;05;Baleares;Aguacate;274.47;896.01;3.26;38.01;0.26;0.85;2019-05-01;Pre-covid;Pre-covid
2019;05;Baleares;Piña;139.37;281.0;2.02;16.71;0.13;0.27;2019-05-01;Pre-covid;Pre-covid
2019;05;Baleares;Otras frutas frescas;377.36;1245.18;3.3;52.04;0.36;1.18;2019-05-01;Pre-covid;Pre-covid
2019;05;Baleares;Pomelo;16.3;22.41;1.38;3.46;0.02;0.02;2019-05-01;Pre-covid;Pre-covid
2019;05;Baleares;Chirimoya;0.0;0.0;0.0;0.0;0.0;0.0;2019-05-01;Pre-covid;Pre-covid
2019;05;Baleares;Mango;149.99;409.73;2.73;24.83;0.14;0.39;2019-05-01;Pre-covid;Pre-covid
2019;05;Baleares;Frutas iv gama;355.48;693.35;1.95;34.36;0.34;0.66;2019-05-01;Pre-covid;Pre-covid
2019;05;Canarias;Frutas frescas;16584.94;26955.5;1.63;95.96;7.51;12.2;2019-05-01;Pre-covid;Pre-covid
2019;05;Canarias;Naranjas;3604.35;3352.64;0.93;48.55;1.63;1.52;2019-05-01;Pre-covid;Pre-covid
2019;05;Canarias;Mandarinas;696.6;962.74;1.38;34.18;0.32;0.44;2019-05-01;Pre-covid;Pre-covid
2019;05;Canarias;Limones;425.25;619.89;1.46;38.27;0.19;0.28;2019-05-01;Pre-covid;Pre-covid
2019;05;Canarias;Platanos;2944.21;3970.34;1.35;78.96;1.33;1.8;2019-05-01;Pre-covid;Pre-covid
2019;05;Canarias;Manzanas;2018.43;3140.54;1.56;70.32;0.91;1.42;2019-05-01;Pre-covid;Pre-covid
2019;05;Canarias;Peras;1036.12;1636.45;1.58;49.52;0.47;0.74;2019-05-01;Pre-covid;Pre-covid
2019;05;Canarias;Melocotones;110.85;309.67;2.79;6.74;0.05;0.14;2019-05-01;Pre-covid;Pre-covid
2019;05;Canarias;Nectarinas;127.37;279.9;2.2;12.08;0.06;0.13;2019-05-01;Pre-covid;Pre-covid
2019;05;Canarias;Albaricoques;148.05;404.75;2.73;20.59;0.07;0.18;2019-05-01;Pre-covid;Pre-covid
2019;05;Canarias;Fresas/freson;777.95;2330.96;3.0;59.86;0.35;1.06;2019-05-01;Pre-covid;Pre-covid
2019;05;Canarias;Melon;766.75;1153.67;1.5;26.57;0.35;0.52;2019-05-01;Pre-covid;Pre-covid
2019;05;Canarias;Sandia;1458.93;1502.7;1.03;41.42;0.66;0.68;2019-05-01;Pre-covid;Pre-covid
2019;05;Canarias;Ciruelas;65.85;143.41;2.18;6.1;0.03;0.06;2019-05-01;Pre-covid;Pre-covid
2019;05;Canarias;Cerezas;38.36;165.14;4.31;7.67;0.02;0.07;2019-05-01;Pre-covid;Pre-covid
2019;05;Canarias;Uvas;277.57;851.12;3.07;17.42;0.13;0.39;2019-05-01;Pre-covid;Pre-covid
2019;05;Canarias;Kiwi;479.9;1214.49;2.53;38.62;0.22;0.55;2019-05-01;Pre-covid;Pre-covid
2019;05;Canarias;Aguacate;585.12;2449.42;4.19;40.18;0.26;1.11;2019-05-01;Pre-covid;Pre-covid
2019;05;Canarias;Piña;57.73;168.71;2.92;4.0;0.03;0.08;2019-05-01;Pre-covid;Pre-covid
2019;05;Canarias;Otras frutas frescas;965.54;2298.97;2.38;45.68;0.44;1.04;2019-05-01;Pre-covid;Pre-covid
2019;05;Canarias;Pomelo;50.39;87.92;1.74;2.82;0.02;0.04;2019-05-01;Pre-covid;Pre-covid
2019;05;Canarias;Chirimoya;0.0;0.0;0.0;0.0;0.0;0.0;2019-05-01;Pre-covid;Pre-covid
2019;05;Canarias;Mango;0.0;0.0;0.0;0.0;0.0;0.0;2019-05-01;Pre-covid;Pre-covid
2019;05;Canarias;Frutas iv gama;1031.39;1573.8;1.53;27.91;0.47;0.71;2019-05-01;Pre-covid;Pre-covid
2019;05;Cantabria;Frutas frescas;4012.43;6188.2;1.54;97.65;7.12;10.98;2019-05-01;Pre-covid;Pre-covid
2019;05;Cantabria;Naranjas;982.56;1005.11;1.02;61.86;1.74;1.78;2019-05-01;Pre-covid;Pre-covid
2019;05;Cantabria;Mandarinas;195.0;299.14;1.53;40.97;0.35;0.53;2019-05-01;Pre-covid;Pre-covid
2019;05;Cantabria;Limones;59.02;95.49;1.62;30.66;0.1;0.17;2019-05-01;Pre-covid;Pre-covid
2019;05;Cantabria;Platanos;580.91;843.45;1.45;80.77;1.03;1.5;2019-05-01;Pre-covid;Pre-covid
2019;05;Cantabria;Manzanas;530.49;693.42;1.31;65.37;0.94;1.23;2019-05-01;Pre-covid;Pre-covid
2019;05;Cantabria;Peras;183.37;283.68;1.55;44.1;0.33;0.5;2019-05-01;Pre-covid;Pre-covid
2019;05;Cantabria;Melocotones;55.53;119.59;2.15;19.87;0.1;0.21;2019-05-01;Pre-covid;Pre-covid
2019;05;Cantabria;Nectarinas;171.19;295.38;1.73;33.86;0.3;0.52;2019-05-01;Pre-covid;Pre-covid
2019;05;Cantabria;Albaricoques;162.59;294.15;1.81;37.95;0.29;0.52;2019-05-01;Pre-covid;Pre-covid
2019;05;Cantabria;Fresas/freson;331.56;746.46;2.25;62.3;0.59;1.32;2019-05-01;Pre-covid;Pre-covid
2019;05;Cantabria;Melon;105.88;146.22;1.38;24.34;0.19;0.26;2019-05-01;Pre-covid;Pre-covid
2019;05;Cantabria;Sandia;170.42;176.9;1.04;20.71;0.3;0.31;2019-05-01;Pre-covid;Pre-covid
2019;05;Cantabria;Ciruelas;0.0;0.0;0.0;0.0;0.0;0.0;2019-05-01;Pre-covid;Pre-covid
2019;05;Cantabria;Cerezas;47.65;166.54;3.49;22.86;0.08;0.3;2019-05-01;Pre-covid;Pre-covid
2019;05;Cantabria;Uvas;6.66;24.6;3.7;3.43;0.01;0.04;2019-05-01;Pre-covid;Pre-covid
2019;05;Cantabria;Kiwi;132.04;382.17;2.89;27.41;0.23;0.68;2019-05-01;Pre-covid;Pre-covid
2019;05;Cantabria;Aguacate;51.67;178.58;3.46;28.1;0.09;0.32;2019-05-01;Pre-covid;Pre-covid
2019;05;Cantabria;Piña;97.97;108.05;1.1;22.25;0.17;0.19;2019-05-01;Pre-covid;Pre-covid
2019;05;Cantabria;Otras frutas frescas;147.93;329.25;2.23;26.01;0.26;0.58;2019-05-01;Pre-covid;Pre-covid
2019;05;Cantabria;Pomelo;16.96;28.9;1.7;2.15;0.03;0.05;2019-05-01;Pre-covid;Pre-covid
2019;05;Cantabria;Chirimoya;0.0;0.0;0.0;0.0;0.0;0.0;2019-05-01;Pre-covid;Pre-covid
2019;05;Cantabria;Mango;16.65;31.34;1.88;5.78;0.03;0.06;2019-05-01;Pre-covid;Pre-covid
2019;05;Cantabria;Frutas iv gama;172.17;254.93;1.48;32.86;0.31;0.45;2019-05-01;Pre-covid;Pre-covid
2019;05;Castilla la mancha;Frutas frescas;15097.72;21450.49;1.42;95.12;7.2;10.24;2019-05-01;Pre-covid;Pre-covid
2019;05;Castilla la mancha;Naranjas;3328.82;2981.55;0.9;59.54;1.59;1.42;2019-05-01;Pre-covid;Pre-covid
2019;05;Castilla la mancha;Mandarinas;624.73;950.63;1.52;36.41;0.3;0.45;2019-05-01;Pre-covid;Pre-covid
2019;05;Castilla la mancha;Limones;279.8;421.69;1.51;36.85;0.13;0.2;2019-05-01;Pre-covid;Pre-covid
2019;05;Castilla la mancha;Platanos;2335.95;3485.05;1.49;85.84;1.11;1.66;2019-05-01;Pre-covid;Pre-covid
2019;05;Castilla la mancha;Manzanas;1381.75;1973.51;1.43;70.3;0.66;0.94;2019-05-01;Pre-covid;Pre-covid
2019;05;Castilla la mancha;Peras;635.75;952.77;1.5;46.24;0.3;0.45;2019-05-01;Pre-covid;Pre-covid
2019;05;Castilla la mancha;Melocotones;138.62;282.17;2.04;17.52;0.07;0.13;2019-05-01;Pre-covid;Pre-covid
2019;05;Castilla la mancha;Nectarinas;206.46;354.15;1.72;19.86;0.1;0.17;2019-05-01;Pre-covid;Pre-covid
2019;05;Castilla la mancha;Albaricoques;445.69;809.6;1.82;41.13;0.21;0.39;2019-05-01;Pre-covid;Pre-covid
2019;05;Castilla la mancha;Fresas/freson;858.4;1937.46;2.26;55.48;0.41;0.92;2019-05-01;Pre-covid;Pre-covid
2019;05;Castilla la mancha;Melon;644.97;920.36;1.43;27.44;0.31;0.44;2019-05-01;Pre-covid;Pre-covid
2019;05;Castilla la mancha;Sandia;2823.72;2637.94;0.93;53.34;1.35;1.26;2019-05-01;Pre-covid;Pre-covid
2019;05;Castilla la mancha;Ciruelas;51.18;138.1;2.7;6.57;0.02;0.07;2019-05-01;Pre-covid;Pre-covid
2019;05;Castilla la mancha;Cerezas;191.3;730.54;3.82;24.45;0.09;0.35;2019-05-01;Pre-covid;Pre-covid
2019;05;Castilla la mancha;Uvas;64.89;214.31;3.3;10.24;0.03;0.1;2019-05-01;Pre-covid;Pre-covid
2019;05;Castilla la mancha;Kiwi;397.78;1005.54;2.53;36.21;0.19;0.48;2019-05-01;Pre-covid;Pre-covid
2019;05;Castilla la mancha;Aguacate;163.7;566.61;3.46;29.84;0.08;0.27;2019-05-01;Pre-covid;Pre-covid
2019;05;Castilla la mancha;Piña;192.98;248.57;1.29;13.42;0.09;0.12;2019-05-01;Pre-covid;Pre-covid
2019;05;Castilla la mancha;Otras frutas frescas;331.21;839.94;2.54;39.67;0.16;0.4;2019-05-01;Pre-covid;Pre-covid
2019;05;Castilla la mancha;Pomelo;31.4;45.86;1.46;2.85;0.01;0.02;2019-05-01;Pre-covid;Pre-covid
2019;05;Castilla la mancha;Chirimoya;0.0;0.0;0.0;0.0;0.0;0.0;2019-05-01;Pre-covid;Pre-covid
2019;05;Castilla la mancha;Mango;42.81;87.29;2.04;6.27;0.02;0.04;2019-05-01;Pre-covid;Pre-covid
2019;05;Castilla la mancha;Frutas iv gama;546.88;855.25;1.56;25.73;0.26;0.41;2019-05-01;Pre-covid;Pre-covid
2019;05;Castilla leon;Frutas frescas;21900.7;30814.41;1.41;95.5;9.11;12.82;2019-05-01;Pre-covid;Pre-covid
2019;05;Castilla leon;Naranjas;5966.26;5152.09;0.86;67.11;2.48;2.14;2019-05-01;Pre-covid;Pre-covid
2019;05;Castilla leon;Mandarinas;840.82;1143.92;1.36;36.89;0.35;0.48;2019-05-01;Pre-covid;Pre-covid
2019;05;Castilla leon;Limones;454.39;717.24;1.58;34.24;0.19;0.3;2019-05-01;Pre-covid;Pre-covid
2019;05;Castilla leon;Platanos;2860.47;4040.07;1.41;80.47;1.19;1.68;2019-05-01;Pre-covid;Pre-covid
2019;05;Castilla leon;Manzanas;2515.58;3224.34;1.28;66.22;1.05;1.34;2019-05-01;Pre-covid;Pre-covid
2019;05;Castilla leon;Peras;1229.34;1822.54;1.48;58.22;0.51;0.76;2019-05-01;Pre-covid;Pre-covid
2019;05;Castilla leon;Melocotones;251.65;438.52;1.74;18.87;0.1;0.18;2019-05-01;Pre-covid;Pre-covid
2019;05;Castilla leon;Nectarinas;498.32;767.3;1.54;29.82;0.21;0.32;2019-05-01;Pre-covid;Pre-covid
2019;05;Castilla leon;Albaricoques;680.43;1260.06;1.85;31.89;0.28;0.52;2019-05-01;Pre-covid;Pre-covid
2019;05;Castilla leon;Fresas/freson;1323.39;2888.93;2.18;55.77;0.55;1.2;2019-05-01;Pre-covid;Pre-covid
2019;05;Castilla leon;Melon;794.48;1179.5;1.48;25.24;0.33;0.49;2019-05-01;Pre-covid;Pre-covid
2019;05;Castilla leon;Sandia;2112.64;2062.78;0.98;44.13;0.88;0.86;2019-05-01;Pre-covid;Pre-covid
2019;05;Castilla leon;Ciruelas;26.21;61.4;2.34;3.92;0.01;0.03;2019-05-01;Pre-covid;Pre-covid
2019;05;Castilla leon;Cerezas;278.04;848.5;3.05;22.27;0.12;0.35;2019-05-01;Pre-covid;Pre-covid
2019;05;Castilla leon;Uvas;84.16;280.8;3.34;5.48;0.04;0.12;2019-05-01;Pre-covid;Pre-covid
2019;05;Castilla leon;Kiwi;728.71;1871.88;2.57;39.63;0.3;0.78;2019-05-01;Pre-covid;Pre-covid
2019;05;Castilla leon;Aguacate;229.68;803.66;3.5;22.36;0.1;0.33;2019-05-01;Pre-covid;Pre-covid
2019;05;Castilla leon;Piña;553.86;775.57;1.4;24.95;0.23;0.32;2019-05-01;Pre-covid;Pre-covid
2019;05;Castilla leon;Otras frutas frescas;472.27;1475.32;3.12;32.15;0.2;0.61;2019-05-01;Pre-covid;Pre-covid
2019;05;Castilla leon;Pomelo;23.94;42.59;1.78;1.93;0.01;0.02;2019-05-01;Pre-covid;Pre-covid
2019;05;Castilla leon;Chirimoya;0.0;0.0;0.0;0.0;0.0;0.0;2019-05-01;Pre-covid;Pre-covid
2019;05;Castilla leon;Mango;116.66;305.45;2.62;8.58;0.05;0.13;2019-05-01;Pre-covid;Pre-covid
2019;05;Castilla leon;Frutas iv gama;1082.13;1650.15;1.52;30.33;0.45;0.69;2019-05-01;Pre-covid;Pre-covid
2019;05;Cataluña;Frutas frescas;62899.98;105220.97;1.67;96.12;8.79;14.7;2019-05-01;Pre-covid;Pre-covid
2019;05;Cataluña;Naranjas;13922.27;12909.04;0.93;57.76;1.94;1.8;2019-05-01;Pre-covid;Pre-covid
2019;05;Cataluña;Mandarinas;2240.3;3696.21;1.65;32.27;0.31;0.52;2019-05-01;Pre-covid;Pre-covid
2019;05;Cataluña;Limones;2026.09;3052.53;1.51;34.21;0.28;0.43;2019-05-01;Pre-covid;Pre-covid
2019;05;Cataluña;Platanos;8921.58;13837.36;1.55;78.54;1.25;1.93;2019-05-01;Pre-covid;Pre-covid
2019;05;Cataluña;Manzanas;6770.18;10203.77;1.51;67.29;0.95;1.43;2019-05-01;Pre-covid;Pre-covid
2019;05;Cataluña;Peras;3048.92;4836.01;1.59;48.78;0.43;0.68;2019-05-01;Pre-covid;Pre-covid
2019;05;Cataluña;Melocotones;1150.71;2591.07;2.25;27.78;0.16;0.36;2019-05-01;Pre-covid;Pre-covid
2019;05;Cataluña;Nectarinas;757.06;1412.64;1.87;19.88;0.11;0.2;2019-05-01;Pre-covid;Pre-covid
2019;05;Cataluña;Albaricoques;1730.45;3522.36;2.04;42.01;0.24;0.49;2019-05-01;Pre-covid;Pre-covid
2019;05;Cataluña;Fresas/freson;4157.58;10220.39;2.46;63.29;0.58;1.43;2019-05-01;Pre-covid;Pre-covid
2019;05;Cataluña;Melon;2822.75;4508.08;1.6;29.37;0.39;0.63;2019-05-01;Pre-covid;Pre-covid
2019;05;Cataluña;Sandia;6378.9;7137.02;1.12;42.05;0.89;1.0;2019-05-01;Pre-covid;Pre-covid
2019;05;Cataluña;Ciruelas;160.34;372.19;2.32;5.27;0.02;0.05;2019-05-01;Pre-covid;Pre-covid
2019;05;Cataluña;Cerezas;1417.38;6161.83;4.35;34.84;0.2;0.86;2019-05-01;Pre-covid;Pre-covid
2019;05;Cataluña;Uvas;523.12;2111.48;4.04;12.9;0.07;0.29;2019-05-01;Pre-covid;Pre-covid
2019;05;Cataluña;Kiwi;1738.39;4960.24;2.85;39.31;0.24;0.69;2019-05-01;Pre-covid;Pre-covid
2019;05;Cataluña;Aguacate;1078.44;3464.27;3.21;30.64;0.15;0.48;2019-05-01;Pre-covid;Pre-covid
2019;05;Cataluña;Piña;1286.98;2270.12;1.76;23.01;0.18;0.32;2019-05-01;Pre-covid;Pre-covid
2019;05;Cataluña;Otras frutas frescas;2768.53;7954.35;2.87;42.92;0.39;1.11;2019-05-01;Pre-covid;Pre-covid
2019;05;Cataluña;Pomelo;214.52;330.81;1.54;2.51;0.03;0.05;2019-05-01;Pre-covid;Pre-covid
2019;05;Cataluña;Chirimoya;0.0;0.0;0.0;0.0;0.0;0.0;2019-05-01;Pre-covid;Pre-covid
2019;05;Cataluña;Mango;493.89;1176.04;2.38;11.26;0.07;0.16;2019-05-01;Pre-covid;Pre-covid
2019;05;Cataluña;Frutas iv gama;2901.48;5791.71;2.0;34.52;0.41;0.81;2019-05-01;Pre-covid;Pre-covid
2019;05;Extremadura;Frutas frescas;7185.58;10485.52;1.46;93.07;6.1;8.91;2019-05-01;Pre-covid;Pre-covid
2019;05;Extremadura;Naranjas;1597.08;1367.92;0.86;47.0;1.36;1.16;2019-05-01;Pre-covid;Pre-covid
2019;05;Extremadura;Mandarinas;190.99;299.46;1.57;25.35;0.16;0.25;2019-05-01;Pre-covid;Pre-covid
2019;05;Extremadura;Limones;73.27;93.61;1.28;19.54;0.06;0.08;2019-05-01;Pre-covid;Pre-covid
2019;05;Extremadura;Platanos;1075.75;1553.26;1.44;82.38;0.91;1.32;2019-05-01;Pre-covid;Pre-covid
2019;05;Extremadura;Manzanas;846.01;1156.85;1.37;65.38;0.72;0.98;2019-05-01;Pre-covid;Pre-covid
2019;05;Extremadura;Peras;359.55;530.33;1.47;42.32;0.31;0.45;2019-05-01;Pre-covid;Pre-covid
2019;05;Extremadura;Melocotones;99.18;160.41;1.62;15.14;0.08;0.14;2019-05-01;Pre-covid;Pre-covid
2019;05;Extremadura;Nectarinas;83.06;141.32;1.7;15.28;0.07;0.12;2019-05-01;Pre-covid;Pre-covid
2019;05;Extremadura;Albaricoques;267.36;585.52;2.19;23.11;0.23;0.5;2019-05-01;Pre-covid;Pre-covid
2019;05;Extremadura;Fresas/freson;513.39;1202.4;2.34;55.64;0.44;1.02;2019-05-01;Pre-covid;Pre-covid
2019;05;Extremadura;Melon;276.83;353.93;1.28;18.01;0.24;0.3;2019-05-01;Pre-covid;Pre-covid
2019;05;Extremadura;Sandia;1058.11;991.98;0.94;36.4;0.9;0.84;2019-05-01;Pre-covid;Pre-covid
2019;05;Extremadura;Ciruelas;13.14;36.03;2.74;3.68;0.01;0.03;2019-05-01;Pre-covid;Pre-covid
2019;05;Extremadura;Cerezas;138.39;520.68;3.76;23.66;0.12;0.44;2019-05-01;Pre-covid;Pre-covid
2019;05;Extremadura;Uvas;21.57;91.59;4.25;6.27;0.02;0.08;2019-05-01;Pre-covid;Pre-covid
2019;05;Extremadura;Kiwi;213.54;515.72;2.42;32.3;0.18;0.44;2019-05-01;Pre-covid;Pre-covid
2019;05;Extremadura;Aguacate;78.99;237.36;3.0;23.89;0.07;0.2;2019-05-01;Pre-covid;Pre-covid
2019;05;Extremadura;Piña;122.27;232.35;1.9;19.84;0.1;0.2;2019-05-01;Pre-covid;Pre-covid
2019;05;Extremadura;Otras frutas frescas;157.09;414.82;2.64;28.9;0.13;0.35;2019-05-01;Pre-covid;Pre-covid
2019;05;Extremadura;Pomelo;17.72;33.25;1.88;3.7;0.02;0.03;2019-05-01;Pre-covid;Pre-covid
2019;05;Extremadura;Chirimoya;0.0;0.0;0.0;0.0;0.0;0.0;2019-05-01;Pre-covid;Pre-covid
2019;05;Extremadura;Mango;39.85;75.6;1.9;8.42;0.03;0.06;2019-05-01;Pre-covid;Pre-covid
2019;05;Extremadura;Frutas iv gama;672.44;950.41;1.41;27.55;0.57;0.81;2019-05-01;Pre-covid;Pre-covid
2019;05;Galicia;Frutas frescas;26128.19;44403.04;1.7;98.02;9.62;16.35;2019-05-01;Pre-covid;Pre-covid
2019;05;Galicia;Naranjas;5688.09;5029.87;0.88;61.75;2.09;1.85;2019-05-01;Pre-covid;Pre-covid
2019;05;Galicia;Mandarinas;1054.17;1628.31;1.54;41.46;0.39;0.6;2019-05-01;Pre-covid;Pre-covid
2019;05;Galicia;Limones;541.23;786.1;1.45;37.86;0.2;0.29;2019-05-01;Pre-covid;Pre-covid
2019;05;Galicia;Platanos;3994.03;6266.9;1.57;87.58;1.47;2.31;2019-05-01;Pre-covid;Pre-covid
2019;05;Galicia;Manzanas;3254.32;4800.05;1.47;77.13;1.2;1.77;2019-05-01;Pre-covid;Pre-covid
2019;05;Galicia;Peras;1147.61;1902.81;1.66;44.37;0.42;0.7;2019-05-01;Pre-covid;Pre-covid
2019;05;Galicia;Melocotones;483.59;849.62;1.76;27.43;0.18;0.31;2019-05-01;Pre-covid;Pre-covid
2019;05;Galicia;Nectarinas;1098.32;2086.79;1.9;45.32;0.4;0.77;2019-05-01;Pre-covid;Pre-covid
2019;05;Galicia;Albaricoques;527.43;1122.32;2.13;36.12;0.19;0.41;2019-05-01;Pre-covid;Pre-covid
2019;05;Galicia;Fresas/freson;1700.02;4166.89;2.45;61.94;0.63;1.53;2019-05-01;Pre-covid;Pre-covid
2019;05;Galicia;Melon;839.49;1374.7;1.64;32.75;0.31;0.51;2019-05-01;Pre-covid;Pre-covid
2019;05;Galicia;Sandia;1571.59;1607.56;1.02;38.95;0.58;0.59;2019-05-01;Pre-covid;Pre-covid
2019;05;Galicia;Ciruelas;81.0;188.88;2.33;11.64;0.03;0.07;2019-05-01;Pre-covid;Pre-covid
2019;05;Galicia;Cerezas;1277.11;4933.85;3.86;29.89;0.47;1.82;2019-05-01;Pre-covid;Pre-covid
2019;05;Galicia;Uvas;219.43;735.96;3.35;16.31;0.08;0.27;2019-05-01;Pre-covid;Pre-covid
2019;05;Galicia;Kiwi;922.2;2310.15;2.51;40.94;0.34;0.85;2019-05-01;Pre-covid;Pre-covid
2019;05;Galicia;Aguacate;298.67;957.7;3.21;25.3;0.11;0.35;2019-05-01;Pre-covid;Pre-covid
2019;05;Galicia;Piña;575.91;1050.88;1.82;18.68;0.21;0.39;2019-05-01;Pre-covid;Pre-covid
2019;05;Galicia;Otras frutas frescas;853.95;2603.71;3.05;48.59;0.31;0.96;2019-05-01;Pre-covid;Pre-covid
2019;05;Galicia;Pomelo;58.46;90.33;1.55;5.68;0.02;0.03;2019-05-01;Pre-covid;Pre-covid
2019;05;Galicia;Chirimoya;0.0;0.0;0.0;0.0;0.0;0.0;2019-05-01;Pre-covid;Pre-covid
2019;05;Galicia;Mango;123.21;299.17;2.43;9.5;0.05;0.11;2019-05-01;Pre-covid;Pre-covid
2019;05;Galicia;Frutas iv gama;841.83;1672.59;1.99;23.56;0.31;0.62;2019-05-01;Pre-covid;Pre-covid
2019;05;La rioja;Frutas frescas;2347.38;3919.47;1.67;99.43;7.24;12.1;2019-05-01;Pre-covid;Pre-covid
2019;05;La rioja;Naranjas;535.07;523.23;0.98;56.74;1.65;1.61;2019-05-01;Pre-covid;Pre-covid
2019;05;La rioja;Mandarinas;185.78;251.45;1.35;53.76;0.57;0.78;2019-05-01;Pre-covid;Pre-covid
2019;05;La rioja;Limones;62.5;98.59;1.58;49.6;0.19;0.3;2019-05-01;Pre-covid;Pre-covid
2019;05;La rioja;Platanos;318.37;558.42;1.75;91.83;0.98;1.72;2019-05-01;Pre-covid;Pre-covid
2019;05;La rioja;Manzanas;259.36;369.72;1.43;62.83;0.8;1.14;2019-05-01;Pre-covid;Pre-covid
2019;05;La rioja;Peras;101.68;140.43;1.38;57.68;0.31;0.43;2019-05-01;Pre-covid;Pre-covid
2019;05;La rioja;Melocotones;9.26;17.6;1.9;6.09;0.03;0.05;2019-05-01;Pre-covid;Pre-covid
2019;05;La rioja;Nectarinas;37.6;80.69;2.15;29.06;0.12;0.25;2019-05-01;Pre-covid;Pre-covid
2019;05;La rioja;Albaricoques;36.74;77.85;2.12;30.43;0.11;0.24;2019-05-01;Pre-covid;Pre-covid
2019;05;La rioja;Fresas/freson;156.77;370.11;2.36;49.24;0.48;1.14;2019-05-01;Pre-covid;Pre-covid
2019;05;La rioja;Melon;108.67;159.43;1.47;30.33;0.34;0.49;2019-05-01;Pre-covid;Pre-covid
2019;05;La rioja;Sandia;156.07;159.01;1.02;32.55;0.48;0.49;2019-05-01;Pre-covid;Pre-covid
2019;05;La rioja;Ciruelas;6.85;20.28;2.96;10.68;0.02;0.06;2019-05-01;Pre-covid;Pre-covid
2019;05;La rioja;Cerezas;73.75;285.95;3.88;19.48;0.23;0.88;2019-05-01;Pre-covid;Pre-covid
2019;05;La rioja;Uvas;0.95;3.71;3.92;1.57;0.0;0.01;2019-05-01;Pre-covid;Pre-covid
2019;05;La rioja;Kiwi;77.44;254.43;3.29;40.72;0.24;0.79;2019-05-01;Pre-covid;Pre-covid
2019;05;La rioja;Aguacate;83.59;254.48;3.04;38.23;0.26;0.79;2019-05-01;Pre-covid;Pre-covid
2019;05;La rioja;Piña;70.1;114.45;1.63;22.44;0.22;0.35;2019-05-01;Pre-covid;Pre-covid
2019;05;La rioja;Otras frutas frescas;66.83;179.63;2.69;33.13;0.21;0.55;2019-05-01;Pre-covid;Pre-covid
2019;05;La rioja;Pomelo;19.96;44.71;2.24;5.46;0.06;0.14;2019-05-01;Pre-covid;Pre-covid
2019;05;La rioja;Chirimoya;0.0;0.0;0.0;0.0;0.0;0.0;2019-05-01;Pre-covid;Pre-covid
2019;05;La rioja;Mango;2.06;2.65;1.29;1.54;0.01;0.01;2019-05-01;Pre-covid;Pre-covid
2019;05;La rioja;Frutas iv gama;51.01;79.92;1.57;18.21;0.16;0.25;2019-05-01;Pre-covid;Pre-covid
2019;05;Madrid;Frutas frescas;51138.28;79142.15;1.55;96.58;8.08;12.51;2019-05-01;Pre-covid;Pre-covid
2019;05;Madrid;Naranjas;11627.48;10879.19;0.94;58.56;1.84;1.72;2019-05-01;Pre-covid;Pre-covid
2019;05;Madrid;Mandarinas;2131.32;3287.54;1.54;34.07;0.34;0.52;2019-05-01;Pre-covid;Pre-covid
2019;05;Madrid;Limones;1290.22;2012.66;1.56;39.97;0.2;0.32;2019-05-01;Pre-covid;Pre-covid
2019;05;Madrid;Platanos;7038.29;10867.03;1.54;82.84;1.11;1.72;2019-05-01;Pre-covid;Pre-covid
2019;05;Madrid;Manzanas;4900.13;7346.41;1.5;62.12;0.77;1.16;2019-05-01;Pre-covid;Pre-covid
2019;05;Madrid;Peras;2726.48;4099.3;1.5;47.32;0.43;0.65;2019-05-01;Pre-covid;Pre-covid
2019;05;Madrid;Melocotones;585.1;1226.95;2.1;19.08;0.09;0.19;2019-05-01;Pre-covid;Pre-covid
2019;05;Madrid;Nectarinas;751.22;1210.97;1.61;20.06;0.12;0.19;2019-05-01;Pre-covid;Pre-covid
2019;05;Madrid;Albaricoques;1968.32;3551.66;1.8;44.49;0.31;0.56;2019-05-01;Pre-covid;Pre-covid
2019;05;Madrid;Fresas/freson;3180.73;7129.72;2.24;60.36;0.5;1.13;2019-05-01;Pre-covid;Pre-covid
2019;05;Madrid;Melon;2142.44;3047.62;1.42;30.15;0.34;0.48;2019-05-01;Pre-covid;Pre-covid
2019;05;Madrid;Sandia;6115.4;5755.31;0.94;41.11;0.97;0.91;2019-05-01;Pre-covid;Pre-covid
2019;05;Madrid;Ciruelas;119.83;279.4;2.33;6.31;0.02;0.04;2019-05-01;Pre-covid;Pre-covid
2019;05;Madrid;Cerezas;925.89;3382.24;3.65;29.86;0.15;0.53;2019-05-01;Pre-covid;Pre-covid
2019;05;Madrid;Uvas;269.63;1122.54;4.16;11.0;0.04;0.18;2019-05-01;Pre-covid;Pre-covid
2019;05;Madrid;Kiwi;1557.58;4250.92;2.73;38.81;0.25;0.67;2019-05-01;Pre-covid;Pre-covid
2019;05;Madrid;Aguacate;670.04;2563.72;3.83;27.35;0.11;0.41;2019-05-01;Pre-covid;Pre-covid
2019;05;Madrid;Piña;1062.1;1684.3;1.59;17.95;0.17;0.27;2019-05-01;Pre-covid;Pre-covid
2019;05;Madrid;Otras frutas frescas;2076.09;5444.67;2.62;44.94;0.33;0.86;2019-05-01;Pre-covid;Pre-covid
2019;05;Madrid;Pomelo;96.97;162.88;1.68;3.62;0.02;0.03;2019-05-01;Pre-covid;Pre-covid
2019;05;Madrid;Chirimoya;0.0;0.0;0.0;0.0;0.0;0.0;2019-05-01;Pre-covid;Pre-covid
2019;05;Madrid;Mango;384.93;820.83;2.13;11.03;0.06;0.13;2019-05-01;Pre-covid;Pre-covid
2019;05;Madrid;Frutas iv gama;2302.8;3881.9;1.69;31.41;0.36;0.61;2019-05-01;Pre-covid;Pre-covid
2019;05;Murcia;Frutas frescas;11688.31;17246.18;1.48;95.46;8.12;11.98;2019-05-01;Pre-covid;Pre-covid
2019;05;Murcia;Naranjas;2660.68;2466.18;0.93;45.09;1.85;1.71;2019-05-01;Pre-covid;Pre-covid
2019;05;Murcia;Mandarinas;310.04;473.46;1.53;27.21;0.22;0.33;2019-05-01;Pre-covid;Pre-covid
2019;05;Murcia;Limones;442.31;554.14;1.25;32.39;0.31;0.38;2019-05-01;Pre-covid;Pre-covid
2019;05;Murcia;Platanos;1595.8;2308.27;1.45;79.52;1.11;1.6;2019-05-01;Pre-covid;Pre-covid
2019;05;Murcia;Manzanas;984.69;1383.72;1.41;60.01;0.68;0.96;2019-05-01;Pre-covid;Pre-covid
2019;05;Murcia;Peras;467.39;789.62;1.69;46.19;0.32;0.55;2019-05-01;Pre-covid;Pre-covid
2019;05;Murcia;Melocotones;227.05;459.04;2.02;17.62;0.16;0.32;2019-05-01;Pre-covid;Pre-covid
2019;05;Murcia;Nectarinas;39.1;70.28;1.8;7.13;0.03;0.05;2019-05-01;Pre-covid;Pre-covid
2019;05;Murcia;Albaricoques;484.2;1047.2;2.16;42.68;0.34;0.73;2019-05-01;Pre-covid;Pre-covid
2019;05;Murcia;Fresas/freson;478.0;1109.72;2.32;57.27;0.33;0.77;2019-05-01;Pre-covid;Pre-covid
2019;05;Murcia;Melon;597.99;824.58;1.38;34.04;0.42;0.57;2019-05-01;Pre-covid;Pre-covid
2019;05;Murcia;Sandia;1914.33;1662.83;0.87;50.3;1.33;1.15;2019-05-01;Pre-covid;Pre-covid
2019;05;Murcia;Ciruelas;27.79;66.21;2.38;11.77;0.02;0.05;2019-05-01;Pre-covid;Pre-covid
2019;05;Murcia;Cerezas;138.5;508.53;3.67;31.35;0.1;0.35;2019-05-01;Pre-covid;Pre-covid
2019;05;Murcia;Uvas;71.77;305.53;4.26;12.23;0.05;0.21;2019-05-01;Pre-covid;Pre-covid
2019;05;Murcia;Kiwi;153.41;468.86;3.06;31.53;0.11;0.33;2019-05-01;Pre-covid;Pre-covid
2019;05;Murcia;Aguacate;124.51;426.9;3.43;32.36;0.09;0.3;2019-05-01;Pre-covid;Pre-covid
2019;05;Murcia;Piña;384.58;605.08;1.57;22.91;0.27;0.42;2019-05-01;Pre-covid;Pre-covid
2019;05;Murcia;Otras frutas frescas;586.18;1716.05;2.93;34.31;0.41;1.19;2019-05-01;Pre-covid;Pre-covid
2019;05;Murcia;Pomelo;22.92;25.57;1.12;1.23;0.02;0.02;2019-05-01;Pre-covid;Pre-covid
2019;05;Murcia;Chirimoya;0.0;0.0;0.0;0.0;0.0;0.0;2019-05-01;Pre-covid;Pre-covid
2019;05;Murcia;Mango;23.62;58.85;2.49;7.34;0.02;0.04;2019-05-01;Pre-covid;Pre-covid
2019;05;Murcia;Frutas iv gama;366.55;695.51;1.9;28.4;0.25;0.48;2019-05-01;Pre-covid;Pre-covid
2019;05;Navarra;Frutas frescas;4709.89;7413.02;1.57;95.32;7.88;12.4;2019-05-01;Pre-covid;Pre-covid
2019;05;Navarra;Naranjas;1184.23;1094.18;0.92;52.31;1.98;1.83;2019-05-01;Pre-covid;Pre-covid
2019;05;Navarra;Mandarinas;208.76;356.45;1.71;35.31;0.35;0.6;2019-05-01;Pre-covid;Pre-covid
2019;05;Navarra;Limones;96.31;151.65;1.57;46.2;0.16;0.25;2019-05-01;Pre-covid;Pre-covid
2019;05;Navarra;Platanos;716.5;1152.02;1.61;75.46;1.2;1.93;2019-05-01;Pre-covid;Pre-covid
2019;05;Navarra;Manzanas;580.89;831.85;1.43;72.65;0.97;1.39;2019-05-01;Pre-covid;Pre-covid
2019;05;Navarra;Peras;154.23;253.0;1.64;35.45;0.26;0.42;2019-05-01;Pre-covid;Pre-covid
2019;05;Navarra;Melocotones;35.82;90.13;2.52;10.36;0.06;0.15;2019-05-01;Pre-covid;Pre-covid
2019;05;Navarra;Nectarinas;90.24;157.26;1.74;29.93;0.15;0.26;2019-05-01;Pre-covid;Pre-covid
2019;05;Navarra;Albaricoques;86.98;177.1;2.04;27.44;0.15;0.3;2019-05-01;Pre-covid;Pre-covid
2019;05;Navarra;Fresas/freson;471.68;1012.32;2.15;61.57;0.79;1.69;2019-05-01;Pre-covid;Pre-covid
2019;05;Navarra;Melon;123.22;171.87;1.39;28.41;0.21;0.29;2019-05-01;Pre-covid;Pre-covid
2019;05;Navarra;Sandia;281.83;273.74;0.97;24.56;0.47;0.46;2019-05-01;Pre-covid;Pre-covid
2019;05;Navarra;Ciruelas;6.9;10.35;1.5;1.53;0.01;0.02;2019-05-01;Pre-covid;Pre-covid
2019;05;Navarra;Cerezas;47.42;212.05;4.47;20.52;0.08;0.35;2019-05-01;Pre-covid;Pre-covid
2019;05;Navarra;Uvas;36.07;65.92;1.83;6.02;0.06;0.11;2019-05-01;Pre-covid;Pre-covid
2019;05;Navarra;Kiwi;176.66;497.57;2.82;37.59;0.3;0.83;2019-05-01;Pre-covid;Pre-covid
2019;05;Navarra;Aguacate;76.48;236.6;3.09;38.05;0.13;0.4;2019-05-01;Pre-covid;Pre-covid
2019;05;Navarra;Piña;201.75;324.52;1.61;24.76;0.34;0.54;2019-05-01;Pre-covid;Pre-covid
2019;05;Navarra;Otras frutas frescas;133.91;344.43;2.57;32.27;0.22;0.58;2019-05-01;Pre-covid;Pre-covid
2019;05;Navarra;Pomelo;20.01;29.78;1.49;4.17;0.03;0.05;2019-05-01;Pre-covid;Pre-covid
2019;05;Navarra;Chirimoya;0.0;0.0;0.0;0.0;0.0;0.0;2019-05-01;Pre-covid;Pre-covid
2019;05;Navarra;Mango;26.42;63.93;2.42;10.29;0.04;0.11;2019-05-01;Pre-covid;Pre-covid
2019;05;Navarra;Frutas iv gama;382.83;715.41;1.87;42.6;0.64;1.2;2019-05-01;Pre-covid;Pre-covid
2019;05;Pais vasco;Frutas frescas;20308.1;33313.44;1.64;98.14;9.61;15.76;2019-05-01;Pre-covid;Pre-covid
2019;05;Pais vasco;Naranjas;4333.24;4337.73;1.0;62.82;2.05;2.05;2019-05-01;Pre-covid;Pre-covid
2019;05;Pais vasco;Mandarinas;1151.16;1720.69;1.49;38.33;0.54;0.81;2019-05-01;Pre-covid;Pre-covid
2019;05;Pais vasco;Limones;360.62;601.03;1.67;44.31;0.17;0.28;2019-05-01;Pre-covid;Pre-covid
2019;05;Pais vasco;Platanos;2866.34;4751.91;1.66;83.48;1.36;2.25;2019-05-01;Pre-covid;Pre-covid
2019;05;Pais vasco;Manzanas;2549.75;3595.44;1.41;71.43;1.21;1.7;2019-05-01;Pre-covid;Pre-covid
2019;05;Pais vasco;Peras;1050.15;1563.65;1.49;46.57;0.5;0.74;2019-05-01;Pre-covid;Pre-covid
2019;05;Pais vasco;Melocotones;240.75;618.01;2.57;24.24;0.11;0.29;2019-05-01;Pre-covid;Pre-covid
2019;05;Pais vasco;Nectarinas;711.28;1185.91;1.67;40.1;0.34;0.56;2019-05-01;Pre-covid;Pre-covid
2019;05;Pais vasco;Albaricoques;718.82;1459.64;2.03;45.6;0.34;0.69;2019-05-01;Pre-covid;Pre-covid
2019;05;Pais vasco;Fresas/freson;1421.58;3208.0;2.26;67.55;0.67;1.52;2019-05-01;Pre-covid;Pre-covid
2019;05;Pais vasco;Melon;576.08;890.04;1.54;25.1;0.27;0.42;2019-05-01;Pre-covid;Pre-covid
2019;05;Pais vasco;Sandia;1278.68;1251.13;0.98;34.16;0.6;0.59;2019-05-01;Pre-covid;Pre-covid
2019;05;Pais vasco;Ciruelas;46.85;123.92;2.64;8.45;0.02;0.06;2019-05-01;Pre-covid;Pre-covid
2019;05;Pais vasco;Cerezas;440.12;1785.59;4.06;39.52;0.21;0.84;2019-05-01;Pre-covid;Pre-covid
2019;05;Pais vasco;Uvas;85.94;334.47;3.89;9.51;0.04;0.16;2019-05-01;Pre-covid;Pre-covid
2019;05;Pais vasco;Kiwi;829.35;2115.69;2.55;46.64;0.39;1.0;2019-05-01;Pre-covid;Pre-covid
2019;05;Pais vasco;Aguacate;251.45;807.7;3.21;28.42;0.12;0.38;2019-05-01;Pre-covid;Pre-covid
2019;05;Pais vasco;Piña;426.53;671.16;1.57;22.31;0.2;0.32;2019-05-01;Pre-covid;Pre-covid
2019;05;Pais vasco;Otras frutas frescas;969.4;2291.77;2.36;48.11;0.46;1.08;2019-05-01;Pre-covid;Pre-covid
2019;05;Pais vasco;Pomelo;189.8;329.12;1.73;6.11;0.09;0.16;2019-05-01;Pre-covid;Pre-covid
2019;05;Pais vasco;Chirimoya;1.5;4.5;2.99;0.18;0.0;0.0;2019-05-01;Pre-covid;Pre-covid
2019;05;Pais vasco;Mango;208.56;329.14;1.58;9.95;0.1;0.16;2019-05-01;Pre-covid;Pre-covid
2019;05;Pais vasco;Frutas iv gama;1081.31;1669.43;1.54;28.83;0.51;0.79;2019-05-01;Pre-covid;Pre-covid
2019;05;Valencia;Frutas frescas;37142.1;56931.92;1.53;96.09;7.65;11.72;2019-05-01;Pre-covid;Pre-covid
2019;05;Valencia;Naranjas;7185.39;6473.57;0.9;43.99;1.48;1.33;2019-05-01;Pre-covid;Pre-covid
2019;05;Valencia;Mandarinas;784.8;1165.07;1.48;20.72;0.16;0.24;2019-05-01;Pre-covid;Pre-covid
2019;05;Valencia;Limones;611.33;929.22;1.52;24.48;0.13;0.19;2019-05-01;Pre-covid;Pre-covid
2019;05;Valencia;Platanos;6087.69;8633.86;1.42;83.66;1.25;1.78;2019-05-01;Pre-covid;Pre-covid
2019;05;Valencia;Manzanas;4058.91;5830.02;1.44;66.46;0.84;1.2;2019-05-01;Pre-covid;Pre-covid
2019;05;Valencia;Peras;1776.44;2812.18;1.58;45.38;0.37;0.58;2019-05-01;Pre-covid;Pre-covid
2019;05;Valencia;Melocotones;746.21;1322.98;1.77;22.35;0.15;0.27;2019-05-01;Pre-covid;Pre-covid
2019;05;Valencia;Nectarinas;580.19;882.73;1.52;16.84;0.12;0.18;2019-05-01;Pre-covid;Pre-covid
2019;05;Valencia;Albaricoques;1247.68;2313.65;1.85;35.94;0.26;0.48;2019-05-01;Pre-covid;Pre-covid
2019;05;Valencia;Fresas/freson;2392.1;5438.69;2.27;65.62;0.49;1.12;2019-05-01;Pre-covid;Pre-covid
2019;05;Valencia;Melon;1387.8;2105.64;1.52;22.35;0.29;0.43;2019-05-01;Pre-covid;Pre-covid
2019;05;Valencia;Sandia;5100.33;4995.24;0.98;46.47;1.05;1.03;2019-05-01;Pre-covid;Pre-covid
2019;05;Valencia;Ciruelas;103.2;232.21;2.25;6.89;0.02;0.05;2019-05-01;Pre-covid;Pre-covid
2019;05;Valencia;Cerezas;655.82;2715.51;4.14;25.8;0.14;0.56;2019-05-01;Pre-covid;Pre-covid
2019;05;Valencia;Uvas;269.41;863.06;3.2;8.62;0.06;0.18;2019-05-01;Pre-covid;Pre-covid
2019;05;Valencia;Kiwi;960.83;2608.94;2.72;40.43;0.2;0.54;2019-05-01;Pre-covid;Pre-covid
2019;05;Valencia;Aguacate;633.56;2127.94;3.36;34.32;0.13;0.44;2019-05-01;Pre-covid;Pre-covid
2019;05;Valencia;Piña;900.79;1189.56;1.32;21.99;0.19;0.24;2019-05-01;Pre-covid;Pre-covid
2019;05;Valencia;Otras frutas frescas;1659.6;4291.86;2.59;42.99;0.34;0.88;2019-05-01;Pre-covid;Pre-covid
2019;05;Valencia;Pomelo;129.99;213.01;1.64;2.79;0.03;0.04;2019-05-01;Pre-covid;Pre-covid
2019;05;Valencia;Chirimoya;5.6;38.62;6.89;0.11;0.0;0.01;2019-05-01;Pre-covid;Pre-covid
2019;05;Valencia;Mango;164.62;439.18;2.67;7.92;0.03;0.09;2019-05-01;Pre-covid;Pre-covid
2019;05;Valencia;Frutas iv gama;1780.88;2933.54;1.65;33.89;0.37;0.6;2019-05-01;Pre-covid;Pre-covid
2019;06;Nacional;Patatas;101392.61;98681.52;0.97;78.07;2.2;2.14;2019-06-01;Pre-covid;Pre-covid
2019;06;Nacional;Patatas frescas;72504.11;66855.12;0.92;63.0;1.57;1.45;2019-06-01;Pre-covid;Pre-covid
2019;06;Nacional;Patatas congeladas;3160.06;3982.17;1.26;9.68;0.07;0.09;2019-06-01;Pre-covid;Pre-covid
2019;06;Nacional;Patatas procesadas;5145.69;27844.23;5.41;47.75;0.11;0.6;2019-06-01;Pre-covid;Pre-covid
2019;06;Nacional;Patatas fritas;4407.35;26763.15;6.07;46.22;0.1;0.58;2019-06-01;Pre-covid;Pre-covid
2019;06;Nacional;Hortalizas frescas;218983.07;400928.82;1.83;96.64;4.75;8.69;2019-06-01;Pre-covid;Pre-covid
2019;06;Nacional;Omates;59844.82;94387.51;1.58;82.89;1.3;2.05;2019-06-01;Pre-covid;Pre-covid
2019;06;Nacional;Cebollas;26750.28;35809.58;1.34;67.36;0.58;0.78;2019-06-01;Pre-covid;Pre-covid
2019;06;Nacional;Ajos;2697.26;10311.1;3.82;31.94;0.06;0.22;2019-06-01;Pre-covid;Pre-covid
2019;06;Nacional;Coles;4056.14;4625.53;1.14;13.06;0.09;0.1;2019-06-01;Pre-covid;Pre-covid
2019;06;Nacional;Pepinos;11938.75;14649.36;1.23;47.18;0.26;0.32;2019-06-01;Pre-covid;Pre-covid
2019;06;Nacional;Judias verdes;6284.49;19870.88;3.16;29.51;0.14;0.43;2019-06-01;Pre-covid;Pre-covid
2019;06;Nacional;Pimientos;18234.67;37015.1;2.03;66.32;0.4;0.8;2019-06-01;Pre-covid;Pre-covid
2019;06;Nacional;Champiñoneso setas;4468.85;16482.8;3.69;34.2;0.1;0.36;2019-06-01;Pre-covid;Pre-covid
2019;06;Nacional;Lechuga/esc /endivia;17547.01;45469.6;2.59;67.76;0.38;0.99;2019-06-01;Pre-covid;Pre-covid
2019;06;Nacional;Esparragos;2862.48;7078.54;2.47;13.25;0.06;0.15;2019-06-01;Pre-covid;Pre-covid
2019;06;Nacional;Verduras de hoja;3803.09;9478.95;2.49;23.34;0.08;0.21;2019-06-01;Pre-covid;Pre-covid
2019;06;Nacional;Berenjenas;5895.82;8399.68;1.42;30.02;0.13;0.18;2019-06-01;Pre-covid;Pre-covid
2019;06;Nacional;Zanahorias;12206.94;11452.29;0.94;53.08;0.26;0.25;2019-06-01;Pre-covid;Pre-covid
2019;06;Nacional;Calabacines;15205.99;19691.12;1.29;50.53;0.33;0.43;2019-06-01;Pre-covid;Pre-covid
2019;06;Nacional;Otr hortalizas/verd ;27186.48;66206.78;2.44;68.72;0.59;1.44;2019-06-01;Pre-covid;Pre-covid
2019;06;Nacional;Brocoli;3852.75;6861.76;1.78;18.63;0.08;0.15;2019-06-01;Pre-covid;Pre-covid
2019;06;Nacional;Alcachofas;2393.5;4406.32;1.84;11.54;0.05;0.1;2019-06-01;Pre-covid;Pre-covid
2019;06;Nacional;Apio;2071.82;2919.83;1.41;9.88;0.04;0.06;2019-06-01;Pre-covid;Pre-covid
2019;06;Nacional;Coliflor;1384.2;2425.99;1.75;6.27;0.03;0.05;2019-06-01;Pre-covid;Pre-covid
2019;06;Nacional;Verd /hort  iv gama;25948.55;66573.34;2.57;65.63;0.56;1.44;2019-06-01;Pre-covid;Pre-covid
2019;06;Nacional;Puerro;3345.98;9179.96;2.74;24.38;0.07;0.2;2019-06-01;Pre-covid;Pre-covid
2019;06;Andalucia;Patatas;19918.1;19192.65;0.96;81.81;2.29;2.21;2019-06-01;Pre-covid;Pre-covid
2019;06;Andalucia;Patatas frescas;13833.03;12434.91;0.9;61.32;1.59;1.43;2019-06-01;Pre-covid;Pre-covid
2019;06;Andalucia;Patatas congeladas;763.78;935.52;1.22;13.24;0.09;0.11;2019-06-01;Pre-covid;Pre-covid
2019;06;Andalucia;Patatas procesadas;1064.26;5822.22;5.47;54.71;0.12;0.67;2019-06-01;Pre-covid;Pre-covid
2019;06;Andalucia;Patatas fritas;947.26;5638.86;5.95;52.82;0.11;0.65;2019-06-01;Pre-covid;Pre-covid
2019;06;Andalucia;Hortalizas frescas;40064.63;67225.72;1.68;97.14;4.61;7.74;2019-06-01;Pre-covid;Pre-covid
2019;06;Andalucia;Omates;13246.77;18335.37;1.38;84.21;1.53;2.11;2019-06-01;Pre-covid;Pre-covid
2019;06;Andalucia;Cebollas;4828.21;5885.92;1.22;69.03;0.56;0.68;2019-06-01;Pre-covid;Pre-covid
2019;06;Andalucia;Ajos;704.22;2381.33;3.38;35.29;0.08;0.27;2019-06-01;Pre-covid;Pre-covid
2019;06;Andalucia;Coles;333.87;389.47;1.17;8.13;0.04;0.04;2019-06-01;Pre-covid;Pre-covid
2019;06;Andalucia;Pepinos;2412.21;2952.58;1.22;48.21;0.28;0.34;2019-06-01;Pre-covid;Pre-covid
2019;06;Andalucia;Judias verdes;694.18;2248.57;3.24;22.14;0.08;0.26;2019-06-01;Pre-covid;Pre-covid
2019;06;Andalucia;Pimientos;3462.63;6488.43;1.87;67.86;0.4;0.75;2019-06-01;Pre-covid;Pre-covid
2019;06;Andalucia;Champiñoneso setas;687.35;2536.1;3.69;31.55;0.08;0.29;2019-06-01;Pre-covid;Pre-covid
2019;06;Andalucia;Lechuga/esc /endivia;3039.17;7399.46;2.43;70.0;0.35;0.85;2019-06-01;Pre-covid;Pre-covid
2019;06;Andalucia;Esparragos;312.81;741.89;2.37;9.94;0.04;0.09;2019-06-01;Pre-covid;Pre-covid
2019;06;Andalucia;Verduras de hoja;487.07;1324.36;2.72;20.64;0.06;0.15;2019-06-01;Pre-covid;Pre-covid
2019;06;Andalucia;Berenjenas;1233.53;1733.0;1.4;35.15;0.14;0.2;2019-06-01;Pre-covid;Pre-covid
2019;06;Andalucia;Zanahorias;2028.28;1791.96;0.88;50.2;0.23;0.21;2019-06-01;Pre-covid;Pre-covid
2019;06;Andalucia;Calabacines;2744.19;3626.0;1.32;47.44;0.32;0.42;2019-06-01;Pre-covid;Pre-covid
2019;06;Andalucia;Otr hortalizas/verd ;3850.14;9391.28;2.44;65.94;0.44;1.08;2019-06-01;Pre-covid;Pre-covid
2019;06;Andalucia;Brocoli;477.63;923.73;1.93;17.66;0.06;0.11;2019-06-01;Pre-covid;Pre-covid
2019;06;Andalucia;Alcachofas;302.32;501.17;1.66;12.12;0.03;0.06;2019-06-01;Pre-covid;Pre-covid
2019;06;Andalucia;Apio;267.19;388.73;1.45;8.56;0.03;0.04;2019-06-01;Pre-covid;Pre-covid
2019;06;Andalucia;Coliflor;255.96;407.13;1.59;7.38;0.03;0.05;2019-06-01;Pre-covid;Pre-covid
2019;06;Andalucia;Verd /hort  iv gama;5044.3;11384.71;2.26;66.26;0.58;1.31;2019-06-01;Pre-covid;Pre-covid
2019;06;Andalucia;Puerro;549.35;1466.54;2.67;23.73;0.06;0.17;2019-06-01;Pre-covid;Pre-covid
2019;06;Aragon;Patatas;2935.12;2755.29;0.94;82.66;2.24;2.1;2019-06-01;Pre-covid;Pre-covid
2019;06;Aragon;Patatas frescas;2384.06;2104.31;0.88;69.86;1.82;1.61;2019-06-01;Pre-covid;Pre-covid
2019;06;Aragon;Patatas congeladas;43.11;60.45;1.4;7.61;0.03;0.05;2019-06-01;Pre-covid;Pre-covid
2019;06;Aragon;Patatas procesadas;101.59;590.54;5.81;38.89;0.08;0.45;2019-06-01;Pre-covid;Pre-covid
2019;06;Aragon;Patatas fritas;89.92;572.36;6.37;36.84;0.07;0.44;2019-06-01;Pre-covid;Pre-covid
2019;06;Aragon;Hortalizas frescas;8357.59;15262.53;1.83;97.69;6.38;11.65;2019-06-01;Pre-covid;Pre-covid
2019;06;Aragon;Omates;1746.8;2731.69;1.56;89.43;1.33;2.09;2019-06-01;Pre-covid;Pre-covid
2019;06;Aragon;Cebollas;909.13;1468.76;1.62;66.39;0.69;1.12;2019-06-01;Pre-covid;Pre-covid
2019;06;Aragon;Ajos;77.32;343.93;4.45;19.7;0.06;0.26;2019-06-01;Pre-covid;Pre-covid
2019;06;Aragon;Coles;108.23;140.88;1.3;13.27;0.08;0.11;2019-06-01;Pre-covid;Pre-covid
2019;06;Aragon;Pepinos;451.4;530.15;1.17;50.29;0.34;0.4;2019-06-01;Pre-covid;Pre-covid
2019;06;Aragon;Judias verdes;368.16;1065.34;2.89;51.33;0.28;0.81;2019-06-01;Pre-covid;Pre-covid
2019;06;Aragon;Pimientos;539.6;1045.67;1.94;69.76;0.41;0.8;2019-06-01;Pre-covid;Pre-covid
2019;06;Aragon;Champiñoneso setas;150.22;557.75;3.71;41.6;0.11;0.43;2019-06-01;Pre-covid;Pre-covid
2019;06;Aragon;Lechuga/esc /endivia;650.87;1717.48;2.64;75.46;0.5;1.31;2019-06-01;Pre-covid;Pre-covid
2019;06;Aragon;Esparragos;139.82;403.71;2.89;20.8;0.11;0.31;2019-06-01;Pre-covid;Pre-covid
2019;06;Aragon;Verduras de hoja;357.36;590.31;1.65;23.68;0.27;0.45;2019-06-01;Pre-covid;Pre-covid
2019;06;Aragon;Berenjenas;173.02;233.78;1.35;30.63;0.13;0.18;2019-06-01;Pre-covid;Pre-covid
2019;06;Aragon;Zanahorias;342.77;325.43;0.95;51.39;0.26;0.25;2019-06-01;Pre-covid;Pre-covid
2019;06;Aragon;Calabacines;673.86;794.58;1.18;57.86;0.51;0.61;2019-06-01;Pre-covid;Pre-covid
2019;06;Aragon;Otr hortalizas/verd ;1669.03;3313.08;1.99;77.08;1.27;2.53;2019-06-01;Pre-covid;Pre-covid
2019;06;Aragon;Brocoli;87.16;170.93;1.96;18.38;0.07;0.13;2019-06-01;Pre-covid;Pre-covid
2019;06;Aragon;Alcachofas;208.41;398.58;1.91;12.28;0.16;0.3;2019-06-01;Pre-covid;Pre-covid
2019;06;Aragon;Apio;439.41;486.99;1.11;7.68;0.34;0.37;2019-06-01;Pre-covid;Pre-covid
2019;06;Aragon;Coliflor;33.88;66.43;1.96;6.1;0.03;0.05;2019-06-01;Pre-covid;Pre-covid
2019;06;Aragon;Verd /hort  iv gama;1027.16;2347.66;2.29;68.78;0.78;1.79;2019-06-01;Pre-covid;Pre-covid
2019;06;Aragon;Puerro;126.31;368.77;2.92;24.28;0.1;0.28;2019-06-01;Pre-covid;Pre-covid
2019;06;Asturias;Patatas;2379.3;2278.81;0.96;69.68;2.21;2.12;2019-06-01;Pre-covid;Pre-covid
2019;06;Asturias;Patatas frescas;1863.29;1634.71;0.88;53.11;1.73;1.52;2019-06-01;Pre-covid;Pre-covid
2019;06;Asturias;Patatas congeladas;60.91;78.91;1.3;7.31;0.06;0.07;2019-06-01;Pre-covid;Pre-covid
2019;06;Asturias;Patatas procesadas;91.02;565.19;6.21;38.65;0.08;0.53;2019-06-01;Pre-covid;Pre-covid
2019;06;Asturias;Patatas fritas;80.5;550.77;6.84;36.88;0.07;0.51;2019-06-01;Pre-covid;Pre-covid
2019;06;Asturias;Hortalizas frescas;3980.52;7705.17;1.94;95.37;3.7;7.17;2019-06-01;Pre-covid;Pre-covid
2019;06;Asturias;Omates;985.54;1657.97;1.68;76.3;0.92;1.54;2019-06-01;Pre-covid;Pre-covid
2019;06;Asturias;Cebollas;690.56;1058.03;1.53;77.81;0.64;0.98;2019-06-01;Pre-covid;Pre-covid
2019;06;Asturias;Ajos;73.15;317.58;4.34;39.81;0.07;0.3;2019-06-01;Pre-covid;Pre-covid
2019;06;Asturias;Coles;145.53;158.46;1.09;14.94;0.14;0.15;2019-06-01;Pre-covid;Pre-covid
2019;06;Asturias;Pepinos;112.32;137.74;1.23;21.89;0.1;0.13;2019-06-01;Pre-covid;Pre-covid
2019;06;Asturias;Judias verdes;101.76;293.99;2.89;17.34;0.09;0.27;2019-06-01;Pre-covid;Pre-covid
2019;06;Asturias;Pimientos;345.0;816.56;2.37;61.93;0.32;0.76;2019-06-01;Pre-covid;Pre-covid
2019;06;Asturias;Champiñoneso setas;89.79;323.67;3.6;30.11;0.08;0.3;2019-06-01;Pre-covid;Pre-covid
2019;06;Asturias;Lechuga/esc /endivia;357.56;976.6;2.73;63.04;0.33;0.91;2019-06-01;Pre-covid;Pre-covid
2019;06;Asturias;Esparragos;53.01;96.01;1.81;6.98;0.05;0.09;2019-06-01;Pre-covid;Pre-covid
2019;06;Asturias;Verduras de hoja;44.47;103.23;2.32;9.46;0.04;0.1;2019-06-01;Pre-covid;Pre-covid
2019;06;Asturias;Berenjenas;75.91;103.58;1.36;17.69;0.07;0.1;2019-06-01;Pre-covid;Pre-covid
2019;06;Asturias;Zanahorias;234.9;223.03;0.95;48.09;0.22;0.21;2019-06-01;Pre-covid;Pre-covid
2019;06;Asturias;Calabacines;269.26;357.87;1.33;43.39;0.25;0.33;2019-06-01;Pre-covid;Pre-covid
2019;06;Asturias;Otr hortalizas/verd ;401.77;1080.82;2.69;63.87;0.37;1.01;2019-06-01;Pre-covid;Pre-covid
2019;06;Asturias;Brocoli;50.82;110.33;2.17;18.98;0.05;0.1;2019-06-01;Pre-covid;Pre-covid
2019;06;Asturias;Alcachofas;10.8;19.5;1.8;1.95;0.01;0.02;2019-06-01;Pre-covid;Pre-covid
2019;06;Asturias;Apio;20.83;35.79;1.72;5.93;0.02;0.03;2019-06-01;Pre-covid;Pre-covid
2019;06;Asturias;Coliflor;9.65;18.63;1.93;1.94;0.01;0.02;2019-06-01;Pre-covid;Pre-covid
2019;06;Asturias;Verd /hort  iv gama;547.08;1444.29;2.64;55.77;0.51;1.34;2019-06-01;Pre-covid;Pre-covid
2019;06;Asturias;Puerro;50.33;170.5;3.39;21.48;0.05;0.16;2019-06-01;Pre-covid;Pre-covid
2019;06;Baleares;Patatas;2376.45;2544.39;1.07;81.84;2.25;2.41;2019-06-01;Pre-covid;Pre-covid
2019;06;Baleares;Patatas frescas;1595.36;1553.45;0.97;65.52;1.51;1.47;2019-06-01;Pre-covid;Pre-covid
2019;06;Baleares;Patatas congeladas;114.0;151.66;1.33;13.13;0.11;0.14;2019-06-01;Pre-covid;Pre-covid
2019;06;Baleares;Patatas procesadas;133.42;839.28;6.29;49.17;0.13;0.8;2019-06-01;Pre-covid;Pre-covid
2019;06;Baleares;Patatas fritas;122.82;819.77;6.67;48.68;0.12;0.78;2019-06-01;Pre-covid;Pre-covid
2019;06;Baleares;Hortalizas frescas;5941.95;11853.23;1.99;97.68;5.63;11.23;2019-06-01;Pre-covid;Pre-covid
2019;06;Baleares;Omates;1684.58;2894.18;1.72;84.93;1.6;2.74;2019-06-01;Pre-covid;Pre-covid
2019;06;Baleares;Cebollas;695.0;950.01;1.37;76.98;0.66;0.9;2019-06-01;Pre-covid;Pre-covid
2019;06;Baleares;Ajos;87.72;337.42;3.85;26.22;0.08;0.32;2019-06-01;Pre-covid;Pre-covid
2019;06;Baleares;Coles;104.81;113.97;1.09;17.93;0.1;0.11;2019-06-01;Pre-covid;Pre-covid
2019;06;Baleares;Pepinos;204.33;254.97;1.25;40.3;0.19;0.24;2019-06-01;Pre-covid;Pre-covid
2019;06;Baleares;Judias verdes;132.71;475.11;3.58;43.59;0.13;0.45;2019-06-01;Pre-covid;Pre-covid
2019;06;Baleares;Pimientos;523.24;1126.78;2.15;74.19;0.5;1.07;2019-06-01;Pre-covid;Pre-covid
2019;06;Baleares;Champiñoneso setas;158.45;707.91;4.47;44.95;0.15;0.67;2019-06-01;Pre-covid;Pre-covid
2019;06;Baleares;Lechuga/esc /endivia;458.59;1299.73;2.83;77.75;0.43;1.23;2019-06-01;Pre-covid;Pre-covid
2019;06;Baleares;Esparragos;53.13;163.91;3.08;13.93;0.05;0.16;2019-06-01;Pre-covid;Pre-covid
2019;06;Baleares;Verduras de hoja;68.01;247.75;3.64;29.48;0.06;0.23;2019-06-01;Pre-covid;Pre-covid
2019;06;Baleares;Berenjenas;277.08;383.49;1.38;47.45;0.26;0.36;2019-06-01;Pre-covid;Pre-covid
2019;06;Baleares;Zanahorias;359.56;345.88;0.96;63.1;0.34;0.33;2019-06-01;Pre-covid;Pre-covid
2019;06;Baleares;Calabacines;281.29;361.44;1.28;55.32;0.27;0.34;2019-06-01;Pre-covid;Pre-covid
2019;06;Baleares;Otr hortalizas/verd ;853.44;2190.69;2.57;80.52;0.81;2.08;2019-06-01;Pre-covid;Pre-covid
2019;06;Baleares;Brocoli;136.04;256.4;1.88;26.54;0.13;0.24;2019-06-01;Pre-covid;Pre-covid
2019;06;Baleares;Alcachofas;119.66;248.39;2.08;23.65;0.11;0.24;2019-06-01;Pre-covid;Pre-covid
2019;06;Baleares;Apio;53.05;91.22;1.72;16.07;0.05;0.09;2019-06-01;Pre-covid;Pre-covid
2019;06;Baleares;Coliflor;101.59;183.79;1.81;13.28;0.1;0.17;2019-06-01;Pre-covid;Pre-covid
2019;06;Baleares;Verd /hort  iv gama;790.01;2318.9;2.94;80.36;0.75;2.2;2019-06-01;Pre-covid;Pre-covid
2019;06;Baleares;Puerro;83.6;221.4;2.65;21.73;0.08;0.21;2019-06-01;Pre-covid;Pre-covid
2019;06;Canarias;Patatas;4762.38;4758.76;1.0;68.76;2.16;2.15;2019-06-01;Pre-covid;Pre-covid
2019;06;Canarias;Patatas frescas;3502.29;3404.97;0.97;58.2;1.59;1.54;2019-06-01;Pre-covid;Pre-covid
2019;06;Canarias;Patatas congeladas;314.13;310.68;0.99;7.05;0.14;0.14;2019-06-01;Pre-covid;Pre-covid
2019;06;Canarias;Patatas procesadas;189.19;1043.11;5.51;41.51;0.09;0.47;2019-06-01;Pre-covid;Pre-covid
2019;06;Canarias;Patatas fritas;170.94;1021.21;5.97;41.35;0.08;0.46;2019-06-01;Pre-covid;Pre-covid
2019;06;Canarias;Hortalizas frescas;9263.4;17862.07;1.93;97.99;4.19;8.09;2019-06-01;Pre-covid;Pre-covid
2019;06;Canarias;Omates;2062.73;3059.0;1.48;81.48;0.93;1.38;2019-06-01;Pre-covid;Pre-covid
2019;06;Canarias;Cebollas;1282.19;1748.08;1.36;79.45;0.58;0.79;2019-06-01;Pre-covid;Pre-covid
2019;06;Canarias;Ajos;76.07;349.06;4.59;28.44;0.03;0.16;2019-06-01;Pre-covid;Pre-covid
2019;06;Canarias;Coles;238.52;259.52;1.09;20.94;0.11;0.12;2019-06-01;Pre-covid;Pre-covid
2019;06;Canarias;Pepinos;342.16;515.03;1.51;53.4;0.15;0.23;2019-06-01;Pre-covid;Pre-covid
2019;06;Canarias;Judias verdes;262.46;572.96;2.18;27.83;0.12;0.26;2019-06-01;Pre-covid;Pre-covid
2019;06;Canarias;Pimientos;865.65;1737.32;2.01;80.21;0.39;0.79;2019-06-01;Pre-covid;Pre-covid
2019;06;Canarias;Champiñoneso setas;178.73;715.27;4.0;27.81;0.08;0.32;2019-06-01;Pre-covid;Pre-covid
2019;06;Canarias;Lechuga/esc /endivia;555.27;1928.95;3.47;67.5;0.25;0.87;2019-06-01;Pre-covid;Pre-covid
2019;06;Canarias;Esparragos;15.25;89.92;5.9;3.44;0.01;0.04;2019-06-01;Pre-covid;Pre-covid
2019;06;Canarias;Verduras de hoja;80.65;254.11;3.15;14.77;0.04;0.12;2019-06-01;Pre-covid;Pre-covid
2019;06;Canarias;Berenjenas;134.25;196.38;1.46;17.73;0.06;0.09;2019-06-01;Pre-covid;Pre-covid
2019;06;Canarias;Zanahorias;714.05;836.36;1.17;65.43;0.32;0.38;2019-06-01;Pre-covid;Pre-covid
2019;06;Canarias;Calabacines;797.66;1184.4;1.48;61.83;0.36;0.54;2019-06-01;Pre-covid;Pre-covid
2019;06;Canarias;Otr hortalizas/verd ;1657.76;4415.71;2.66;77.22;0.75;2.0;2019-06-01;Pre-covid;Pre-covid
2019;06;Canarias;Brocoli;69.89;145.83;2.09;8.59;0.03;0.07;2019-06-01;Pre-covid;Pre-covid
2019;06;Canarias;Alcachofas;12.18;24.58;2.02;1.96;0.01;0.01;2019-06-01;Pre-covid;Pre-covid
2019;06;Canarias;Apio;54.97;104.46;1.9;8.22;0.02;0.05;2019-06-01;Pre-covid;Pre-covid
2019;06;Canarias;Coliflor;72.47;168.95;2.33;6.04;0.03;0.08;2019-06-01;Pre-covid;Pre-covid
2019;06;Canarias;Verd /hort  iv gama;1727.48;4148.29;2.4;69.53;0.78;1.88;2019-06-01;Pre-covid;Pre-covid
2019;06;Canarias;Puerro;126.03;373.62;2.96;25.71;0.06;0.17;2019-06-01;Pre-covid;Pre-covid
2019;06;Cantabria;Patatas;1481.11;1369.46;0.92;70.48;2.63;2.43;2019-06-01;Pre-covid;Pre-covid
2019;06;Cantabria;Patatas frescas;1229.56;1035.15;0.84;64.65;2.18;1.84;2019-06-01;Pre-covid;Pre-covid
2019;06;Cantabria;Patatas congeladas;25.25;30.91;1.22;9.76;0.04;0.05;2019-06-01;Pre-covid;Pre-covid
2019;06;Cantabria;Patatas procesadas;45.26;303.4;6.7;33.36;0.08;0.54;2019-06-01;Pre-covid;Pre-covid
2019;06;Cantabria;Patatas fritas;41.35;295.41;7.14;32.2;0.07;0.52;2019-06-01;Pre-covid;Pre-covid
2019;06;Cantabria;Hortalizas frescas;2010.32;3798.69;1.89;97.87;3.57;6.74;2019-06-01;Pre-covid;Pre-covid
2019;06;Cantabria;Omates;556.01;1052.4;1.89;86.83;0.99;1.87;2019-06-01;Pre-covid;Pre-covid
2019;06;Cantabria;Cebollas;268.07;340.53;1.27;57.64;0.48;0.6;2019-06-01;Pre-covid;Pre-covid
2019;06;Cantabria;Ajos;22.31;105.32;4.72;37.17;0.04;0.19;2019-06-01;Pre-covid;Pre-covid
2019;06;Cantabria;Coles;8.79;17.53;1.99;7.35;0.02;0.03;2019-06-01;Pre-covid;Pre-covid
2019;06;Cantabria;Pepinos;77.68;96.85;1.25;27.65;0.14;0.17;2019-06-01;Pre-covid;Pre-covid
2019;06;Cantabria;Judias verdes;47.02;150.39;3.2;28.73;0.08;0.27;2019-06-01;Pre-covid;Pre-covid
2019;06;Cantabria;Pimientos;141.69;328.29;2.32;66.64;0.25;0.58;2019-06-01;Pre-covid;Pre-covid
2019;06;Cantabria;Champiñoneso setas;42.12;136.11;3.23;22.53;0.07;0.24;2019-06-01;Pre-covid;Pre-covid
2019;06;Cantabria;Lechuga/esc /endivia;157.79;374.48;2.37;68.03;0.28;0.66;2019-06-01;Pre-covid;Pre-covid
2019;06;Cantabria;Esparragos;6.3;7.32;1.16;1.16;0.01;0.01;2019-06-01;Pre-covid;Pre-covid
2019;06;Cantabria;Verduras de hoja;16.91;51.45;3.04;16.27;0.03;0.09;2019-06-01;Pre-covid;Pre-covid
2019;06;Cantabria;Berenjenas;57.01;84.53;1.48;23.4;0.1;0.15;2019-06-01;Pre-covid;Pre-covid
2019;06;Cantabria;Zanahorias;159.59;149.07;0.93;54.88;0.28;0.26;2019-06-01;Pre-covid;Pre-covid
2019;06;Cantabria;Calabacines;236.55;280.68;1.19;56.25;0.42;0.5;2019-06-01;Pre-covid;Pre-covid
2019;06;Cantabria;Otr hortalizas/verd ;212.5;623.73;2.94;61.57;0.38;1.11;2019-06-01;Pre-covid;Pre-covid
2019;06;Cantabria;Brocoli;16.23;34.35;2.12;9.9;0.03;0.06;2019-06-01;Pre-covid;Pre-covid
2019;06;Cantabria;Alcachofas;12.7;20.98;1.65;3.71;0.02;0.04;2019-06-01;Pre-covid;Pre-covid
2019;06;Cantabria;Apio;8.14;18.3;2.25;6.66;0.01;0.03;2019-06-01;Pre-covid;Pre-covid
2019;06;Cantabria;Coliflor;6.87;13.05;1.9;1.2;0.01;0.02;2019-06-01;Pre-covid;Pre-covid
2019;06;Cantabria;Verd /hort  iv gama;346.65;800.18;2.31;71.86;0.62;1.42;2019-06-01;Pre-covid;Pre-covid
2019;06;Cantabria;Puerro;43.68;126.57;2.9;23.66;0.08;0.22;2019-06-01;Pre-covid;Pre-covid
2019;06;Castilla la mancha;Patatas;4378.4;4070.03;0.93;80.63;2.09;1.94;2019-06-01;Pre-covid;Pre-covid
2019;06;Castilla la mancha;Patatas frescas;2975.18;2638.8;0.89;63.78;1.42;1.26;2019-06-01;Pre-covid;Pre-covid
2019;06;Castilla la mancha;Patatas congeladas;197.35;220.36;1.12;15.99;0.09;0.11;2019-06-01;Pre-covid;Pre-covid
2019;06;Castilla la mancha;Patatas procesadas;241.17;1210.88;5.02;54.29;0.12;0.58;2019-06-01;Pre-covid;Pre-covid
2019;06;Castilla la mancha;Patatas fritas;200.15;1152.25;5.76;52.06;0.1;0.55;2019-06-01;Pre-covid;Pre-covid
2019;06;Castilla la mancha;Hortalizas frescas;8410.92;14383.35;1.71;95.95;4.01;6.86;2019-06-01;Pre-covid;Pre-covid
2019;06;Castilla la mancha;Omates;2485.3;3709.95;1.49;80.84;1.19;1.77;2019-06-01;Pre-covid;Pre-covid
2019;06;Castilla la mancha;Cebollas;908.49;1116.65;1.23;56.68;0.43;0.53;2019-06-01;Pre-covid;Pre-covid
2019;06;Castilla la mancha;Ajos;81.52;314.41;3.86;30.84;0.04;0.15;2019-06-01;Pre-covid;Pre-covid
2019;06;Castilla la mancha;Coles;130.18;156.43;1.2;9.76;0.06;0.07;2019-06-01;Pre-covid;Pre-covid
2019;06;Castilla la mancha;Pepinos;698.1;857.92;1.23;49.39;0.33;0.41;2019-06-01;Pre-covid;Pre-covid
2019;06;Castilla la mancha;Judias verdes;176.47;530.47;3.01;23.84;0.08;0.25;2019-06-01;Pre-covid;Pre-covid
2019;06;Castilla la mancha;Pimientos;690.53;1245.17;1.8;65.45;0.33;0.59;2019-06-01;Pre-covid;Pre-covid
2019;06;Castilla la mancha;Champiñoneso setas;206.06;786.69;3.82;33.11;0.1;0.38;2019-06-01;Pre-covid;Pre-covid
2019;06;Castilla la mancha;Lechuga/esc /endivia;667.38;1491.64;2.24;64.57;0.32;0.71;2019-06-01;Pre-covid;Pre-covid
2019;06;Castilla la mancha;Esparragos;184.52;404.42;2.19;21.47;0.09;0.19;2019-06-01;Pre-covid;Pre-covid
2019;06;Castilla la mancha;Verduras de hoja;128.24;347.2;2.71;22.61;0.06;0.17;2019-06-01;Pre-covid;Pre-covid
2019;06;Castilla la mancha;Berenjenas;185.31;283.54;1.53;26.11;0.09;0.14;2019-06-01;Pre-covid;Pre-covid
2019;06;Castilla la mancha;Zanahorias;365.9;306.57;0.84;43.85;0.17;0.15;2019-06-01;Pre-covid;Pre-covid
2019;06;Castilla la mancha;Calabacines;638.1;843.02;1.32;46.94;0.3;0.4;2019-06-01;Pre-covid;Pre-covid
2019;06;Castilla la mancha;Otr hortalizas/verd ;864.81;1989.27;2.3;60.06;0.41;0.95;2019-06-01;Pre-covid;Pre-covid
2019;06;Castilla la mancha;Brocoli;177.03;313.58;1.77;20.72;0.08;0.15;2019-06-01;Pre-covid;Pre-covid
2019;06;Castilla la mancha;Alcachofas;75.66;138.53;1.83;7.85;0.04;0.07;2019-06-01;Pre-covid;Pre-covid
2019;06;Castilla la mancha;Apio;52.37;73.86;1.41;7.84;0.02;0.04;2019-06-01;Pre-covid;Pre-covid
2019;06;Castilla la mancha;Coliflor;41.52;72.3;1.74;4.46;0.02;0.03;2019-06-01;Pre-covid;Pre-covid
2019;06;Castilla la mancha;Verd /hort  iv gama;731.78;2081.36;2.84;56.75;0.35;0.99;2019-06-01;Pre-covid;Pre-covid
2019;06;Castilla la mancha;Puerro;125.69;302.48;2.41;17.74;0.06;0.14;2019-06-01;Pre-covid;Pre-covid
2019;06;Castilla leon;Patatas;4535.3;4061.66;0.9;73.09;1.89;1.69;2019-06-01;Pre-covid;Pre-covid
2019;06;Castilla leon;Patatas frescas;3644.77;3070.47;0.84;61.42;1.52;1.28;2019-06-01;Pre-covid;Pre-covid
2019;06;Castilla leon;Patatas congeladas;67.46;85.21;1.26;5.09;0.03;0.04;2019-06-01;Pre-covid;Pre-covid
2019;06;Castilla leon;Patatas procesadas;164.61;905.98;5.5;35.11;0.07;0.38;2019-06-01;Pre-covid;Pre-covid
2019;06;Castilla leon;Patatas fritas;144.05;875.22;6.08;33.52;0.06;0.36;2019-06-01;Pre-covid;Pre-covid
2019;06;Castilla leon;Hortalizas frescas;9984.33;17746.09;1.78;94.42;4.15;7.38;2019-06-01;Pre-covid;Pre-covid
2019;06;Castilla leon;Omates;2564.77;3722.0;1.45;74.65;1.07;1.55;2019-06-01;Pre-covid;Pre-covid
2019;06;Castilla leon;Cebollas;1112.9;1509.97;1.36;67.26;0.46;0.63;2019-06-01;Pre-covid;Pre-covid
2019;06;Castilla leon;Ajos;145.22;557.84;3.84;38.82;0.06;0.23;2019-06-01;Pre-covid;Pre-covid
2019;06;Castilla leon;Coles;187.17;235.41;1.26;10.57;0.08;0.1;2019-06-01;Pre-covid;Pre-covid
2019;06;Castilla leon;Pepinos;460.94;557.23;1.21;37.3;0.19;0.23;2019-06-01;Pre-covid;Pre-covid
2019;06;Castilla leon;Judias verdes;272.48;800.21;2.94;27.72;0.11;0.33;2019-06-01;Pre-covid;Pre-covid
2019;06;Castilla leon;Pimientos;829.19;1821.14;2.2;66.74;0.34;0.76;2019-06-01;Pre-covid;Pre-covid
2019;06;Castilla leon;Champiñoneso setas;213.54;642.87;3.01;29.34;0.09;0.27;2019-06-01;Pre-covid;Pre-covid
2019;06;Castilla leon;Lechuga/esc /endivia;879.59;2037.64;2.32;60.43;0.37;0.85;2019-06-01;Pre-covid;Pre-covid
2019;06;Castilla leon;Esparragos;80.03;231.4;2.89;8.37;0.03;0.1;2019-06-01;Pre-covid;Pre-covid
2019;06;Castilla leon;Verduras de hoja;211.28;510.22;2.41;14.86;0.09;0.21;2019-06-01;Pre-covid;Pre-covid
2019;06;Castilla leon;Berenjenas;145.51;205.81;1.41;18.32;0.06;0.09;2019-06-01;Pre-covid;Pre-covid
2019;06;Castilla leon;Zanahorias;820.71;742.41;0.9;59.74;0.34;0.31;2019-06-01;Pre-covid;Pre-covid
2019;06;Castilla leon;Calabacines;748.56;894.29;1.19;52.0;0.31;0.37;2019-06-01;Pre-covid;Pre-covid
2019;06;Castilla leon;Otr hortalizas/verd ;1312.43;3277.65;2.5;64.74;0.55;1.36;2019-06-01;Pre-covid;Pre-covid
2019;06;Castilla leon;Brocoli;213.16;408.58;1.92;17.43;0.09;0.17;2019-06-01;Pre-covid;Pre-covid
2019;06;Castilla leon;Alcachofas;146.77;226.31;1.54;8.59;0.06;0.09;2019-06-01;Pre-covid;Pre-covid
2019;06;Castilla leon;Apio;62.15;113.94;1.83;10.51;0.03;0.05;2019-06-01;Pre-covid;Pre-covid
2019;06;Castilla leon;Coliflor;92.17;181.34;1.97;7.42;0.04;0.08;2019-06-01;Pre-covid;Pre-covid
2019;06;Castilla leon;Verd /hort  iv gama;1014.37;2757.35;2.72;59.51;0.42;1.15;2019-06-01;Pre-covid;Pre-covid
2019;06;Castilla leon;Puerro;190.14;545.69;2.87;30.83;0.08;0.23;2019-06-01;Pre-covid;Pre-covid
2019;06;Cataluña;Patatas;16857.18;17269.03;1.02;81.7;2.35;2.41;2019-06-01;Pre-covid;Pre-covid
2019;06;Cataluña;Patatas frescas;11224.76;10949.92;0.98;67.82;1.57;1.53;2019-06-01;Pre-covid;Pre-covid
2019;06;Cataluña;Patatas congeladas;470.42;649.21;1.38;9.6;0.07;0.09;2019-06-01;Pre-covid;Pre-covid
2019;06;Cataluña;Patatas procesadas;1032.4;5669.9;5.49;53.1;0.14;0.79;2019-06-01;Pre-covid;Pre-covid
2019;06;Cataluña;Patatas fritas;832.1;5383.38;6.47;51.49;0.12;0.75;2019-06-01;Pre-covid;Pre-covid
2019;06;Cataluña;Hortalizas frescas;38537.53;75659.73;1.96;97.03;5.38;10.57;2019-06-01;Pre-covid;Pre-covid
2019;06;Cataluña;Omates;10119.29;18026.25;1.78;84.49;1.41;2.52;2019-06-01;Pre-covid;Pre-covid
2019;06;Cataluña;Cebollas;4716.83;6577.15;1.39;68.43;0.66;0.92;2019-06-01;Pre-covid;Pre-covid
2019;06;Cataluña;Ajos;448.01;1639.91;3.66;31.45;0.06;0.23;2019-06-01;Pre-covid;Pre-covid
2019;06;Cataluña;Coles;684.24;795.88;1.16;15.02;0.1;0.11;2019-06-01;Pre-covid;Pre-covid
2019;06;Cataluña;Pepinos;2002.29;2544.93;1.27;48.79;0.28;0.36;2019-06-01;Pre-covid;Pre-covid
2019;06;Cataluña;Judias verdes;1491.55;5346.31;3.58;34.07;0.21;0.75;2019-06-01;Pre-covid;Pre-covid
2019;06;Cataluña;Pimientos;2961.37;6441.23;2.18;62.07;0.41;0.9;2019-06-01;Pre-covid;Pre-covid
2019;06;Cataluña;Champiñoneso setas;711.36;2598.6;3.65;35.71;0.1;0.36;2019-06-01;Pre-covid;Pre-covid
2019;06;Cataluña;Lechuga/esc /endivia;3154.42;8846.01;2.8;74.02;0.44;1.24;2019-06-01;Pre-covid;Pre-covid
2019;06;Cataluña;Esparragos;693.89;1385.28;2.0;14.26;0.1;0.19;2019-06-01;Pre-covid;Pre-covid
2019;06;Cataluña;Verduras de hoja;661.19;1712.82;2.59;26.7;0.09;0.24;2019-06-01;Pre-covid;Pre-covid
2019;06;Cataluña;Berenjenas;1268.6;1856.94;1.46;37.88;0.18;0.26;2019-06-01;Pre-covid;Pre-covid
2019;06;Cataluña;Zanahorias;2018.07;2124.17;1.05;53.78;0.28;0.3;2019-06-01;Pre-covid;Pre-covid
2019;06;Cataluña;Calabacines;2552.15;3550.03;1.39;52.86;0.36;0.5;2019-06-01;Pre-covid;Pre-covid
2019;06;Cataluña;Otr hortalizas/verd ;5054.28;12214.19;2.42;71.83;0.71;1.71;2019-06-01;Pre-covid;Pre-covid
2019;06;Cataluña;Brocoli;927.89;1595.63;1.72;24.27;0.13;0.22;2019-06-01;Pre-covid;Pre-covid
2019;06;Cataluña;Alcachofas;503.3;1007.2;2.0;17.18;0.07;0.14;2019-06-01;Pre-covid;Pre-covid
2019;06;Cataluña;Apio;446.53;536.98;1.2;14.01;0.06;0.08;2019-06-01;Pre-covid;Pre-covid
2019;06;Cataluña;Coliflor;219.77;386.25;1.76;5.98;0.03;0.05;2019-06-01;Pre-covid;Pre-covid
2019;06;Cataluña;Verd /hort  iv gama;4592.65;12299.4;2.68;69.21;0.64;1.72;2019-06-01;Pre-covid;Pre-covid
2019;06;Cataluña;Puerro;536.77;1478.99;2.76;24.61;0.07;0.21;2019-06-01;Pre-covid;Pre-covid
2019;06;Extremadura;Patatas;2370.77;2066.59;0.87;72.52;2.01;1.76;2019-06-01;Pre-covid;Pre-covid
2019;06;Extremadura;Patatas frescas;1646.15;1363.96;0.83;54.9;1.4;1.16;2019-06-01;Pre-covid;Pre-covid
2019;06;Extremadura;Patatas congeladas;72.53;76.71;1.06;7.94;0.06;0.07;2019-06-01;Pre-covid;Pre-covid
2019;06;Extremadura;Patatas procesadas;130.42;625.92;4.8;52.49;0.11;0.53;2019-06-01;Pre-covid;Pre-covid
2019;06;Extremadura;Patatas fritas;117.31;606.31;5.17;51.04;0.1;0.52;2019-06-01;Pre-covid;Pre-covid
2019;06;Extremadura;Hortalizas frescas;6300.67;10977.8;1.74;94.01;5.35;9.33;2019-06-01;Pre-covid;Pre-covid
2019;06;Extremadura;Omates;1869.19;2749.6;1.47;82.69;1.59;2.34;2019-06-01;Pre-covid;Pre-covid
2019;06;Extremadura;Cebollas;884.93;1309.63;1.48;56.02;0.75;1.11;2019-06-01;Pre-covid;Pre-covid
2019;06;Extremadura;Ajos;87.43;369.23;4.22;26.4;0.07;0.31;2019-06-01;Pre-covid;Pre-covid
2019;06;Extremadura;Coles;80.69;92.7;1.15;10.74;0.07;0.08;2019-06-01;Pre-covid;Pre-covid
2019;06;Extremadura;Pepinos;320.54;378.8;1.18;48.23;0.27;0.32;2019-06-01;Pre-covid;Pre-covid
2019;06;Extremadura;Judias verdes;89.75;255.88;2.85;24.26;0.08;0.22;2019-06-01;Pre-covid;Pre-covid
2019;06;Extremadura;Pimientos;486.91;843.57;1.73;67.42;0.41;0.72;2019-06-01;Pre-covid;Pre-covid
2019;06;Extremadura;Champiñoneso setas;85.01;301.0;3.54;28.22;0.07;0.26;2019-06-01;Pre-covid;Pre-covid
2019;06;Extremadura;Lechuga/esc /endivia;502.28;1156.81;2.3;66.16;0.43;0.98;2019-06-01;Pre-covid;Pre-covid
2019;06;Extremadura;Esparragos;28.76;93.49;3.25;11.54;0.02;0.08;2019-06-01;Pre-covid;Pre-covid
2019;06;Extremadura;Verduras de hoja;110.36;195.82;1.77;18.35;0.09;0.17;2019-06-01;Pre-covid;Pre-covid
2019;06;Extremadura;Berenjenas;85.63;102.06;1.19;28.75;0.07;0.09;2019-06-01;Pre-covid;Pre-covid
2019;06;Extremadura;Zanahorias;255.65;210.68;0.82;50.24;0.22;0.18;2019-06-01;Pre-covid;Pre-covid
2019;06;Extremadura;Calabacines;311.12;407.12;1.31;43.46;0.26;0.35;2019-06-01;Pre-covid;Pre-covid
2019;06;Extremadura;Otr hortalizas/verd ;1102.43;2511.42;2.28;58.6;0.94;2.13;2019-06-01;Pre-covid;Pre-covid
2019;06;Extremadura;Brocoli;73.78;122.7;1.66;13.44;0.06;0.1;2019-06-01;Pre-covid;Pre-covid
2019;06;Extremadura;Alcachofas;139.71;226.71;1.62;12.03;0.12;0.19;2019-06-01;Pre-covid;Pre-covid
2019;06;Extremadura;Apio;119.47;145.7;1.22;7.25;0.1;0.12;2019-06-01;Pre-covid;Pre-covid
2019;06;Extremadura;Coliflor;15.57;29.42;1.89;3.28;0.01;0.02;2019-06-01;Pre-covid;Pre-covid
2019;06;Extremadura;Verd /hort  iv gama;657.1;1250.8;1.9;54.49;0.56;1.06;2019-06-01;Pre-covid;Pre-covid
2019;06;Extremadura;Puerro;117.69;306.06;2.6;23.53;0.1;0.26;2019-06-01;Pre-covid;Pre-covid
2019;06;Galicia;Patatas;6580.0;6461.32;0.98;67.72;2.42;2.38;2019-06-01;Pre-covid;Pre-covid
2019;06;Galicia;Patatas frescas;5482.47;5154.47;0.94;52.4;2.02;1.9;2019-06-01;Pre-covid;Pre-covid
2019;06;Galicia;Patatas congeladas;152.96;200.61;1.31;8.2;0.06;0.07;2019-06-01;Pre-covid;Pre-covid
2019;06;Galicia;Patatas procesadas;188.91;1106.24;5.86;35.53;0.07;0.41;2019-06-01;Pre-covid;Pre-covid
2019;06;Galicia;Patatas fritas;154.32;1054.87;6.84;34.63;0.06;0.39;2019-06-01;Pre-covid;Pre-covid
2019;06;Galicia;Hortalizas frescas;12164.87;22266.5;1.83;97.98;4.48;8.2;2019-06-01;Pre-covid;Pre-covid
2019;06;Galicia;Omates;2296.93;3833.86;1.67;78.3;0.85;1.41;2019-06-01;Pre-covid;Pre-covid
2019;06;Galicia;Cebollas;1810.89;2464.35;1.36;73.2;0.67;0.91;2019-06-01;Pre-covid;Pre-covid
2019;06;Galicia;Ajos;170.23;646.61;3.8;38.44;0.06;0.24;2019-06-01;Pre-covid;Pre-covid
2019;06;Galicia;Coles;947.8;987.13;1.04;21.99;0.35;0.36;2019-06-01;Pre-covid;Pre-covid
2019;06;Galicia;Pepinos;282.01;327.77;1.16;18.98;0.1;0.12;2019-06-01;Pre-covid;Pre-covid
2019;06;Galicia;Judias verdes;429.26;1359.18;3.17;24.08;0.16;0.5;2019-06-01;Pre-covid;Pre-covid
2019;06;Galicia;Pimientos;1000.95;2440.13;2.44;62.81;0.37;0.9;2019-06-01;Pre-covid;Pre-covid
2019;06;Galicia;Champiñoneso setas;171.64;756.55;4.41;22.74;0.06;0.28;2019-06-01;Pre-covid;Pre-covid
2019;06;Galicia;Lechuga/esc /endivia;1619.68;3468.2;2.14;54.96;0.6;1.28;2019-06-01;Pre-covid;Pre-covid
2019;06;Galicia;Esparragos;37.1;200.27;5.4;7.5;0.01;0.07;2019-06-01;Pre-covid;Pre-covid
2019;06;Galicia;Verduras de hoja;208.29;449.07;2.16;17.97;0.08;0.17;2019-06-01;Pre-covid;Pre-covid
2019;06;Galicia;Berenjenas;119.46;191.91;1.61;15.34;0.04;0.07;2019-06-01;Pre-covid;Pre-covid
2019;06;Galicia;Zanahorias;790.38;730.62;0.92;58.08;0.29;0.27;2019-06-01;Pre-covid;Pre-covid
2019;06;Galicia;Calabacines;609.65;813.02;1.33;40.45;0.22;0.3;2019-06-01;Pre-covid;Pre-covid
2019;06;Galicia;Otr hortalizas/verd ;1670.61;3597.83;2.15;60.65;0.62;1.32;2019-06-01;Pre-covid;Pre-covid
2019;06;Galicia;Brocoli;458.95;695.54;1.52;21.53;0.17;0.26;2019-06-01;Pre-covid;Pre-covid
2019;06;Galicia;Alcachofas;116.91;180.5;1.54;4.1;0.04;0.07;2019-06-01;Pre-covid;Pre-covid
2019;06;Galicia;Apio;142.9;195.01;1.36;6.35;0.05;0.07;2019-06-01;Pre-covid;Pre-covid
2019;06;Galicia;Coliflor;31.68;60.97;1.92;2.77;0.01;0.02;2019-06-01;Pre-covid;Pre-covid
2019;06;Galicia;Verd /hort  iv gama;1144.44;2916.35;2.55;48.88;0.42;1.07;2019-06-01;Pre-covid;Pre-covid
2019;06;Galicia;Puerro;104.45;304.2;2.91;17.51;0.04;0.11;2019-06-01;Pre-covid;Pre-covid
2019;06;La rioja;Patatas;390.96;384.8;0.98;78.47;1.21;1.19;2019-06-01;Pre-covid;Pre-covid
2019;06;La rioja;Patatas frescas;281.06;269.77;0.96;85.77;0.87;0.83;2019-06-01;Pre-covid;Pre-covid
2019;06;La rioja;Patatas congeladas;7.29;8.43;1.16;6.67;0.02;0.03;2019-06-01;Pre-covid;Pre-covid
2019;06;La rioja;Patatas procesadas;20.52;106.6;5.19;38.83;0.06;0.33;2019-06-01;Pre-covid;Pre-covid
2019;06;La rioja;Patatas fritas;15.04;95.37;6.34;32.26;0.05;0.29;2019-06-01;Pre-covid;Pre-covid
2019;06;La rioja;Hortalizas frescas;1470.82;3069.31;2.09;93.56;4.54;9.47;2019-06-01;Pre-covid;Pre-covid
2019;06;La rioja;Omates;237.36;378.74;1.6;69.54;0.73;1.17;2019-06-01;Pre-covid;Pre-covid
2019;06;La rioja;Cebollas;214.11;459.7;2.15;54.7;0.66;1.42;2019-06-01;Pre-covid;Pre-covid
2019;06;La rioja;Ajos;16.86;73.12;4.34;52.68;0.05;0.23;2019-06-01;Pre-covid;Pre-covid
2019;06;La rioja;Coles;15.11;16.01;1.06;9.6;0.05;0.05;2019-06-01;Pre-covid;Pre-covid
2019;06;La rioja;Pepinos;94.26;135.75;1.44;38.88;0.29;0.42;2019-06-01;Pre-covid;Pre-covid
2019;06;La rioja;Judias verdes;47.09;163.37;3.47;35.06;0.15;0.5;2019-06-01;Pre-covid;Pre-covid
2019;06;La rioja;Pimientos;80.19;191.08;2.38;67.85;0.25;0.59;2019-06-01;Pre-covid;Pre-covid
2019;06;La rioja;Champiñoneso setas;49.19;192.49;3.91;44.44;0.15;0.59;2019-06-01;Pre-covid;Pre-covid
2019;06;La rioja;Lechuga/esc /endivia;297.9;733.25;2.46;61.49;0.92;2.26;2019-06-01;Pre-covid;Pre-covid
2019;06;La rioja;Esparragos;25.11;98.55;3.92;18.07;0.08;0.3;2019-06-01;Pre-covid;Pre-covid
2019;06;La rioja;Verduras de hoja;24.9;66.18;2.66;18.09;0.08;0.2;2019-06-01;Pre-covid;Pre-covid
2019;06;La rioja;Berenjenas;29.52;37.83;1.28;19.33;0.09;0.12;2019-06-01;Pre-covid;Pre-covid
2019;06;La rioja;Zanahorias;53.9;42.33;0.79;35.5;0.17;0.13;2019-06-01;Pre-covid;Pre-covid
2019;06;La rioja;Calabacines;104.67;128.1;1.22;51.51;0.32;0.4;2019-06-01;Pre-covid;Pre-covid
2019;06;La rioja;Otr hortalizas/verd ;180.65;352.8;1.95;55.59;0.56;1.09;2019-06-01;Pre-covid;Pre-covid
2019;06;La rioja;Brocoli;9.18;17.05;1.86;5.62;0.03;0.05;2019-06-01;Pre-covid;Pre-covid
2019;06;La rioja;Alcachofas;44.71;92.45;2.07;9.82;0.14;0.29;2019-06-01;Pre-covid;Pre-covid
2019;06;La rioja;Apio;41.96;38.66;0.92;11.52;0.13;0.12;2019-06-01;Pre-covid;Pre-covid
2019;06;La rioja;Coliflor;2.45;4.64;1.89;0.86;0.01;0.01;2019-06-01;Pre-covid;Pre-covid
2019;06;La rioja;Verd /hort  iv gama;138.55;331.89;2.4;47.08;0.43;1.02;2019-06-01;Pre-covid;Pre-covid
2019;06;La rioja;Puerro;19.28;44.05;2.28;24.58;0.06;0.14;2019-06-01;Pre-covid;Pre-covid
2019;06;Madrid;Patatas;12938.07;12246.98;0.95;78.58;2.04;1.94;2019-06-01;Pre-covid;Pre-covid
2019;06;Madrid;Patatas frescas;8872.81;7944.56;0.9;64.77;1.4;1.26;2019-06-01;Pre-covid;Pre-covid
2019;06;Madrid;Patatas congeladas;409.54;548.38;1.34;9.59;0.06;0.09;2019-06-01;Pre-covid;Pre-covid
2019;06;Madrid;Patatas procesadas;731.14;3754.03;5.13;47.12;0.12;0.59;2019-06-01;Pre-covid;Pre-covid
2019;06;Madrid;Patatas fritas;602.84;3568.63;5.92;45.64;0.1;0.56;2019-06-01;Pre-covid;Pre-covid
2019;06;Madrid;Hortalizas frescas;29643.65;53621.48;1.81;96.82;4.69;8.47;2019-06-01;Pre-covid;Pre-covid
2019;06;Madrid;Omates;8990.73;14017.45;1.56;88.89;1.42;2.22;2019-06-01;Pre-covid;Pre-covid
2019;06;Madrid;Cebollas;3212.33;4188.5;1.3;66.46;0.51;0.66;2019-06-01;Pre-covid;Pre-covid
2019;06;Madrid;Ajos;306.62;1146.67;3.74;30.32;0.05;0.18;2019-06-01;Pre-covid;Pre-covid
2019;06;Madrid;Coles;476.25;598.38;1.26;14.22;0.08;0.09;2019-06-01;Pre-covid;Pre-covid
2019;06;Madrid;Pepinos;1879.24;2216.67;1.18;60.76;0.3;0.35;2019-06-01;Pre-covid;Pre-covid
2019;06;Madrid;Judias verdes;819.16;2333.93;2.85;28.98;0.13;0.37;2019-06-01;Pre-covid;Pre-covid
2019;06;Madrid;Pimientos;2694.89;5428.39;2.01;69.74;0.43;0.86;2019-06-01;Pre-covid;Pre-covid
2019;06;Madrid;Champiñoneso setas;692.38;2451.06;3.54;33.93;0.11;0.39;2019-06-01;Pre-covid;Pre-covid
2019;06;Madrid;Lechuga/esc /endivia;1661.45;4934.35;2.97;64.4;0.26;0.78;2019-06-01;Pre-covid;Pre-covid
2019;06;Madrid;Esparragos;545.37;1359.22;2.49;19.65;0.09;0.21;2019-06-01;Pre-covid;Pre-covid
2019;06;Madrid;Verduras de hoja;591.04;1512.95;2.56;29.73;0.09;0.24;2019-06-01;Pre-covid;Pre-covid
2019;06;Madrid;Berenjenas;591.69;811.71;1.37;27.09;0.09;0.13;2019-06-01;Pre-covid;Pre-covid
2019;06;Madrid;Zanahorias;1584.7;1424.23;0.9;54.12;0.25;0.23;2019-06-01;Pre-covid;Pre-covid
2019;06;Madrid;Calabacines;2311.93;2810.77;1.22;52.75;0.37;0.44;2019-06-01;Pre-covid;Pre-covid
2019;06;Madrid;Otr hortalizas/verd ;3285.87;8387.2;2.55;71.05;0.52;1.33;2019-06-01;Pre-covid;Pre-covid
2019;06;Madrid;Brocoli;477.83;837.08;1.75;19.14;0.08;0.13;2019-06-01;Pre-covid;Pre-covid
2019;06;Madrid;Alcachofas;252.46;408.17;1.62;9.92;0.04;0.06;2019-06-01;Pre-covid;Pre-covid
2019;06;Madrid;Apio;106.19;227.39;2.14;9.05;0.02;0.04;2019-06-01;Pre-covid;Pre-covid
2019;06;Madrid;Coliflor;156.31;276.77;1.77;5.91;0.02;0.04;2019-06-01;Pre-covid;Pre-covid
2019;06;Madrid;Verd /hort  iv gama;3421.17;9293.16;2.72;70.11;0.54;1.47;2019-06-01;Pre-covid;Pre-covid
2019;06;Madrid;Puerro;684.97;1657.81;2.42;29.95;0.11;0.26;2019-06-01;Pre-covid;Pre-covid
2019;06;Murcia;Patatas;2785.32;2900.89;1.04;78.52;1.93;2.01;2019-06-01;Pre-covid;Pre-covid
2019;06;Murcia;Patatas frescas;1906.56;1952.99;1.02;58.63;1.32;1.36;2019-06-01;Pre-covid;Pre-covid
2019;06;Murcia;Patatas congeladas;99.04;121.42;1.23;11.08;0.07;0.08;2019-06-01;Pre-covid;Pre-covid
2019;06;Murcia;Patatas procesadas;155.95;826.48;5.3;48.51;0.11;0.57;2019-06-01;Pre-covid;Pre-covid
2019;06;Murcia;Patatas fritas;151.49;821.5;5.42;47.93;0.11;0.57;2019-06-01;Pre-covid;Pre-covid
2019;06;Murcia;Hortalizas frescas;6203.52;10455.75;1.69;94.51;4.31;7.26;2019-06-01;Pre-covid;Pre-covid
2019;06;Murcia;Omates;1840.28;2688.93;1.46;81.69;1.28;1.87;2019-06-01;Pre-covid;Pre-covid
2019;06;Murcia;Cebollas;843.52;955.08;1.13;65.98;0.59;0.66;2019-06-01;Pre-covid;Pre-covid
2019;06;Murcia;Ajos;92.22;310.95;3.37;28.81;0.06;0.22;2019-06-01;Pre-covid;Pre-covid
2019;06;Murcia;Coles;28.02;38.38;1.37;7.04;0.02;0.03;2019-06-01;Pre-covid;Pre-covid
2019;06;Murcia;Pepinos;572.48;665.97;1.16;59.74;0.4;0.46;2019-06-01;Pre-covid;Pre-covid
2019;06;Murcia;Judias verdes;162.6;507.31;3.12;30.36;0.11;0.35;2019-06-01;Pre-covid;Pre-covid
2019;06;Murcia;Pimientos;540.27;1027.33;1.9;65.48;0.38;0.71;2019-06-01;Pre-covid;Pre-covid
2019;06;Murcia;Champiñoneso setas;95.25;440.02;4.62;27.6;0.07;0.31;2019-06-01;Pre-covid;Pre-covid
2019;06;Murcia;Lechuga/esc /endivia;438.23;1167.45;2.66;58.35;0.3;0.81;2019-06-01;Pre-covid;Pre-covid
2019;06;Murcia;Esparragos;74.88;172.24;2.3;12.94;0.05;0.12;2019-06-01;Pre-covid;Pre-covid
2019;06;Murcia;Verduras de hoja;73.76;191.07;2.59;23.0;0.05;0.13;2019-06-01;Pre-covid;Pre-covid
2019;06;Murcia;Berenjenas;285.26;371.38;1.3;43.39;0.2;0.26;2019-06-01;Pre-covid;Pre-covid
2019;06;Murcia;Zanahorias;244.04;218.26;0.89;42.42;0.17;0.15;2019-06-01;Pre-covid;Pre-covid
2019;06;Murcia;Calabacines;382.21;465.56;1.22;40.94;0.27;0.32;2019-06-01;Pre-covid;Pre-covid
2019;06;Murcia;Otr hortalizas/verd ;530.51;1235.82;2.33;62.04;0.37;0.86;2019-06-01;Pre-covid;Pre-covid
2019;06;Murcia;Brocoli;64.91;118.61;1.83;16.98;0.05;0.08;2019-06-01;Pre-covid;Pre-covid
2019;06;Murcia;Alcachofas;60.07;104.55;1.74;12.32;0.04;0.07;2019-06-01;Pre-covid;Pre-covid
2019;06;Murcia;Apio;55.8;102.02;1.83;19.26;0.04;0.07;2019-06-01;Pre-covid;Pre-covid
2019;06;Murcia;Coliflor;35.88;47.96;1.34;5.17;0.02;0.03;2019-06-01;Pre-covid;Pre-covid
2019;06;Murcia;Verd /hort  iv gama;529.49;1560.39;2.95;62.61;0.37;1.08;2019-06-01;Pre-covid;Pre-covid
2019;06;Murcia;Puerro;37.03;95.5;2.58;16.36;0.03;0.07;2019-06-01;Pre-covid;Pre-covid
2019;06;Navarra;Patatas;975.42;970.74;1.0;61.23;1.63;1.62;2019-06-01;Pre-covid;Pre-covid
2019;06;Navarra;Patatas frescas;783.19;754.34;0.96;53.34;1.31;1.26;2019-06-01;Pre-covid;Pre-covid
2019;06;Navarra;Patatas congeladas;27.56;32.21;1.17;8.34;0.05;0.05;2019-06-01;Pre-covid;Pre-covid
2019;06;Navarra;Patatas procesadas;32.94;184.18;5.59;24.27;0.06;0.31;2019-06-01;Pre-covid;Pre-covid
2019;06;Navarra;Patatas fritas;26.65;174.51;6.55;24.3;0.04;0.29;2019-06-01;Pre-covid;Pre-covid
2019;06;Navarra;Hortalizas frescas;2540.88;5283.78;2.08;98.38;4.25;8.84;2019-06-01;Pre-covid;Pre-covid
2019;06;Navarra;Omates;476.37;862.62;1.81;87.25;0.8;1.44;2019-06-01;Pre-covid;Pre-covid
2019;06;Navarra;Cebollas;284.03;416.92;1.47;55.33;0.48;0.7;2019-06-01;Pre-covid;Pre-covid
2019;06;Navarra;Ajos;22.54;119.82;5.32;31.57;0.04;0.2;2019-06-01;Pre-covid;Pre-covid
2019;06;Navarra;Coles;17.24;36.38;2.11;5.95;0.03;0.06;2019-06-01;Pre-covid;Pre-covid
2019;06;Navarra;Pepinos;74.3;88.02;1.18;33.56;0.12;0.15;2019-06-01;Pre-covid;Pre-covid
2019;06;Navarra;Judias verdes;115.63;431.35;3.73;30.83;0.19;0.72;2019-06-01;Pre-covid;Pre-covid
2019;06;Navarra;Pimientos;88.44;202.96;2.29;54.51;0.15;0.34;2019-06-01;Pre-covid;Pre-covid
2019;06;Navarra;Champiñoneso setas;67.89;279.3;4.11;38.68;0.11;0.47;2019-06-01;Pre-covid;Pre-covid
2019;06;Navarra;Lechuga/esc /endivia;272.85;719.66;2.64;63.71;0.46;1.2;2019-06-01;Pre-covid;Pre-covid
2019;06;Navarra;Esparragos;54.71;204.07;3.73;7.6;0.09;0.34;2019-06-01;Pre-covid;Pre-covid
2019;06;Navarra;Verduras de hoja;92.42;206.17;2.23;27.99;0.15;0.34;2019-06-01;Pre-covid;Pre-covid
2019;06;Navarra;Berenjenas;138.96;217.47;1.56;20.29;0.23;0.36;2019-06-01;Pre-covid;Pre-covid
2019;06;Navarra;Zanahorias;123.25;118.23;0.96;41.29;0.21;0.2;2019-06-01;Pre-covid;Pre-covid
2019;06;Navarra;Calabacines;250.75;291.04;1.16;45.11;0.42;0.49;2019-06-01;Pre-covid;Pre-covid
2019;06;Navarra;Otr hortalizas/verd ;461.51;1089.76;2.36;67.75;0.77;1.82;2019-06-01;Pre-covid;Pre-covid
2019;06;Navarra;Brocoli;8.8;17.47;1.99;4.91;0.01;0.03;2019-06-01;Pre-covid;Pre-covid
2019;06;Navarra;Alcachofas;32.87;142.79;4.34;18.28;0.05;0.24;2019-06-01;Pre-covid;Pre-covid
2019;06;Navarra;Apio;0.0;0.0;0.0;0.0;0.0;0.0;2019-06-01;Pre-covid;Pre-covid
2019;06;Navarra;Coliflor;6.34;15.17;2.4;2.81;0.01;0.03;2019-06-01;Pre-covid;Pre-covid
2019;06;Navarra;Verd /hort  iv gama;268.09;927.52;3.46;63.64;0.45;1.55;2019-06-01;Pre-covid;Pre-covid
2019;06;Navarra;Puerro;34.31;141.96;4.14;21.25;0.06;0.24;2019-06-01;Pre-covid;Pre-covid
2019;06;Pais vasco;Patatas;4878.34;4833.83;0.99;78.55;2.31;2.29;2019-06-01;Pre-covid;Pre-covid
2019;06;Pais vasco;Patatas frescas;3625.49;3582.54;0.99;66.21;1.72;1.69;2019-06-01;Pre-covid;Pre-covid
2019;06;Pais vasco;Patatas congeladas;82.62;112.31;1.36;4.61;0.04;0.05;2019-06-01;Pre-covid;Pre-covid
2019;06;Pais vasco;Patatas procesadas;234.05;1138.98;4.87;38.05;0.11;0.54;2019-06-01;Pre-covid;Pre-covid
2019;06;Pais vasco;Patatas fritas;170.2;1052.24;6.18;35.0;0.08;0.5;2019-06-01;Pre-covid;Pre-covid
2019;06;Pais vasco;Hortalizas frescas;10433.27;20949.18;2.01;96.85;4.94;9.91;2019-06-01;Pre-covid;Pre-covid
2019;06;Pais vasco;Omates;2377.39;4615.85;1.94;80.75;1.12;2.18;2019-06-01;Pre-covid;Pre-covid
2019;06;Pais vasco;Cebollas;1240.26;1928.04;1.55;69.34;0.59;0.91;2019-06-01;Pre-covid;Pre-covid
2019;06;Pais vasco;Ajos;89.92;450.24;5.01;30.94;0.04;0.21;2019-06-01;Pre-covid;Pre-covid
2019;06;Pais vasco;Coles;255.68;238.1;0.93;17.43;0.12;0.11;2019-06-01;Pre-covid;Pre-covid
2019;06;Pais vasco;Pepinos;360.54;468.18;1.3;35.24;0.17;0.22;2019-06-01;Pre-covid;Pre-covid
2019;06;Pais vasco;Judias verdes;407.22;1265.51;3.11;39.52;0.19;0.6;2019-06-01;Pre-covid;Pre-covid
2019;06;Pais vasco;Pimientos;981.35;2039.45;2.08;64.51;0.46;0.96;2019-06-01;Pre-covid;Pre-covid
2019;06;Pais vasco;Champiñoneso setas;247.21;982.27;3.97;46.49;0.12;0.46;2019-06-01;Pre-covid;Pre-covid
2019;06;Pais vasco;Lechuga/esc /endivia;1073.03;2542.34;2.37;70.83;0.51;1.2;2019-06-01;Pre-covid;Pre-covid
2019;06;Pais vasco;Esparragos;185.78;447.32;2.41;12.93;0.09;0.21;2019-06-01;Pre-covid;Pre-covid
2019;06;Pais vasco;Verduras de hoja;221.97;611.46;2.75;25.76;0.11;0.29;2019-06-01;Pre-covid;Pre-covid
2019;06;Pais vasco;Berenjenas;162.21;238.38;1.47;26.94;0.08;0.11;2019-06-01;Pre-covid;Pre-covid
2019;06;Pais vasco;Zanahorias;751.99;692.38;0.92;60.92;0.36;0.33;2019-06-01;Pre-covid;Pre-covid
2019;06;Pais vasco;Calabacines;835.77;1057.24;1.27;50.49;0.4;0.5;2019-06-01;Pre-covid;Pre-covid
2019;06;Pais vasco;Otr hortalizas/verd ;1242.96;3372.41;2.71;67.82;0.59;1.6;2019-06-01;Pre-covid;Pre-covid
2019;06;Pais vasco;Brocoli;233.79;390.19;1.67;17.26;0.11;0.18;2019-06-01;Pre-covid;Pre-covid
2019;06;Pais vasco;Alcachofas;99.77;227.5;2.28;11.27;0.05;0.11;2019-06-01;Pre-covid;Pre-covid
2019;06;Pais vasco;Apio;53.99;97.33;1.8;6.68;0.03;0.05;2019-06-01;Pre-covid;Pre-covid
2019;06;Pais vasco;Coliflor;63.54;95.64;1.51;4.43;0.03;0.05;2019-06-01;Pre-covid;Pre-covid
2019;06;Pais vasco;Verd /hort  iv gama;1210.15;3159.54;2.61;68.18;0.57;1.49;2019-06-01;Pre-covid;Pre-covid
2019;06;Pais vasco;Puerro;216.69;747.35;3.45;33.87;0.1;0.35;2019-06-01;Pre-covid;Pre-covid
2019;06;Valencia;Patatas;10850.4;10516.28;0.97;81.39;2.23;2.17;2019-06-01;Pre-covid;Pre-covid
2019;06;Valencia;Patatas frescas;7654.11;7005.8;0.92;66.76;1.58;1.44;2019-06-01;Pre-covid;Pre-covid
2019;06;Valencia;Patatas congeladas;252.11;359.18;1.42;9.44;0.05;0.07;2019-06-01;Pre-covid;Pre-covid
2019;06;Valencia;Patatas procesadas;588.84;3151.3;5.35;55.02;0.12;0.65;2019-06-01;Pre-covid;Pre-covid
2019;06;Valencia;Patatas fritas;540.41;3080.52;5.7;53.86;0.11;0.63;2019-06-01;Pre-covid;Pre-covid
2019;06;Valencia;Hortalizas frescas;23674.21;42808.47;1.81;95.65;4.87;8.81;2019-06-01;Pre-covid;Pre-covid
2019;06;Valencia;Omates;6304.81;10051.65;1.59;79.62;1.3;2.07;2019-06-01;Pre-covid;Pre-covid
2019;06;Valencia;Cebollas;2848.84;3432.26;1.2;61.67;0.59;0.71;2019-06-01;Pre-covid;Pre-covid
2019;06;Valencia;Ajos;195.91;847.65;4.33;29.41;0.04;0.17;2019-06-01;Pre-covid;Pre-covid
2019;06;Valencia;Coles;294.02;350.89;1.19;11.27;0.06;0.07;2019-06-01;Pre-covid;Pre-covid
2019;06;Valencia;Pepinos;1593.95;1920.79;1.21;55.08;0.33;0.4;2019-06-01;Pre-covid;Pre-covid
2019;06;Valencia;Judias verdes;666.99;2071.01;3.1;33.72;0.14;0.43;2019-06-01;Pre-covid;Pre-covid
2019;06;Valencia;Pimientos;2002.75;3791.6;1.89;64.44;0.41;0.78;2019-06-01;Pre-covid;Pre-covid
2019;06;Valencia;Champiñoneso setas;622.65;2075.13;3.33;43.06;0.13;0.43;2019-06-01;Pre-covid;Pre-covid
2019;06;Valencia;Lechuga/esc /endivia;1760.95;4675.55;2.66;69.77;0.36;0.96;2019-06-01;Pre-covid;Pre-covid
2019;06;Valencia;Esparragos;372.03;979.52;2.63;18.11;0.08;0.2;2019-06-01;Pre-covid;Pre-covid
2019;06;Valencia;Verduras de hoja;425.18;1104.79;2.6;27.98;0.09;0.23;2019-06-01;Pre-covid;Pre-covid
2019;06;Valencia;Berenjenas;932.85;1347.89;1.44;35.57;0.19;0.28;2019-06-01;Pre-covid;Pre-covid
2019;06;Valencia;Zanahorias;1359.22;1170.67;0.86;49.11;0.28;0.24;2019-06-01;Pre-covid;Pre-covid
2019;06;Valencia;Calabacines;1458.27;1825.95;1.25;53.03;0.3;0.38;2019-06-01;Pre-covid;Pre-covid
2019;06;Valencia;Otr hortalizas/verd ;2835.78;7163.12;2.53;74.08;0.58;1.47;2019-06-01;Pre-covid;Pre-covid
2019;06;Valencia;Brocoli;369.66;703.77;1.9;18.77;0.08;0.14;2019-06-01;Pre-covid;Pre-covid
2019;06;Valencia;Alcachofas;255.21;438.42;1.72;14.54;0.05;0.09;2019-06-01;Pre-covid;Pre-covid
2019;06;Valencia;Apio;146.86;263.45;1.79;12.33;0.03;0.05;2019-06-01;Pre-covid;Pre-covid
2019;06;Valencia;Coliflor;238.54;397.53;1.67;9.47;0.05;0.08;2019-06-01;Pre-covid;Pre-covid
2019;06;Valencia;Verd /hort  iv gama;2758.09;7551.53;2.74;67.49;0.57;1.55;2019-06-01;Pre-covid;Pre-covid
2019;06;Valencia;Puerro;299.67;828.46;2.76;21.01;0.06;0.17;2019-06-01;Pre-covid;Pre-covid
2019;06;Nacional;Frutas frescas;396242.69;630230.22;1.59;95.61;8.59;13.66;2019-06-01;Pre-covid;Pre-covid
2019;06;Nacional;Naranjas;55608.45;49338.22;0.89;44.35;1.21;1.07;2019-06-01;Pre-covid;Pre-covid
2019;06;Nacional;Mandarinas;4721.62;6420.57;1.36;12.61;0.1;0.14;2019-06-01;Pre-covid;Pre-covid
2019;06;Nacional;Limones;8700.16;13595.69;1.56;33.45;0.19;0.29;2019-06-01;Pre-covid;Pre-covid
2019;06;Nacional;Platanos;45228.02;69167.49;1.53;76.39;0.98;1.5;2019-06-01;Pre-covid;Pre-covid
2019;06;Nacional;Manzanas;28734.18;41704.53;1.45;57.8;0.62;0.9;2019-06-01;Pre-covid;Pre-covid
2019;06;Nacional;Peras;12015.97;19404.43;1.61;38.94;0.26;0.42;2019-06-01;Pre-covid;Pre-covid
2019;06;Nacional;Melocotones;18590.89;33486.16;1.8;45.56;0.4;0.73;2019-06-01;Pre-covid;Pre-covid
2019;06;Nacional;Nectarinas;12483.46;21877.82;1.75;34.46;0.27;0.47;2019-06-01;Pre-covid;Pre-covid
2019;06;Nacional;Albaricoques;16764.97;33002.52;1.97;43.05;0.36;0.72;2019-06-01;Pre-covid;Pre-covid
2019;06;Nacional;Fresas/freson;4784.95;15951.25;3.33;22.34;0.1;0.35;2019-06-01;Pre-covid;Pre-covid
2019;06;Nacional;Melon;38962.76;50253.69;1.29;48.33;0.84;1.09;2019-06-01;Pre-covid;Pre-covid
2019;06;Nacional;Sandia;81424.87;70650.85;0.87;58.12;1.77;1.53;2019-06-01;Pre-covid;Pre-covid
2019;06;Nacional;Ciruelas;3515.9;7082.78;2.01;16.95;0.08;0.15;2019-06-01;Pre-covid;Pre-covid
2019;06;Nacional;Cerezas;24318.51;90144.32;3.71;56.57;0.53;1.95;2019-06-01;Pre-covid;Pre-covid
2019;06;Nacional;Uvas;1623.46;5648.95;3.48;8.3;0.04;0.12;2019-06-01;Pre-covid;Pre-covid
2019;06;Nacional;Kiwi;9104.93;28511.99;3.13;31.52;0.2;0.62;2019-06-01;Pre-covid;Pre-covid
2019;06;Nacional;Aguacate;5018.49;18694.38;3.73;28.83;0.11;0.41;2019-06-01;Pre-covid;Pre-covid
2019;06;Nacional;Piña;5670.44;9127.17;1.61;14.98;0.12;0.2;2019-06-01;Pre-covid;Pre-covid
2019;06;Nacional;Otras frutas frescas;18970.65;46167.41;2.43;50.41;0.41;1.0;2019-06-01;Pre-covid;Pre-covid
2019;06;Nacional;Pomelo;1609.65;3187.28;1.98;3.56;0.03;0.07;2019-06-01;Pre-covid;Pre-covid
2019;06;Nacional;Chirimoya;0.0;0.0;0.0;0.0;0.0;0.0;2019-06-01;Pre-covid;Pre-covid
2019;06;Nacional;Mango;1810.02;4711.92;2.6;9.13;0.04;0.1;2019-06-01;Pre-covid;Pre-covid
2019;06;Nacional;Frutas iv gama;16995.36;28471.15;1.68;27.27;0.37;0.62;2019-06-01;Pre-covid;Pre-covid
2019;06;Andalucia;Frutas frescas;65282.18;96903.96;1.48;94.59;7.52;11.16;2019-06-01;Pre-covid;Pre-covid
2019;06;Andalucia;Naranjas;7394.93;6324.97;0.86;36.33;0.85;0.73;2019-06-01;Pre-covid;Pre-covid
2019;06;Andalucia;Mandarinas;613.77;696.79;1.14;10.34;0.07;0.08;2019-06-01;Pre-covid;Pre-covid
2019;06;Andalucia;Limones;1236.35;2002.86;1.62;28.07;0.14;0.23;2019-06-01;Pre-covid;Pre-covid
2019;06;Andalucia;Platanos;7159.07;10196.43;1.42;76.56;0.82;1.17;2019-06-01;Pre-covid;Pre-covid
2019;06;Andalucia;Manzanas;4624.29;6566.44;1.42;56.9;0.53;0.76;2019-06-01;Pre-covid;Pre-covid
2019;06;Andalucia;Peras;1902.0;2918.0;1.53;35.82;0.22;0.34;2019-06-01;Pre-covid;Pre-covid
2019;06;Andalucia;Melocotones;2754.52;4786.32;1.74;43.53;0.32;0.55;2019-06-01;Pre-covid;Pre-covid
2019;06;Andalucia;Nectarinas;1536.19;2628.72;1.71;30.6;0.18;0.3;2019-06-01;Pre-covid;Pre-covid
2019;06;Andalucia;Albaricoques;1910.03;3747.91;1.96;39.13;0.22;0.43;2019-06-01;Pre-covid;Pre-covid
2019;06;Andalucia;Fresas/freson;643.15;1757.12;2.73;21.63;0.07;0.2;2019-06-01;Pre-covid;Pre-covid
2019;06;Andalucia;Melon;8092.01;9014.49;1.11;49.8;0.93;1.04;2019-06-01;Pre-covid;Pre-covid
2019;06;Andalucia;Sandia;16747.45;13974.75;0.83;66.66;1.93;1.61;2019-06-01;Pre-covid;Pre-covid
2019;06;Andalucia;Ciruelas;809.44;1535.32;1.9;19.36;0.09;0.18;2019-06-01;Pre-covid;Pre-covid
2019;06;Andalucia;Cerezas;3687.25;13475.18;3.65;54.78;0.42;1.55;2019-06-01;Pre-covid;Pre-covid
2019;06;Andalucia;Uvas;253.89;925.68;3.65;8.48;0.03;0.11;2019-06-01;Pre-covid;Pre-covid
2019;06;Andalucia;Kiwi;1285.74;4273.62;3.32;26.48;0.15;0.49;2019-06-01;Pre-covid;Pre-covid
2019;06;Andalucia;Aguacate;844.42;2916.35;3.45;29.32;0.1;0.34;2019-06-01;Pre-covid;Pre-covid
2019;06;Andalucia;Piña;805.16;1317.68;1.64;16.58;0.09;0.15;2019-06-01;Pre-covid;Pre-covid
2019;06;Andalucia;Otras frutas frescas;2982.52;7845.32;2.63;47.47;0.34;0.9;2019-06-01;Pre-covid;Pre-covid
2019;06;Andalucia;Pomelo;234.08;504.27;2.15;3.61;0.03;0.06;2019-06-01;Pre-covid;Pre-covid
2019;06;Andalucia;Chirimoya;0.0;0.0;0.0;0.0;0.0;0.0;2019-06-01;Pre-covid;Pre-covid
2019;06;Andalucia;Mango;369.39;913.46;2.47;10.47;0.04;0.11;2019-06-01;Pre-covid;Pre-covid
2019;06;Andalucia;Frutas iv gama;2990.61;4934.17;1.65;31.31;0.34;0.57;2019-06-01;Pre-covid;Pre-covid
2019;06;Aragon;Frutas frescas;11889.79;18520.98;1.56;96.22;9.08;14.14;2019-06-01;Pre-covid;Pre-covid
2019;06;Aragon;Naranjas;1579.33;1409.54;0.89;49.62;1.21;1.08;2019-06-01;Pre-covid;Pre-covid
2019;06;Aragon;Mandarinas;139.15;206.85;1.49;12.8;0.11;0.16;2019-06-01;Pre-covid;Pre-covid
2019;06;Aragon;Limones;222.27;345.38;1.55;40.58;0.17;0.26;2019-06-01;Pre-covid;Pre-covid
2019;06;Aragon;Platanos;1250.95;1895.57;1.52;74.03;0.96;1.45;2019-06-01;Pre-covid;Pre-covid
2019;06;Aragon;Manzanas;790.36;1076.27;1.36;51.53;0.6;0.82;2019-06-01;Pre-covid;Pre-covid
2019;06;Aragon;Peras;377.67;561.21;1.49;38.7;0.29;0.43;2019-06-01;Pre-covid;Pre-covid
2019;06;Aragon;Melocotones;538.59;929.74;1.73;53.94;0.41;0.71;2019-06-01;Pre-covid;Pre-covid
2019;06;Aragon;Nectarinas;337.09;579.37;1.72;30.18;0.26;0.44;2019-06-01;Pre-covid;Pre-covid
2019;06;Aragon;Albaricoques;781.55;1731.21;2.22;50.14;0.6;1.32;2019-06-01;Pre-covid;Pre-covid
2019;06;Aragon;Fresas/freson;190.86;523.07;2.74;21.01;0.15;0.4;2019-06-01;Pre-covid;Pre-covid
2019;06;Aragon;Melon;1298.15;1727.92;1.33;47.99;0.99;1.32;2019-06-01;Pre-covid;Pre-covid
2019;06;Aragon;Sandia;2391.35;2112.23;0.88;68.23;1.83;1.61;2019-06-01;Pre-covid;Pre-covid
2019;06;Aragon;Ciruelas;31.98;44.95;1.41;9.61;0.02;0.03;2019-06-01;Pre-covid;Pre-covid
2019;06;Aragon;Cerezas;886.26;2897.49;3.27;64.84;0.68;2.21;2019-06-01;Pre-covid;Pre-covid
2019;06;Aragon;Uvas;20.44;69.69;3.41;7.09;0.02;0.05;2019-06-01;Pre-covid;Pre-covid
2019;06;Aragon;Kiwi;245.5;697.52;2.84;29.46;0.19;0.53;2019-06-01;Pre-covid;Pre-covid
2019;06;Aragon;Aguacate;145.6;428.57;2.94;29.15;0.11;0.33;2019-06-01;Pre-covid;Pre-covid
2019;06;Aragon;Piña;136.35;169.78;1.25;12.57;0.1;0.13;2019-06-01;Pre-covid;Pre-covid
2019;06;Aragon;Otras frutas frescas;526.33;1114.63;2.12;45.43;0.4;0.85;2019-06-01;Pre-covid;Pre-covid
2019;06;Aragon;Pomelo;8.33;17.54;2.1;1.87;0.01;0.01;2019-06-01;Pre-covid;Pre-covid
2019;06;Aragon;Chirimoya;0.0;0.0;0.0;0.0;0.0;0.0;2019-06-01;Pre-covid;Pre-covid
2019;06;Aragon;Mango;26.06;65.62;2.52;9.61;0.02;0.05;2019-06-01;Pre-covid;Pre-covid
2019;06;Aragon;Frutas iv gama;459.23;666.4;1.45;29.07;0.35;0.51;2019-06-01;Pre-covid;Pre-covid
2019;06;Asturias;Frutas frescas;9991.17;16800.98;1.68;96.48;9.3;15.63;2019-06-01;Pre-covid;Pre-covid
2019;06;Asturias;Naranjas;1533.54;1275.28;0.83;57.48;1.43;1.19;2019-06-01;Pre-covid;Pre-covid
2019;06;Asturias;Mandarinas;168.56;233.73;1.39;19.59;0.16;0.22;2019-06-01;Pre-covid;Pre-covid
2019;06;Asturias;Limones;176.36;294.09;1.67;35.74;0.16;0.27;2019-06-01;Pre-covid;Pre-covid
2019;06;Asturias;Platanos;1204.15;1856.78;1.54;80.49;1.12;1.73;2019-06-01;Pre-covid;Pre-covid
2019;06;Asturias;Manzanas;718.71;1014.3;1.41;53.37;0.67;0.94;2019-06-01;Pre-covid;Pre-covid
2019;06;Asturias;Peras;237.31;522.54;2.2;39.77;0.22;0.49;2019-06-01;Pre-covid;Pre-covid
2019;06;Asturias;Melocotones;520.57;833.35;1.6;55.13;0.48;0.78;2019-06-01;Pre-covid;Pre-covid
2019;06;Asturias;Nectarinas;669.66;1154.13;1.72;54.66;0.62;1.07;2019-06-01;Pre-covid;Pre-covid
2019;06;Asturias;Albaricoques;476.03;863.49;1.81;54.04;0.44;0.8;2019-06-01;Pre-covid;Pre-covid
2019;06;Asturias;Fresas/freson;133.62;386.75;2.89;25.36;0.12;0.36;2019-06-01;Pre-covid;Pre-covid
2019;06;Asturias;Melon;970.02;1261.77;1.3;59.36;0.9;1.17;2019-06-01;Pre-covid;Pre-covid
2019;06;Asturias;Sandia;1180.67;1097.02;0.93;47.49;1.1;1.02;2019-06-01;Pre-covid;Pre-covid
2019;06;Asturias;Ciruelas;64.63;113.55;1.76;15.52;0.06;0.11;2019-06-01;Pre-covid;Pre-covid
2019;06;Asturias;Cerezas;759.31;2907.81;3.83;67.45;0.71;2.71;2019-06-01;Pre-covid;Pre-covid
2019;06;Asturias;Uvas;91.66;318.55;3.48;11.68;0.09;0.3;2019-06-01;Pre-covid;Pre-covid
2019;06;Asturias;Kiwi;245.13;749.02;3.06;44.47;0.23;0.7;2019-06-01;Pre-covid;Pre-covid
2019;06;Asturias;Aguacate;78.64;347.87;4.42;20.09;0.07;0.32;2019-06-01;Pre-covid;Pre-covid
2019;06;Asturias;Piña;183.89;249.34;1.36;18.19;0.17;0.23;2019-06-01;Pre-covid;Pre-covid
2019;06;Asturias;Otras frutas frescas;578.71;1321.63;2.28;59.91;0.54;1.23;2019-06-01;Pre-covid;Pre-covid
2019;06;Asturias;Pomelo;102.24;222.81;2.18;5.23;0.1;0.21;2019-06-01;Pre-covid;Pre-covid
2019;06;Asturias;Chirimoya;0.0;0.0;0.0;0.0;0.0;0.0;2019-06-01;Pre-covid;Pre-covid
2019;06;Asturias;Mango;19.63;69.57;3.54;4.73;0.02;0.06;2019-06-01;Pre-covid;Pre-covid
2019;06;Asturias;Frutas iv gama;369.24;605.84;1.64;24.3;0.34;0.56;2019-06-01;Pre-covid;Pre-covid
2019;06;Baleares;Frutas frescas;8507.03;14346.76;1.69;97.62;8.06;13.6;2019-06-01;Pre-covid;Pre-covid
2019;06;Baleares;Naranjas;968.73;857.14;0.88;30.6;0.92;0.81;2019-06-01;Pre-covid;Pre-covid
2019;06;Baleares;Mandarinas;90.7;86.6;0.95;13.19;0.09;0.08;2019-06-01;Pre-covid;Pre-covid
2019;06;Baleares;Limones;93.42;138.19;1.48;19.06;0.09;0.13;2019-06-01;Pre-covid;Pre-covid
2019;06;Baleares;Platanos;1186.49;1741.26;1.47;78.16;1.12;1.65;2019-06-01;Pre-covid;Pre-covid
2019;06;Baleares;Manzanas;759.9;1005.49;1.32;66.01;0.72;0.95;2019-06-01;Pre-covid;Pre-covid
2019;06;Baleares;Peras;255.27;467.34;1.83;32.64;0.24;0.44;2019-06-01;Pre-covid;Pre-covid
2019;06;Baleares;Melocotones;256.97;536.94;2.09;36.35;0.24;0.51;2019-06-01;Pre-covid;Pre-covid
2019;06;Baleares;Nectarinas;194.7;378.37;1.94;32.6;0.18;0.36;2019-06-01;Pre-covid;Pre-covid
2019;06;Baleares;Albaricoques;374.6;787.98;2.1;56.85;0.35;0.75;2019-06-01;Pre-covid;Pre-covid
2019;06;Baleares;Fresas/freson;87.42;321.89;3.68;25.51;0.08;0.31;2019-06-01;Pre-covid;Pre-covid
2019;06;Baleares;Melon;1171.69;1547.23;1.32;53.74;1.11;1.47;2019-06-01;Pre-covid;Pre-covid
2019;06;Baleares;Sandia;1571.84;1308.86;0.83;43.14;1.49;1.24;2019-06-01;Pre-covid;Pre-covid
2019;06;Baleares;Ciruelas;107.62;244.27;2.27;20.48;0.1;0.23;2019-06-01;Pre-covid;Pre-covid
2019;06;Baleares;Cerezas;481.16;2103.26;4.37;56.71;0.46;1.99;2019-06-01;Pre-covid;Pre-covid
2019;06;Baleares;Uvas;61.41;232.98;3.79;16.51;0.06;0.22;2019-06-01;Pre-covid;Pre-covid
2019;06;Baleares;Kiwi;223.29;820.87;3.68;31.94;0.21;0.78;2019-06-01;Pre-covid;Pre-covid
2019;06;Baleares;Aguacate;201.01;762.35;3.79;34.17;0.19;0.72;2019-06-01;Pre-covid;Pre-covid
2019;06;Baleares;Piña;130.54;193.95;1.49;17.26;0.12;0.18;2019-06-01;Pre-covid;Pre-covid
2019;06;Baleares;Otras frutas frescas;290.27;811.8;2.8;50.05;0.28;0.77;2019-06-01;Pre-covid;Pre-covid
2019;06;Baleares;Pomelo;8.36;17.09;2.04;2.54;0.01;0.02;2019-06-01;Pre-covid;Pre-covid
2019;06;Baleares;Chirimoya;0.0;0.0;0.0;0.0;0.0;0.0;2019-06-01;Pre-covid;Pre-covid
2019;06;Baleares;Mango;58.57;167.01;2.85;14.48;0.06;0.16;2019-06-01;Pre-covid;Pre-covid
2019;06;Baleares;Frutas iv gama;412.41;815.94;1.98;24.98;0.39;0.77;2019-06-01;Pre-covid;Pre-covid
2019;06;Canarias;Frutas frescas;20092.32;32491.5;1.62;97.4;9.1;14.71;2019-06-01;Pre-covid;Pre-covid
2019;06;Canarias;Naranjas;3584.95;3357.52;0.94;50.59;1.62;1.52;2019-06-01;Pre-covid;Pre-covid
2019;06;Canarias;Mandarinas;354.59;520.0;1.47;18.25;0.16;0.24;2019-06-01;Pre-covid;Pre-covid
2019;06;Canarias;Limones;442.77;708.73;1.6;41.57;0.2;0.32;2019-06-01;Pre-covid;Pre-covid
2019;06;Canarias;Platanos;3129.21;4553.22;1.46;76.02;1.42;2.06;2019-06-01;Pre-covid;Pre-covid
2019;06;Canarias;Manzanas;1833.93;2825.73;1.54;68.25;0.83;1.28;2019-06-01;Pre-covid;Pre-covid
2019;06;Canarias;Peras;834.89;1428.48;1.71;48.4;0.38;0.65;2019-06-01;Pre-covid;Pre-covid
2019;06;Canarias;Melocotones;475.78;805.09;1.69;28.71;0.22;0.36;2019-06-01;Pre-covid;Pre-covid
2019;06;Canarias;Nectarinas;597.07;1181.99;1.98;34.47;0.27;0.54;2019-06-01;Pre-covid;Pre-covid
2019;06;Canarias;Albaricoques;362.13;849.94;2.35;31.07;0.16;0.38;2019-06-01;Pre-covid;Pre-covid
2019;06;Canarias;Fresas/freson;170.23;806.19;4.74;21.71;0.08;0.36;2019-06-01;Pre-covid;Pre-covid
2019;06;Canarias;Melon;1516.71;2257.8;1.49;51.94;0.69;1.02;2019-06-01;Pre-covid;Pre-covid
2019;06;Canarias;Sandia;3528.33;3158.43;0.9;61.77;1.6;1.43;2019-06-01;Pre-covid;Pre-covid
2019;06;Canarias;Ciruelas;171.03;359.42;2.1;15.26;0.08;0.16;2019-06-01;Pre-covid;Pre-covid
2019;06;Canarias;Cerezas;640.59;2134.86;3.33;49.59;0.29;0.97;2019-06-01;Pre-covid;Pre-covid
2019;06;Canarias;Uvas;187.68;570.47;3.04;15.82;0.08;0.26;2019-06-01;Pre-covid;Pre-covid
2019;06;Canarias;Kiwi;517.28;1782.7;3.45;36.35;0.23;0.81;2019-06-01;Pre-covid;Pre-covid
2019;06;Canarias;Aguacate;479.87;2291.01;4.77;39.91;0.22;1.04;2019-06-01;Pre-covid;Pre-covid
2019;06;Canarias;Piña;57.73;207.94;3.6;4.11;0.03;0.09;2019-06-01;Pre-covid;Pre-covid
2019;06;Canarias;Otras frutas frescas;1207.53;2691.98;2.23;54.62;0.55;1.22;2019-06-01;Pre-covid;Pre-covid
2019;06;Canarias;Pomelo;164.19;312.1;1.9;3.92;0.07;0.14;2019-06-01;Pre-covid;Pre-covid
2019;06;Canarias;Chirimoya;0.0;0.0;0.0;0.0;0.0;0.0;2019-06-01;Pre-covid;Pre-covid
2019;06;Canarias;Mango;13.03;73.3;5.63;2.93;0.01;0.03;2019-06-01;Pre-covid;Pre-covid
2019;06;Canarias;Frutas iv gama;1294.9;1984.17;1.53;33.59;0.59;0.9;2019-06-01;Pre-covid;Pre-covid
2019;06;Cantabria;Frutas frescas;4961.18;7471.48;1.51;96.88;8.8;13.26;2019-06-01;Pre-covid;Pre-covid
2019;06;Cantabria;Naranjas;865.75;873.15;1.01;52.27;1.54;1.55;2019-06-01;Pre-covid;Pre-covid
2019;06;Cantabria;Mandarinas;61.22;100.86;1.65;17.06;0.11;0.18;2019-06-01;Pre-covid;Pre-covid
2019;06;Cantabria;Limones;54.39;80.97;1.49;24.64;0.1;0.14;2019-06-01;Pre-covid;Pre-covid
2019;06;Cantabria;Platanos;441.19;684.07;1.55;75.07;0.78;1.21;2019-06-01;Pre-covid;Pre-covid
2019;06;Cantabria;Manzanas;465.25;590.19;1.27;59.72;0.83;1.05;2019-06-01;Pre-covid;Pre-covid
2019;06;Cantabria;Peras;152.03;221.12;1.45;38.19;0.27;0.39;2019-06-01;Pre-covid;Pre-covid
2019;06;Cantabria;Melocotones;100.4;168.85;1.68;37.36;0.18;0.3;2019-06-01;Pre-covid;Pre-covid
2019;06;Cantabria;Nectarinas;238.13;371.16;1.56;49.92;0.42;0.66;2019-06-01;Pre-covid;Pre-covid
2019;06;Cantabria;Albaricoques;202.4;300.49;1.48;43.02;0.36;0.53;2019-06-01;Pre-covid;Pre-covid
2019;06;Cantabria;Fresas/freson;48.75;182.68;3.75;30.52;0.09;0.32;2019-06-01;Pre-covid;Pre-covid
2019;06;Cantabria;Melon;365.13;462.87;1.27;54.39;0.65;0.82;2019-06-01;Pre-covid;Pre-covid
2019;06;Cantabria;Sandia;891.2;768.42;0.86;46.98;1.58;1.36;2019-06-01;Pre-covid;Pre-covid
2019;06;Cantabria;Ciruelas;15.66;29.85;1.91;9.14;0.03;0.05;2019-06-01;Pre-covid;Pre-covid
2019;06;Cantabria;Cerezas;367.56;1156.2;3.15;54.63;0.65;2.05;2019-06-01;Pre-covid;Pre-covid
2019;06;Cantabria;Uvas;3.4;18.69;5.5;3.17;0.01;0.03;2019-06-01;Pre-covid;Pre-covid
2019;06;Cantabria;Kiwi;135.3;477.51;3.53;34.93;0.24;0.85;2019-06-01;Pre-covid;Pre-covid
2019;06;Cantabria;Aguacate;48.29;176.48;3.65;24.25;0.09;0.31;2019-06-01;Pre-covid;Pre-covid
2019;06;Cantabria;Piña;79.37;160.43;2.02;15.73;0.14;0.28;2019-06-01;Pre-covid;Pre-covid
2019;06;Cantabria;Otras frutas frescas;425.76;647.49;1.52;52.74;0.76;1.15;2019-06-01;Pre-covid;Pre-covid
2019;06;Cantabria;Pomelo;120.76;104.93;0.87;12.47;0.21;0.19;2019-06-01;Pre-covid;Pre-covid
2019;06;Cantabria;Chirimoya;0.0;0.0;0.0;0.0;0.0;0.0;2019-06-01;Pre-covid;Pre-covid
2019;06;Cantabria;Mango;18.9;51.68;2.73;7.46;0.03;0.09;2019-06-01;Pre-covid;Pre-covid
2019;06;Cantabria;Frutas iv gama;265.9;340.53;1.28;25.42;0.47;0.6;2019-06-01;Pre-covid;Pre-covid
2019;06;Castilla la mancha;Frutas frescas;16335.33;23212.52;1.42;96.08;7.79;11.08;2019-06-01;Pre-covid;Pre-covid
2019;06;Castilla la mancha;Naranjas;2178.67;1732.76;0.8;40.33;1.04;0.83;2019-06-01;Pre-covid;Pre-covid
2019;06;Castilla la mancha;Mandarinas;140.85;204.54;1.45;12.67;0.07;0.1;2019-06-01;Pre-covid;Pre-covid
2019;06;Castilla la mancha;Limones;406.73;612.59;1.51;39.62;0.19;0.29;2019-06-01;Pre-covid;Pre-covid
2019;06;Castilla la mancha;Platanos;1797.63;2731.67;1.52;78.18;0.86;1.3;2019-06-01;Pre-covid;Pre-covid
2019;06;Castilla la mancha;Manzanas;982.99;1464.11;1.49;60.52;0.47;0.7;2019-06-01;Pre-covid;Pre-covid
2019;06;Castilla la mancha;Peras;414.31;657.45;1.59;35.88;0.2;0.31;2019-06-01;Pre-covid;Pre-covid
2019;06;Castilla la mancha;Melocotones;706.98;1244.14;1.76;34.72;0.34;0.59;2019-06-01;Pre-covid;Pre-covid
2019;06;Castilla la mancha;Nectarinas;292.87;492.83;1.68;24.99;0.14;0.24;2019-06-01;Pre-covid;Pre-covid
2019;06;Castilla la mancha;Albaricoques;718.88;1321.26;1.84;49.44;0.34;0.63;2019-06-01;Pre-covid;Pre-covid
2019;06;Castilla la mancha;Fresas/freson;132.7;377.63;2.85;17.11;0.06;0.18;2019-06-01;Pre-covid;Pre-covid
2019;06;Castilla la mancha;Melon;1312.89;1786.15;1.36;39.47;0.63;0.85;2019-06-01;Pre-covid;Pre-covid
2019;06;Castilla la mancha;Sandia;5030.09;4137.39;0.82;66.92;2.4;1.97;2019-06-01;Pre-covid;Pre-covid
2019;06;Castilla la mancha;Ciruelas;97.62;221.38;2.27;20.32;0.05;0.11;2019-06-01;Pre-covid;Pre-covid
2019;06;Castilla la mancha;Cerezas;676.56;2414.91;3.57;51.55;0.32;1.15;2019-06-01;Pre-covid;Pre-covid
2019;06;Castilla la mancha;Uvas;32.79;108.98;3.32;3.69;0.02;0.05;2019-06-01;Pre-covid;Pre-covid
2019;06;Castilla la mancha;Kiwi;410.46;1150.87;2.8;29.11;0.2;0.55;2019-06-01;Pre-covid;Pre-covid
2019;06;Castilla la mancha;Aguacate;206.74;711.98;3.44;29.38;0.1;0.34;2019-06-01;Pre-covid;Pre-covid
2019;06;Castilla la mancha;Piña;180.99;331.37;1.83;13.6;0.09;0.16;2019-06-01;Pre-covid;Pre-covid
2019;06;Castilla la mancha;Otras frutas frescas;614.59;1510.52;2.46;48.34;0.29;0.72;2019-06-01;Pre-covid;Pre-covid
2019;06;Castilla la mancha;Pomelo;34.2;74.19;2.17;6.07;0.02;0.04;2019-06-01;Pre-covid;Pre-covid
2019;06;Castilla la mancha;Chirimoya;0.0;0.0;0.0;0.0;0.0;0.0;2019-06-01;Pre-covid;Pre-covid
2019;06;Castilla la mancha;Mango;59.93;175.48;2.93;6.87;0.03;0.08;2019-06-01;Pre-covid;Pre-covid
2019;06;Castilla la mancha;Frutas iv gama;622.9;1167.46;1.87;31.53;0.3;0.56;2019-06-01;Pre-covid;Pre-covid
2019;06;Castilla leon;Frutas frescas;21982.58;32404.71;1.47;96.19;9.15;13.48;2019-06-01;Pre-covid;Pre-covid
2019;06;Castilla leon;Naranjas;3525.18;2961.23;0.84;53.3;1.47;1.23;2019-06-01;Pre-covid;Pre-covid
2019;06;Castilla leon;Mandarinas;312.97;390.73;1.25;13.31;0.13;0.16;2019-06-01;Pre-covid;Pre-covid
2019;06;Castilla leon;Limones;448.92;747.1;1.66;35.4;0.19;0.31;2019-06-01;Pre-covid;Pre-covid
2019;06;Castilla leon;Platanos;2281.83;3359.24;1.47;76.12;0.95;1.4;2019-06-01;Pre-covid;Pre-covid
2019;06;Castilla leon;Manzanas;1658.95;2321.77;1.4;61.05;0.69;0.97;2019-06-01;Pre-covid;Pre-covid
2019;06;Castilla leon;Peras;878.86;1332.32;1.52;52.62;0.37;0.55;2019-06-01;Pre-covid;Pre-covid
2019;06;Castilla leon;Melocotones;887.87;1547.51;1.74;46.56;0.37;0.64;2019-06-01;Pre-covid;Pre-covid
2019;06;Castilla leon;Nectarinas;883.62;1388.81;1.57;39.96;0.37;0.58;2019-06-01;Pre-covid;Pre-covid
2019;06;Castilla leon;Albaricoques;786.87;1325.89;1.69;44.46;0.33;0.55;2019-06-01;Pre-covid;Pre-covid
2019;06;Castilla leon;Fresas/freson;324.72;1071.67;3.3;23.66;0.14;0.45;2019-06-01;Pre-covid;Pre-covid
2019;06;Castilla leon;Melon;1931.69;2536.5;1.31;49.14;0.8;1.06;2019-06-01;Pre-covid;Pre-covid
2019;06;Castilla leon;Sandia;4460.98;3781.71;0.85;62.78;1.86;1.57;2019-06-01;Pre-covid;Pre-covid
2019;06;Castilla leon;Ciruelas;102.53;182.16;1.78;12.12;0.04;0.08;2019-06-01;Pre-covid;Pre-covid
2019;06;Castilla leon;Cerezas;1236.58;3966.0;3.21;49.99;0.51;1.65;2019-06-01;Pre-covid;Pre-covid
2019;06;Castilla leon;Uvas;27.03;114.11;4.22;2.84;0.01;0.05;2019-06-01;Pre-covid;Pre-covid
2019;06;Castilla leon;Kiwi;611.53;1763.57;2.88;31.26;0.25;0.73;2019-06-01;Pre-covid;Pre-covid
2019;06;Castilla leon;Aguacate;215.92;832.22;3.85;24.86;0.09;0.35;2019-06-01;Pre-covid;Pre-covid
2019;06;Castilla leon;Piña;333.26;444.37;1.33;15.04;0.14;0.18;2019-06-01;Pre-covid;Pre-covid
2019;06;Castilla leon;Otras frutas frescas;1073.27;2337.82;2.18;50.45;0.45;0.97;2019-06-01;Pre-covid;Pre-covid
2019;06;Castilla leon;Pomelo;70.65;151.36;2.14;4.13;0.03;0.06;2019-06-01;Pre-covid;Pre-covid
2019;06;Castilla leon;Chirimoya;0.0;0.0;0.0;0.0;0.0;0.0;2019-06-01;Pre-covid;Pre-covid
2019;06;Castilla leon;Mango;133.83;356.63;2.66;9.56;0.06;0.15;2019-06-01;Pre-covid;Pre-covid
2019;06;Castilla leon;Frutas iv gama;815.47;1217.63;1.49;28.5;0.34;0.51;2019-06-01;Pre-covid;Pre-covid
2019;06;Cataluña;Frutas frescas;64294.06;110557.83;1.72;95.93;8.98;15.44;2019-06-01;Pre-covid;Pre-covid
2019;06;Cataluña;Naranjas;9371.93;8585.99;0.92;45.16;1.31;1.2;2019-06-01;Pre-covid;Pre-covid
2019;06;Cataluña;Mandarinas;535.67;805.5;1.5;9.19;0.07;0.11;2019-06-01;Pre-covid;Pre-covid
2019;06;Cataluña;Limones;1415.49;2335.82;1.65;34.73;0.2;0.33;2019-06-01;Pre-covid;Pre-covid
2019;06;Cataluña;Platanos;6760.38;10921.98;1.62;72.47;0.94;1.53;2019-06-01;Pre-covid;Pre-covid
2019;06;Cataluña;Manzanas;4701.75;7131.57;1.52;56.03;0.66;1.0;2019-06-01;Pre-covid;Pre-covid
2019;06;Cataluña;Peras;1916.82;3417.56;1.78;40.73;0.27;0.48;2019-06-01;Pre-covid;Pre-covid
2019;06;Cataluña;Melocotones;4343.39;8360.56;1.92;55.6;0.61;1.17;2019-06-01;Pre-covid;Pre-covid
2019;06;Cataluña;Nectarinas;1651.75;3005.99;1.82;32.29;0.23;0.42;2019-06-01;Pre-covid;Pre-covid
2019;06;Cataluña;Albaricoques;2515.48;5483.13;2.18;44.01;0.35;0.77;2019-06-01;Pre-covid;Pre-covid
2019;06;Cataluña;Fresas/freson;751.89;2316.39;3.08;22.07;0.11;0.32;2019-06-01;Pre-covid;Pre-covid
2019;06;Cataluña;Melon;7267.11;10323.28;1.42;51.79;1.02;1.44;2019-06-01;Pre-covid;Pre-covid
2019;06;Cataluña;Sandia;11899.7;11245.83;0.95;57.37;1.66;1.57;2019-06-01;Pre-covid;Pre-covid
2019;06;Cataluña;Ciruelas;430.28;935.93;2.18;14.81;0.06;0.13;2019-06-01;Pre-covid;Pre-covid
2019;06;Cataluña;Cerezas;4039.33;16821.44;4.16;59.1;0.56;2.35;2019-06-01;Pre-covid;Pre-covid
2019;06;Cataluña;Uvas;300.77;1132.15;3.76;8.95;0.04;0.16;2019-06-01;Pre-covid;Pre-covid
2019;06;Cataluña;Kiwi;1574.27;4895.93;3.11;34.88;0.22;0.68;2019-06-01;Pre-covid;Pre-covid
2019;06;Cataluña;Aguacate;892.69;3169.83;3.55;31.43;0.12;0.44;2019-06-01;Pre-covid;Pre-covid
2019;06;Cataluña;Piña;952.4;1623.65;1.7;15.91;0.13;0.23;2019-06-01;Pre-covid;Pre-covid
2019;06;Cataluña;Otras frutas frescas;2972.99;8045.31;2.71;49.79;0.42;1.12;2019-06-01;Pre-covid;Pre-covid
2019;06;Cataluña;Pomelo;336.83;658.24;1.95;2.95;0.05;0.09;2019-06-01;Pre-covid;Pre-covid
2019;06;Cataluña;Chirimoya;0.0;0.0;0.0;0.0;0.0;0.0;2019-06-01;Pre-covid;Pre-covid
2019;06;Cataluña;Mango;364.71;981.13;2.69;9.54;0.05;0.14;2019-06-01;Pre-covid;Pre-covid
2019;06;Cataluña;Frutas iv gama;2250.69;4248.36;1.89;28.06;0.31;0.59;2019-06-01;Pre-covid;Pre-covid
2019;06;Extremadura;Frutas frescas;9229.06;14702.81;1.59;91.1;7.84;12.49;2019-06-01;Pre-covid;Pre-covid
2019;06;Extremadura;Naranjas;1048.96;873.17;0.83;36.74;0.89;0.74;2019-06-01;Pre-covid;Pre-covid
2019;06;Extremadura;Mandarinas;47.17;59.6;1.26;9.51;0.04;0.05;2019-06-01;Pre-covid;Pre-covid
2019;06;Extremadura;Limones;213.31;246.99;1.16;24.35;0.18;0.21;2019-06-01;Pre-covid;Pre-covid
2019;06;Extremadura;Platanos;676.95;923.22;1.36;65.13;0.58;0.78;2019-06-01;Pre-covid;Pre-covid
2019;06;Extremadura;Manzanas;453.78;639.29;1.41;60.14;0.39;0.54;2019-06-01;Pre-covid;Pre-covid
2019;06;Extremadura;Peras;295.28;391.37;1.33;30.8;0.25;0.33;2019-06-01;Pre-covid;Pre-covid
2019;06;Extremadura;Melocotones;461.61;660.36;1.43;40.28;0.39;0.56;2019-06-01;Pre-covid;Pre-covid
2019;06;Extremadura;Nectarinas;280.56;462.35;1.65;33.88;0.24;0.39;2019-06-01;Pre-covid;Pre-covid
2019;06;Extremadura;Albaricoques;677.48;1723.38;2.54;23.69;0.58;1.46;2019-06-01;Pre-covid;Pre-covid
2019;06;Extremadura;Fresas/freson;405.97;2002.39;4.93;22.91;0.34;1.7;2019-06-01;Pre-covid;Pre-covid
2019;06;Extremadura;Melon;850.37;1000.81;1.18;43.56;0.72;0.85;2019-06-01;Pre-covid;Pre-covid
2019;06;Extremadura;Sandia;2585.45;2148.65;0.83;52.38;2.2;1.83;2019-06-01;Pre-covid;Pre-covid
2019;06;Extremadura;Ciruelas;130.42;250.51;1.92;23.73;0.11;0.21;2019-06-01;Pre-covid;Pre-covid
2019;06;Extremadura;Cerezas;490.35;1768.5;3.61;34.44;0.42;1.5;2019-06-01;Pre-covid;Pre-covid
2019;06;Extremadura;Uvas;21.02;73.01;3.47;7.28;0.02;0.06;2019-06-01;Pre-covid;Pre-covid
2019;06;Extremadura;Kiwi;126.67;307.55;2.43;25.22;0.11;0.26;2019-06-01;Pre-covid;Pre-covid
2019;06;Extremadura;Aguacate;58.42;216.13;3.7;18.6;0.05;0.18;2019-06-01;Pre-covid;Pre-covid
2019;06;Extremadura;Piña;75.08;162.32;2.16;8.4;0.06;0.14;2019-06-01;Pre-covid;Pre-covid
2019;06;Extremadura;Otras frutas frescas;330.17;793.21;2.4;40.1;0.28;0.67;2019-06-01;Pre-covid;Pre-covid
2019;06;Extremadura;Pomelo;58.74;118.27;2.01;9.23;0.05;0.1;2019-06-01;Pre-covid;Pre-covid
2019;06;Extremadura;Chirimoya;0.0;0.0;0.0;0.0;0.0;0.0;2019-06-01;Pre-covid;Pre-covid
2019;06;Extremadura;Mango;14.74;45.02;3.05;6.52;0.01;0.04;2019-06-01;Pre-covid;Pre-covid
2019;06;Extremadura;Frutas iv gama;565.96;924.24;1.63;19.16;0.48;0.79;2019-06-01;Pre-covid;Pre-covid
2019;06;Galicia;Frutas frescas;26040.89;46219.79;1.77;97.64;9.59;17.02;2019-06-01;Pre-covid;Pre-covid
2019;06;Galicia;Naranjas;4609.53;3960.69;0.86;56.96;1.7;1.46;2019-06-01;Pre-covid;Pre-covid
2019;06;Galicia;Mandarinas;477.5;710.78;1.49;19.74;0.18;0.26;2019-06-01;Pre-covid;Pre-covid
2019;06;Galicia;Limones;470.31;767.03;1.63;36.2;0.17;0.28;2019-06-01;Pre-covid;Pre-covid
2019;06;Galicia;Platanos;3562.2;5787.8;1.62;82.76;1.31;2.13;2019-06-01;Pre-covid;Pre-covid
2019;06;Galicia;Manzanas;2402.54;3503.12;1.46;69.0;0.88;1.29;2019-06-01;Pre-covid;Pre-covid
2019;06;Galicia;Peras;766.88;1203.67;1.57;37.44;0.28;0.44;2019-06-01;Pre-covid;Pre-covid
2019;06;Galicia;Melocotones;903.1;1553.16;1.72;39.33;0.33;0.57;2019-06-01;Pre-covid;Pre-covid
2019;06;Galicia;Nectarinas;1681.71;2876.43;1.71;61.45;0.62;1.06;2019-06-01;Pre-covid;Pre-covid
2019;06;Galicia;Albaricoques;916.91;1691.82;1.85;41.23;0.34;0.62;2019-06-01;Pre-covid;Pre-covid
2019;06;Galicia;Fresas/freson;545.66;2180.65;4.0;32.98;0.2;0.8;2019-06-01;Pre-covid;Pre-covid
2019;06;Galicia;Melon;1655.73;2199.77;1.33;43.85;0.61;0.81;2019-06-01;Pre-covid;Pre-covid
2019;06;Galicia;Sandia;2163.59;1947.87;0.9;44.33;0.8;0.72;2019-06-01;Pre-covid;Pre-covid
2019;06;Galicia;Ciruelas;324.95;691.44;2.13;20.86;0.12;0.25;2019-06-01;Pre-covid;Pre-covid
2019;06;Galicia;Cerezas;2651.33;9737.85;3.67;56.44;0.98;3.59;2019-06-01;Pre-covid;Pre-covid
2019;06;Galicia;Uvas;135.53;456.88;3.37;11.52;0.05;0.17;2019-06-01;Pre-covid;Pre-covid
2019;06;Galicia;Kiwi;665.84;1879.38;2.82;32.6;0.25;0.69;2019-06-01;Pre-covid;Pre-covid
2019;06;Galicia;Aguacate;287.49;1188.76;4.13;28.39;0.11;0.44;2019-06-01;Pre-covid;Pre-covid
2019;06;Galicia;Piña;436.12;646.07;1.48;18.02;0.16;0.24;2019-06-01;Pre-covid;Pre-covid
2019;06;Galicia;Otras frutas frescas;1383.97;3236.63;2.34;56.61;0.51;1.19;2019-06-01;Pre-covid;Pre-covid
2019;06;Galicia;Pomelo;111.96;202.03;1.8;4.58;0.04;0.07;2019-06-01;Pre-covid;Pre-covid
2019;06;Galicia;Chirimoya;0.0;0.0;0.0;0.0;0.0;0.0;2019-06-01;Pre-covid;Pre-covid
2019;06;Galicia;Mango;109.74;226.01;2.06;8.02;0.04;0.08;2019-06-01;Pre-covid;Pre-covid
2019;06;Galicia;Frutas iv gama;686.74;1468.02;2.14;22.65;0.25;0.54;2019-06-01;Pre-covid;Pre-covid
2019;06;La rioja;Frutas frescas;2285.86;3679.08;1.61;94.22;7.05;11.35;2019-06-01;Pre-covid;Pre-covid
2019;06;La rioja;Naranjas;482.53;509.35;1.06;49.58;1.49;1.57;2019-06-01;Pre-covid;Pre-covid
2019;06;La rioja;Mandarinas;24.64;37.71;1.53;5.95;0.08;0.12;2019-06-01;Pre-covid;Pre-covid
2019;06;La rioja;Limones;98.53;202.94;2.06;32.28;0.3;0.63;2019-06-01;Pre-covid;Pre-covid
2019;06;La rioja;Platanos;253.68;406.12;1.6;78.21;0.78;1.25;2019-06-01;Pre-covid;Pre-covid
2019;06;La rioja;Manzanas;182.29;281.41;1.54;63.94;0.56;0.87;2019-06-01;Pre-covid;Pre-covid
2019;06;La rioja;Peras;75.4;106.35;1.41;48.43;0.23;0.33;2019-06-01;Pre-covid;Pre-covid
2019;06;La rioja;Melocotones;84.21;160.99;1.91;51.85;0.26;0.5;2019-06-01;Pre-covid;Pre-covid
2019;06;La rioja;Nectarinas;98.54;207.74;2.11;39.14;0.3;0.64;2019-06-01;Pre-covid;Pre-covid
2019;06;La rioja;Albaricoques;116.82;186.79;1.6;44.23;0.36;0.58;2019-06-01;Pre-covid;Pre-covid
2019;06;La rioja;Fresas/freson;47.06;175.36;3.73;36.55;0.15;0.54;2019-06-01;Pre-covid;Pre-covid
2019;06;La rioja;Melon;214.35;285.54;1.33;41.19;0.66;0.88;2019-06-01;Pre-covid;Pre-covid
2019;06;La rioja;Sandia;294.86;245.1;0.83;53.87;0.91;0.76;2019-06-01;Pre-covid;Pre-covid
2019;06;La rioja;Ciruelas;7.44;20.03;2.69;10.29;0.02;0.06;2019-06-01;Pre-covid;Pre-covid
2019;06;La rioja;Cerezas;83.48;287.2;3.44;37.02;0.26;0.89;2019-06-01;Pre-covid;Pre-covid
2019;06;La rioja;Uvas;22.91;47.06;2.05;7.49;0.07;0.15;2019-06-01;Pre-covid;Pre-covid
2019;06;La rioja;Kiwi;59.36;208.05;3.5;27.13;0.18;0.64;2019-06-01;Pre-covid;Pre-covid
2019;06;La rioja;Aguacate;38.22;111.8;2.93;18.11;0.12;0.35;2019-06-01;Pre-covid;Pre-covid
2019;06;La rioja;Piña;30.67;45.65;1.49;15.02;0.09;0.14;2019-06-01;Pre-covid;Pre-covid
2019;06;La rioja;Otras frutas frescas;70.87;153.89;2.17;45.27;0.22;0.47;2019-06-01;Pre-covid;Pre-covid
2019;06;La rioja;Pomelo;5.72;11.16;1.95;7.54;0.02;0.03;2019-06-01;Pre-covid;Pre-covid
2019;06;La rioja;Chirimoya;0.0;0.0;0.0;0.0;0.0;0.0;2019-06-01;Pre-covid;Pre-covid
2019;06;La rioja;Mango;4.68;7.55;1.61;3.54;0.01;0.02;2019-06-01;Pre-covid;Pre-covid
2019;06;La rioja;Frutas iv gama;84.15;117.11;1.39;15.87;0.26;0.36;2019-06-01;Pre-covid;Pre-covid
2019;06;Madrid;Frutas frescas;55754.93;85782.65;1.54;96.27;8.81;13.56;2019-06-01;Pre-covid;Pre-covid
2019;06;Madrid;Naranjas;7817.0;6889.04;0.88;49.99;1.24;1.09;2019-06-01;Pre-covid;Pre-covid
2019;06;Madrid;Mandarinas;834.3;1064.54;1.28;16.52;0.13;0.17;2019-06-01;Pre-covid;Pre-covid
2019;06;Madrid;Limones;1390.24;2206.8;1.59;41.93;0.22;0.35;2019-06-01;Pre-covid;Pre-covid
2019;06;Madrid;Platanos;6066.76;9396.97;1.55;77.38;0.96;1.49;2019-06-01;Pre-covid;Pre-covid
2019;06;Madrid;Manzanas;3649.98;5447.13;1.49;57.2;0.58;0.86;2019-06-01;Pre-covid;Pre-covid
2019;06;Madrid;Peras;1475.61;2298.37;1.56;39.6;0.23;0.36;2019-06-01;Pre-covid;Pre-covid
2019;06;Madrid;Melocotones;2447.53;4587.49;1.87;46.58;0.39;0.73;2019-06-01;Pre-covid;Pre-covid
2019;06;Madrid;Nectarinas;1437.1;2647.57;1.84;32.79;0.23;0.42;2019-06-01;Pre-covid;Pre-covid
2019;06;Madrid;Albaricoques;2745.91;5136.86;1.87;46.95;0.43;0.81;2019-06-01;Pre-covid;Pre-covid
2019;06;Madrid;Fresas/freson;511.6;1380.77;2.7;21.15;0.08;0.22;2019-06-01;Pre-covid;Pre-covid
2019;06;Madrid;Melon;5500.46;7223.36;1.31;49.71;0.87;1.14;2019-06-01;Pre-covid;Pre-covid
2019;06;Madrid;Sandia;12522.73;10715.64;0.86;60.16;1.98;1.69;2019-06-01;Pre-covid;Pre-covid
2019;06;Madrid;Ciruelas;445.09;784.88;1.76;18.11;0.07;0.12;2019-06-01;Pre-covid;Pre-covid
2019;06;Madrid;Cerezas;3180.26;11205.59;3.52;60.8;0.5;1.77;2019-06-01;Pre-covid;Pre-covid
2019;06;Madrid;Uvas;258.22;897.06;3.47;9.79;0.04;0.14;2019-06-01;Pre-covid;Pre-covid
2019;06;Madrid;Kiwi;1212.19;3891.98;3.21;30.47;0.19;0.62;2019-06-01;Pre-covid;Pre-covid
2019;06;Madrid;Aguacate;584.44;2095.28;3.59;27.9;0.09;0.33;2019-06-01;Pre-covid;Pre-covid
2019;06;Madrid;Piña;916.08;1404.85;1.53;15.83;0.14;0.22;2019-06-01;Pre-covid;Pre-covid
2019;06;Madrid;Otras frutas frescas;2759.42;6508.48;2.36;55.13;0.44;1.03;2019-06-01;Pre-covid;Pre-covid
2019;06;Madrid;Pomelo;91.03;165.67;1.82;2.51;0.01;0.03;2019-06-01;Pre-covid;Pre-covid
2019;06;Madrid;Chirimoya;0.0;0.0;0.0;0.0;0.0;0.0;2019-06-01;Pre-covid;Pre-covid
2019;06;Madrid;Mango;337.39;762.57;2.26;10.96;0.05;0.12;2019-06-01;Pre-covid;Pre-covid
2019;06;Madrid;Frutas iv gama;2074.56;3453.03;1.66;29.08;0.33;0.55;2019-06-01;Pre-covid;Pre-covid
2019;06;Murcia;Frutas frescas;11242.3;16512.09;1.47;93.05;7.81;11.47;2019-06-01;Pre-covid;Pre-covid
2019;06;Murcia;Naranjas;1462.82;1152.15;0.79;32.49;1.02;0.8;2019-06-01;Pre-covid;Pre-covid
2019;06;Murcia;Mandarinas;120.44;123.28;1.02;6.89;0.08;0.09;2019-06-01;Pre-covid;Pre-covid
2019;06;Murcia;Limones;576.86;815.87;1.41;22.51;0.4;0.57;2019-06-01;Pre-covid;Pre-covid
2019;06;Murcia;Platanos;1346.41;1855.32;1.38;69.02;0.93;1.29;2019-06-01;Pre-covid;Pre-covid
2019;06;Murcia;Manzanas;705.46;973.12;1.38;43.65;0.49;0.68;2019-06-01;Pre-covid;Pre-covid
2019;06;Murcia;Peras;440.37;695.85;1.58;35.81;0.31;0.48;2019-06-01;Pre-covid;Pre-covid
2019;06;Murcia;Melocotones;600.41;1084.09;1.81;43.47;0.42;0.75;2019-06-01;Pre-covid;Pre-covid
2019;06;Murcia;Nectarinas;267.38;560.62;2.1;23.01;0.19;0.39;2019-06-01;Pre-covid;Pre-covid
2019;06;Murcia;Albaricoques;552.42;1195.69;2.16;31.72;0.38;0.83;2019-06-01;Pre-covid;Pre-covid
2019;06;Murcia;Fresas/freson;54.43;148.94;2.74;14.35;0.04;0.1;2019-06-01;Pre-covid;Pre-covid
2019;06;Murcia;Melon;1213.15;1275.76;1.05;38.14;0.84;0.89;2019-06-01;Pre-covid;Pre-covid
2019;06;Murcia;Sandia;2192.28;1808.91;0.83;53.25;1.52;1.26;2019-06-01;Pre-covid;Pre-covid
2019;06;Murcia;Ciruelas;185.7;394.62;2.13;17.87;0.13;0.27;2019-06-01;Pre-covid;Pre-covid
2019;06;Murcia;Cerezas;573.48;2062.15;3.6;45.49;0.4;1.43;2019-06-01;Pre-covid;Pre-covid
2019;06;Murcia;Uvas;29.93;124.24;4.15;7.51;0.02;0.09;2019-06-01;Pre-covid;Pre-covid
2019;06;Murcia;Kiwi;137.87;391.27;2.84;23.92;0.1;0.27;2019-06-01;Pre-covid;Pre-covid
2019;06;Murcia;Aguacate;96.97;383.8;3.96;27.33;0.07;0.27;2019-06-01;Pre-covid;Pre-covid
2019;06;Murcia;Piña;260.44;360.54;1.38;10.77;0.18;0.25;2019-06-01;Pre-covid;Pre-covid
2019;06;Murcia;Otras frutas frescas;425.48;1105.86;2.6;36.34;0.3;0.77;2019-06-01;Pre-covid;Pre-covid
2019;06;Murcia;Pomelo;26.71;45.49;1.7;2.85;0.02;0.03;2019-06-01;Pre-covid;Pre-covid
2019;06;Murcia;Chirimoya;0.0;0.0;0.0;0.0;0.0;0.0;2019-06-01;Pre-covid;Pre-covid
2019;06;Murcia;Mango;28.36;116.83;4.12;6.56;0.02;0.08;2019-06-01;Pre-covid;Pre-covid
2019;06;Murcia;Frutas iv gama;283.57;608.18;2.14;18.79;0.2;0.42;2019-06-01;Pre-covid;Pre-covid
2019;06;Navarra;Frutas frescas;5133.2;8964.21;1.75;94.85;8.59;15.0;2019-06-01;Pre-covid;Pre-covid
2019;06;Navarra;Naranjas;820.27;860.5;1.05;51.3;1.37;1.44;2019-06-01;Pre-covid;Pre-covid
2019;06;Navarra;Mandarinas;136.79;143.92;1.05;27.23;0.23;0.24;2019-06-01;Pre-covid;Pre-covid
2019;06;Navarra;Limones;120.81;209.34;1.73;37.99;0.2;0.35;2019-06-01;Pre-covid;Pre-covid
2019;06;Navarra;Platanos;577.02;1016.16;1.76;64.39;0.97;1.7;2019-06-01;Pre-covid;Pre-covid
2019;06;Navarra;Manzanas;610.9;772.32;1.26;50.45;1.02;1.29;2019-06-01;Pre-covid;Pre-covid
2019;06;Navarra;Peras;104.8;153.25;1.46;25.08;0.18;0.26;2019-06-01;Pre-covid;Pre-covid
2019;06;Navarra;Melocotones;161.67;321.28;1.99;51.33;0.27;0.54;2019-06-01;Pre-covid;Pre-covid
2019;06;Navarra;Nectarinas;147.03;288.37;1.96;29.55;0.25;0.48;2019-06-01;Pre-covid;Pre-covid
2019;06;Navarra;Albaricoques;173.96;353.67;2.03;39.21;0.29;0.59;2019-06-01;Pre-covid;Pre-covid
2019;06;Navarra;Fresas/freson;69.28;257.81;3.72;17.68;0.12;0.43;2019-06-01;Pre-covid;Pre-covid
2019;06;Navarra;Melon;492.82;784.37;1.59;47.95;0.82;1.31;2019-06-01;Pre-covid;Pre-covid
2019;06;Navarra;Sandia;688.47;565.05;0.82;41.95;1.15;0.95;2019-06-01;Pre-covid;Pre-covid
2019;06;Navarra;Ciruelas;9.58;21.46;2.24;6.49;0.02;0.04;2019-06-01;Pre-covid;Pre-covid
2019;06;Navarra;Cerezas;441.61;1559.0;3.53;56.82;0.74;2.61;2019-06-01;Pre-covid;Pre-covid
2019;06;Navarra;Uvas;5.84;22.94;3.93;3.17;0.01;0.04;2019-06-01;Pre-covid;Pre-covid
2019;06;Navarra;Kiwi;148.1;521.28;3.52;32.34;0.25;0.87;2019-06-01;Pre-covid;Pre-covid
2019;06;Navarra;Aguacate;113.83;497.44;4.37;46.3;0.19;0.83;2019-06-01;Pre-covid;Pre-covid
2019;06;Navarra;Piña;53.22;109.99;2.07;14.71;0.09;0.18;2019-06-01;Pre-covid;Pre-covid
2019;06;Navarra;Otras frutas frescas;257.21;506.06;1.97;50.38;0.43;0.85;2019-06-01;Pre-covid;Pre-covid
2019;06;Navarra;Pomelo;4.8;9.58;2.0;2.59;0.01;0.02;2019-06-01;Pre-covid;Pre-covid
2019;06;Navarra;Chirimoya;0.0;0.0;0.0;0.0;0.0;0.0;2019-06-01;Pre-covid;Pre-covid
2019;06;Navarra;Mango;11.69;32.33;2.77;6.8;0.02;0.05;2019-06-01;Pre-covid;Pre-covid
2019;06;Navarra;Frutas iv gama;169.22;393.92;2.33;28.23;0.28;0.66;2019-06-01;Pre-covid;Pre-covid
2019;06;Pais vasco;Frutas frescas;21542.65;36744.66;1.71;95.25;10.19;17.38;2019-06-01;Pre-covid;Pre-covid
2019;06;Pais vasco;Naranjas;3630.62;3369.3;0.93;47.96;1.72;1.59;2019-06-01;Pre-covid;Pre-covid
2019;06;Pais vasco;Mandarinas;412.89;704.95;1.71;17.38;0.2;0.33;2019-06-01;Pre-covid;Pre-covid
2019;06;Pais vasco;Limones;351.83;568.51;1.62;36.05;0.17;0.27;2019-06-01;Pre-covid;Pre-covid
2019;06;Pais vasco;Platanos;2639.67;4339.62;1.64;79.58;1.25;2.05;2019-06-01;Pre-covid;Pre-covid
2019;06;Pais vasco;Manzanas;1663.81;2326.88;1.4;58.84;0.79;1.1;2019-06-01;Pre-covid;Pre-covid
2019;06;Pais vasco;Peras;697.12;1162.65;1.67;42.01;0.33;0.55;2019-06-01;Pre-covid;Pre-covid
2019;06;Pais vasco;Melocotones;991.81;1882.41;1.9;42.27;0.47;0.89;2019-06-01;Pre-covid;Pre-covid
2019;06;Pais vasco;Nectarinas;1122.08;1930.66;1.72;47.49;0.53;0.91;2019-06-01;Pre-covid;Pre-covid
2019;06;Pais vasco;Albaricoques;894.46;1539.14;1.72;52.07;0.42;0.73;2019-06-01;Pre-covid;Pre-covid
2019;06;Pais vasco;Fresas/freson;222.98;580.64;2.6;25.6;0.11;0.27;2019-06-01;Pre-covid;Pre-covid
2019;06;Pais vasco;Melon;1661.4;2271.14;1.37;39.78;0.79;1.07;2019-06-01;Pre-covid;Pre-covid
2019;06;Pais vasco;Sandia;2958.59;2627.24;0.89;42.29;1.4;1.24;2019-06-01;Pre-covid;Pre-covid
2019;06;Pais vasco;Ciruelas;108.75;208.99;1.92;16.23;0.05;0.1;2019-06-01;Pre-covid;Pre-covid
2019;06;Pais vasco;Cerezas;1692.98;6787.32;4.01;68.28;0.8;3.21;2019-06-01;Pre-covid;Pre-covid
2019;06;Pais vasco;Uvas;78.2;162.9;2.08;5.37;0.04;0.08;2019-06-01;Pre-covid;Pre-covid
2019;06;Pais vasco;Kiwi;624.98;1900.75;3.04;38.99;0.3;0.9;2019-06-01;Pre-covid;Pre-covid
2019;06;Pais vasco;Aguacate;229.28;807.37;3.52;24.82;0.11;0.38;2019-06-01;Pre-covid;Pre-covid
2019;06;Pais vasco;Piña;411.92;784.26;1.9;18.41;0.19;0.37;2019-06-01;Pre-covid;Pre-covid
2019;06;Pais vasco;Otras frutas frescas;1149.27;2789.94;2.43;52.5;0.54;1.32;2019-06-01;Pre-covid;Pre-covid
2019;06;Pais vasco;Pomelo;95.67;173.2;1.81;5.67;0.05;0.08;2019-06-01;Pre-covid;Pre-covid
2019;06;Pais vasco;Chirimoya;0.0;0.0;0.0;0.0;0.0;0.0;2019-06-01;Pre-covid;Pre-covid
2019;06;Pais vasco;Mango;96.24;247.57;2.57;12.58;0.05;0.12;2019-06-01;Pre-covid;Pre-covid
2019;06;Pais vasco;Frutas iv gama;1547.42;2130.86;1.38;23.76;0.73;1.01;2019-06-01;Pre-covid;Pre-covid
2019;06;Valencia;Frutas frescas;41678.16;64914.2;1.56;94.7;8.58;13.37;2019-06-01;Pre-covid;Pre-covid
2019;06;Valencia;Naranjas;4733.72;4346.44;0.92;37.35;0.97;0.89;2019-06-01;Pre-covid;Pre-covid
2019;06;Valencia;Mandarinas;250.41;330.18;1.32;7.89;0.05;0.07;2019-06-01;Pre-covid;Pre-covid
2019;06;Valencia;Limones;981.56;1312.49;1.34;26.65;0.2;0.27;2019-06-01;Pre-covid;Pre-covid
2019;06;Valencia;Platanos;4894.44;7502.06;1.53;81.23;1.01;1.54;2019-06-01;Pre-covid;Pre-covid
2019;06;Valencia;Manzanas;2529.29;3765.4;1.49;56.22;0.52;0.78;2019-06-01;Pre-covid;Pre-covid
2019;06;Valencia;Peras;1191.36;1866.88;1.57;35.94;0.25;0.38;2019-06-01;Pre-covid;Pre-covid
2019;06;Valencia;Melocotones;2355.48;4023.88;1.71;50.22;0.48;0.83;2019-06-01;Pre-covid;Pre-covid
2019;06;Valencia;Nectarinas;1047.96;1722.71;1.64;28.76;0.22;0.35;2019-06-01;Pre-covid;Pre-covid
2019;06;Valencia;Albaricoques;2559.04;4763.86;1.86;44.76;0.53;0.98;2019-06-01;Pre-covid;Pre-covid
2019;06;Valencia;Fresas/freson;444.62;1481.32;3.33;21.99;0.09;0.3;2019-06-01;Pre-covid;Pre-covid
2019;06;Valencia;Melon;3449.06;4294.94;1.25;47.77;0.71;0.88;2019-06-01;Pre-covid;Pre-covid
2019;06;Valencia;Sandia;10317.28;9007.75;0.87;60.24;2.12;1.85;2019-06-01;Pre-covid;Pre-covid
2019;06;Valencia;Ciruelas;473.16;1044.03;2.21;18.76;0.1;0.21;2019-06-01;Pre-covid;Pre-covid
2019;06;Valencia;Cerezas;2430.41;8859.57;3.65;60.22;0.5;1.82;2019-06-01;Pre-covid;Pre-covid
2019;06;Valencia;Uvas;92.78;373.57;4.03;5.56;0.02;0.08;2019-06-01;Pre-covid;Pre-covid
2019;06;Valencia;Kiwi;881.4;2800.12;3.18;32.68;0.18;0.58;2019-06-01;Pre-covid;Pre-covid
2019;06;Valencia;Aguacate;496.67;1757.13;3.54;30.69;0.1;0.36;2019-06-01;Pre-covid;Pre-covid
2019;06;Valencia;Piña;627.21;915.0;1.46;15.64;0.13;0.19;2019-06-01;Pre-covid;Pre-covid
2019;06;Valencia;Otras frutas frescas;1922.31;4746.87;2.47;51.47;0.4;0.98;2019-06-01;Pre-covid;Pre-covid
2019;06;Valencia;Pomelo;135.38;399.34;2.95;3.0;0.03;0.08;2019-06-01;Pre-covid;Pre-covid
2019;06;Valencia;Chirimoya;0.0;0.0;0.0;0.0;0.0;0.0;2019-06-01;Pre-covid;Pre-covid
2019;06;Valencia;Mango;143.14;420.15;2.94;9.07;0.03;0.09;2019-06-01;Pre-covid;Pre-covid
2019;06;Valencia;Frutas iv gama;2102.39;3395.28;1.61;24.33;0.43;0.7;2019-06-01;Pre-covid;Pre-covid
2019;07;Nacional;Patatas;112316.35;109129.53;0.97;77.77;2.44;2.37;2019-07-01;Pre-covid;Pre-covid
2019;07;Nacional;Patatas frescas;83219.03;76077.41;0.91;63.13;1.8;1.65;2019-07-01;Pre-covid;Pre-covid
2019;07;Nacional;Patatas congeladas;2999.75;3928.74;1.31;9.34;0.07;0.09;2019-07-01;Pre-covid;Pre-covid
2019;07;Nacional;Patatas procesadas;5219.51;29123.38;5.58;49.33;0.11;0.63;2019-07-01;Pre-covid;Pre-covid
2019;07;Nacional;Patatas fritas;4440.13;27910.18;6.29;47.79;0.1;0.61;2019-07-01;Pre-covid;Pre-covid
2019;07;Nacional;Hortalizas frescas;235630.49;432441.46;1.84;95.83;5.11;9.38;2019-07-01;Pre-covid;Pre-covid
2019;07;Nacional;Omates;70499.11;114043.1;1.62;82.05;1.53;2.47;2019-07-01;Pre-covid;Pre-covid
2019;07;Nacional;Cebollas;29827.58;38554.34;1.29;64.12;0.65;0.84;2019-07-01;Pre-covid;Pre-covid
2019;07;Nacional;Ajos;4853.1;17891.93;3.69;30.45;0.11;0.39;2019-07-01;Pre-covid;Pre-covid
2019;07;Nacional;Coles;4264.82;4662.79;1.09;11.43;0.09;0.1;2019-07-01;Pre-covid;Pre-covid
2019;07;Nacional;Pepinos;14197.1;18075.91;1.27;49.4;0.31;0.39;2019-07-01;Pre-covid;Pre-covid
2019;07;Nacional;Judias verdes;8693.54;25507.85;2.93;28.98;0.19;0.55;2019-07-01;Pre-covid;Pre-covid
2019;07;Nacional;Pimientos;19178.22;40472.95;2.11;65.76;0.42;0.88;2019-07-01;Pre-covid;Pre-covid
2019;07;Nacional;Champiñoneso setas;3422.66;13639.3;3.98;30.14;0.07;0.3;2019-07-01;Pre-covid;Pre-covid
2019;07;Nacional;Lechuga/esc /endivia;18731.44;49395.37;2.64;68.62;0.41;1.07;2019-07-01;Pre-covid;Pre-covid
2019;07;Nacional;Esparragos;1759.95;4597.48;2.61;6.34;0.04;0.1;2019-07-01;Pre-covid;Pre-covid
2019;07;Nacional;Verduras de hoja;3156.22;8365.36;2.65;19.27;0.07;0.18;2019-07-01;Pre-covid;Pre-covid
2019;07;Nacional;Berenjenas;6790.24;10371.56;1.53;28.2;0.15;0.22;2019-07-01;Pre-covid;Pre-covid
2019;07;Nacional;Zanahorias;12765.28;12158.1;0.95;53.86;0.28;0.26;2019-07-01;Pre-covid;Pre-covid
2019;07;Nacional;Calabacines;16246.09;20363.88;1.25;48.27;0.35;0.44;2019-07-01;Pre-covid;Pre-covid
2019;07;Nacional;Otr hortalizas/verd ;21245.12;54341.54;2.56;62.73;0.46;1.18;2019-07-01;Pre-covid;Pre-covid
2019;07;Nacional;Brocoli;2721.72;5468.63;2.01;15.8;0.06;0.12;2019-07-01;Pre-covid;Pre-covid
2019;07;Nacional;Alcachofas;840.91;1515.14;1.8;3.01;0.02;0.03;2019-07-01;Pre-covid;Pre-covid
2019;07;Nacional;Apio;1231.43;1906.31;1.55;7.77;0.03;0.04;2019-07-01;Pre-covid;Pre-covid
2019;07;Nacional;Coliflor;1063.45;1821.69;1.71;5.21;0.02;0.04;2019-07-01;Pre-covid;Pre-covid
2019;07;Nacional;Verd /hort  iv gama;26829.23;66621.25;2.48;64.74;0.58;1.44;2019-07-01;Pre-covid;Pre-covid
2019;07;Nacional;Puerro;2777.98;7475.9;2.69;21.22;0.06;0.16;2019-07-01;Pre-covid;Pre-covid
2019;07;Andalucia;Patatas;21426.11;20429.25;0.95;80.68;2.47;2.35;2019-07-01;Pre-covid;Pre-covid
2019;07;Andalucia;Patatas frescas;14895.9;13304.28;0.89;59.46;1.72;1.53;2019-07-01;Pre-covid;Pre-covid
2019;07;Andalucia;Patatas congeladas;651.52;797.34;1.22;11.69;0.08;0.09;2019-07-01;Pre-covid;Pre-covid
2019;07;Andalucia;Patatas procesadas;1175.74;6327.63;5.38;57.54;0.14;0.73;2019-07-01;Pre-covid;Pre-covid
2019;07;Andalucia;Patatas fritas;1030.35;6121.49;5.94;55.67;0.12;0.71;2019-07-01;Pre-covid;Pre-covid
2019;07;Andalucia;Hortalizas frescas;40478.8;69395.74;1.71;95.81;4.66;7.99;2019-07-01;Pre-covid;Pre-covid
2019;07;Andalucia;Omates;14258.18;21428.96;1.5;78.84;1.64;2.47;2019-07-01;Pre-covid;Pre-covid
2019;07;Andalucia;Cebollas;4653.76;5736.73;1.23;64.79;0.54;0.66;2019-07-01;Pre-covid;Pre-covid
2019;07;Andalucia;Ajos;628.99;2246.52;3.57;33.87;0.07;0.26;2019-07-01;Pre-covid;Pre-covid
2019;07;Andalucia;Coles;479.29;515.59;1.08;8.48;0.06;0.06;2019-07-01;Pre-covid;Pre-covid
2019;07;Andalucia;Pepinos;2495.73;3099.34;1.24;52.68;0.29;0.36;2019-07-01;Pre-covid;Pre-covid
2019;07;Andalucia;Judias verdes;863.44;2559.14;2.96;23.05;0.1;0.29;2019-07-01;Pre-covid;Pre-covid
2019;07;Andalucia;Pimientos;3493.95;7077.91;2.03;67.08;0.4;0.82;2019-07-01;Pre-covid;Pre-covid
2019;07;Andalucia;Champiñoneso setas;563.22;2319.56;4.12;28.79;0.06;0.27;2019-07-01;Pre-covid;Pre-covid
2019;07;Andalucia;Lechuga/esc /endivia;2843.78;7138.88;2.51;69.85;0.33;0.82;2019-07-01;Pre-covid;Pre-covid
2019;07;Andalucia;Esparragos;249.22;669.21;2.69;4.31;0.03;0.08;2019-07-01;Pre-covid;Pre-covid
2019;07;Andalucia;Verduras de hoja;360.5;1031.05;2.86;14.28;0.04;0.12;2019-07-01;Pre-covid;Pre-covid
2019;07;Andalucia;Berenjenas;1406.87;2129.01;1.51;31.32;0.16;0.25;2019-07-01;Pre-covid;Pre-covid
2019;07;Andalucia;Zanahorias;2082.64;1902.18;0.91;50.97;0.24;0.22;2019-07-01;Pre-covid;Pre-covid
2019;07;Andalucia;Calabacines;2723.36;3420.7;1.26;46.11;0.31;0.39;2019-07-01;Pre-covid;Pre-covid
2019;07;Andalucia;Otr hortalizas/verd ;3375.86;8120.97;2.41;59.2;0.39;0.94;2019-07-01;Pre-covid;Pre-covid
2019;07;Andalucia;Brocoli;375.6;740.07;1.97;16.09;0.04;0.09;2019-07-01;Pre-covid;Pre-covid
2019;07;Andalucia;Alcachofas;288.86;397.72;1.38;2.74;0.03;0.05;2019-07-01;Pre-covid;Pre-covid
2019;07;Andalucia;Apio;267.37;390.52;1.46;7.4;0.03;0.04;2019-07-01;Pre-covid;Pre-covid
2019;07;Andalucia;Coliflor;156.3;261.75;1.67;4.33;0.02;0.03;2019-07-01;Pre-covid;Pre-covid
2019;07;Andalucia;Verd /hort  iv gama;4171.32;9806.36;2.35;62.41;0.48;1.13;2019-07-01;Pre-covid;Pre-covid
2019;07;Andalucia;Puerro;429.82;1023.55;2.38;16.83;0.05;0.12;2019-07-01;Pre-covid;Pre-covid
2019;07;Aragon;Patatas;2834.16;2892.62;1.02;75.81;2.16;2.21;2019-07-01;Pre-covid;Pre-covid
2019;07;Aragon;Patatas frescas;2104.78;2045.06;0.97;63.37;1.61;1.56;2019-07-01;Pre-covid;Pre-covid
2019;07;Aragon;Patatas congeladas;50.63;77.64;1.53;8.74;0.04;0.06;2019-07-01;Pre-covid;Pre-covid
2019;07;Aragon;Patatas procesadas;135.75;769.91;5.67;45.49;0.1;0.59;2019-07-01;Pre-covid;Pre-covid
2019;07;Aragon;Patatas fritas;107.65;726.56;6.75;41.57;0.08;0.55;2019-07-01;Pre-covid;Pre-covid
2019;07;Aragon;Hortalizas frescas;6971.79;12889.36;1.85;96.78;5.32;9.84;2019-07-01;Pre-covid;Pre-covid
2019;07;Aragon;Omates;2074.05;3541.03;1.71;77.84;1.58;2.7;2019-07-01;Pre-covid;Pre-covid
2019;07;Aragon;Cebollas;764.37;960.74;1.26;60.78;0.58;0.73;2019-07-01;Pre-covid;Pre-covid
2019;07;Aragon;Ajos;45.51;206.04;4.53;20.13;0.03;0.16;2019-07-01;Pre-covid;Pre-covid
2019;07;Aragon;Coles;70.55;82.19;1.16;7.73;0.05;0.06;2019-07-01;Pre-covid;Pre-covid
2019;07;Aragon;Pepinos;477.61;628.31;1.32;48.27;0.36;0.48;2019-07-01;Pre-covid;Pre-covid
2019;07;Aragon;Judias verdes;313.31;895.12;2.86;47.36;0.24;0.68;2019-07-01;Pre-covid;Pre-covid
2019;07;Aragon;Pimientos;549.78;1139.67;2.07;59.25;0.42;0.87;2019-07-01;Pre-covid;Pre-covid
2019;07;Aragon;Champiñoneso setas;129.33;460.05;3.56;38.4;0.1;0.35;2019-07-01;Pre-covid;Pre-covid
2019;07;Aragon;Lechuga/esc /endivia;557.15;1636.96;2.94;74.97;0.43;1.25;2019-07-01;Pre-covid;Pre-covid
2019;07;Aragon;Esparragos;46.8;126.71;2.71;8.41;0.04;0.1;2019-07-01;Pre-covid;Pre-covid
2019;07;Aragon;Verduras de hoja;125.68;214.87;1.71;17.95;0.1;0.16;2019-07-01;Pre-covid;Pre-covid
2019;07;Aragon;Berenjenas;186.51;277.66;1.49;22.17;0.14;0.21;2019-07-01;Pre-covid;Pre-covid
2019;07;Aragon;Zanahorias;285.0;258.76;0.91;48.7;0.22;0.2;2019-07-01;Pre-covid;Pre-covid
2019;07;Aragon;Calabacines;577.14;719.17;1.25;54.07;0.44;0.55;2019-07-01;Pre-covid;Pre-covid
2019;07;Aragon;Otr hortalizas/verd ;769.01;1742.07;2.27;60.58;0.59;1.33;2019-07-01;Pre-covid;Pre-covid
2019;07;Aragon;Brocoli;68.97;144.98;2.1;18.1;0.05;0.11;2019-07-01;Pre-covid;Pre-covid
2019;07;Aragon;Alcachofas;18.76;44.98;2.4;1.92;0.01;0.03;2019-07-01;Pre-covid;Pre-covid
2019;07;Aragon;Apio;137.49;178.51;1.3;9.33;0.1;0.14;2019-07-01;Pre-covid;Pre-covid
2019;07;Aragon;Coliflor;15.85;15.05;0.95;2.06;0.01;0.01;2019-07-01;Pre-covid;Pre-covid
2019;07;Aragon;Verd /hort  iv gama;670.99;1737.89;2.59;67.01;0.51;1.33;2019-07-01;Pre-covid;Pre-covid
2019;07;Aragon;Puerro;73.61;231.55;3.15;18.81;0.06;0.18;2019-07-01;Pre-covid;Pre-covid
2019;07;Asturias;Patatas;1973.16;2000.66;1.01;61.04;1.84;1.86;2019-07-01;Pre-covid;Pre-covid
2019;07;Asturias;Patatas frescas;1503.57;1478.89;0.98;58.36;1.4;1.38;2019-07-01;Pre-covid;Pre-covid
2019;07;Asturias;Patatas congeladas;74.92;86.05;1.15;7.93;0.07;0.08;2019-07-01;Pre-covid;Pre-covid
2019;07;Asturias;Patatas procesadas;78.93;435.71;5.52;30.34;0.07;0.41;2019-07-01;Pre-covid;Pre-covid
2019;07;Asturias;Patatas fritas;62.34;412.32;6.61;28.08;0.06;0.38;2019-07-01;Pre-covid;Pre-covid
2019;07;Asturias;Hortalizas frescas;4432.72;8938.14;2.02;93.95;4.12;8.32;2019-07-01;Pre-covid;Pre-covid
2019;07;Asturias;Omates;1178.46;2074.93;1.76;79.31;1.1;1.93;2019-07-01;Pre-covid;Pre-covid
2019;07;Asturias;Cebollas;640.69;904.4;1.41;73.05;0.6;0.84;2019-07-01;Pre-covid;Pre-covid
2019;07;Asturias;Ajos;79.0;356.66;4.51;38.46;0.07;0.33;2019-07-01;Pre-covid;Pre-covid
2019;07;Asturias;Coles;95.87;119.73;1.25;14.89;0.09;0.11;2019-07-01;Pre-covid;Pre-covid
2019;07;Asturias;Pepinos;167.47;203.72;1.22;26.92;0.16;0.19;2019-07-01;Pre-covid;Pre-covid
2019;07;Asturias;Judias verdes;213.16;650.32;3.05;26.92;0.2;0.61;2019-07-01;Pre-covid;Pre-covid
2019;07;Asturias;Pimientos;442.36;1055.05;2.39;65.74;0.41;0.98;2019-07-01;Pre-covid;Pre-covid
2019;07;Asturias;Champiñoneso setas;60.94;238.59;3.92;20.8;0.06;0.22;2019-07-01;Pre-covid;Pre-covid
2019;07;Asturias;Lechuga/esc /endivia;368.33;950.42;2.58;64.63;0.34;0.88;2019-07-01;Pre-covid;Pre-covid
2019;07;Asturias;Esparragos;31.85;44.91;1.41;4.94;0.03;0.04;2019-07-01;Pre-covid;Pre-covid
2019;07;Asturias;Verduras de hoja;317.53;808.51;2.55;10.99;0.3;0.75;2019-07-01;Pre-covid;Pre-covid
2019;07;Asturias;Berenjenas;72.14;109.73;1.52;19.12;0.07;0.1;2019-07-01;Pre-covid;Pre-covid
2019;07;Asturias;Zanahorias;179.74;173.9;0.97;41.25;0.17;0.16;2019-07-01;Pre-covid;Pre-covid
2019;07;Asturias;Calabacines;234.16;291.93;1.25;37.25;0.22;0.27;2019-07-01;Pre-covid;Pre-covid
2019;07;Asturias;Otr hortalizas/verd ;351.03;955.34;2.72;51.45;0.33;0.89;2019-07-01;Pre-covid;Pre-covid
2019;07;Asturias;Brocoli;70.38;165.83;2.36;18.34;0.07;0.15;2019-07-01;Pre-covid;Pre-covid
2019;07;Asturias;Alcachofas;2.4;3.36;1.4;1.26;0.0;0.0;2019-07-01;Pre-covid;Pre-covid
2019;07;Asturias;Apio;18.58;21.75;1.17;4.53;0.02;0.02;2019-07-01;Pre-covid;Pre-covid
2019;07;Asturias;Coliflor;27.37;46.29;1.69;8.81;0.03;0.04;2019-07-01;Pre-covid;Pre-covid
2019;07;Asturias;Verd /hort  iv gama;661.77;1880.2;2.84;54.7;0.62;1.75;2019-07-01;Pre-covid;Pre-covid
2019;07;Asturias;Puerro;36.53;124.02;3.4;16.4;0.03;0.12;2019-07-01;Pre-covid;Pre-covid
2019;07;Baleares;Patatas;2259.38;2410.33;1.07;77.84;2.14;2.28;2019-07-01;Pre-covid;Pre-covid
2019;07;Baleares;Patatas frescas;1294.93;1314.29;1.01;62.36;1.23;1.25;2019-07-01;Pre-covid;Pre-covid
2019;07;Baleares;Patatas congeladas;92.53;109.42;1.18;6.54;0.09;0.1;2019-07-01;Pre-covid;Pre-covid
2019;07;Baleares;Patatas procesadas;174.38;986.63;5.66;55.15;0.17;0.93;2019-07-01;Pre-covid;Pre-covid
2019;07;Baleares;Patatas fritas;147.22;946.04;6.43;52.28;0.14;0.9;2019-07-01;Pre-covid;Pre-covid
2019;07;Baleares;Hortalizas frescas;5580.89;10829.15;1.94;95.53;5.29;10.26;2019-07-01;Pre-covid;Pre-covid
2019;07;Baleares;Omates;1586.82;2668.24;1.68;88.31;1.5;2.53;2019-07-01;Pre-covid;Pre-covid
2019;07;Baleares;Cebollas;665.6;989.69;1.49;67.12;0.63;0.94;2019-07-01;Pre-covid;Pre-covid
2019;07;Baleares;Ajos;66.07;312.38;4.73;32.62;0.06;0.3;2019-07-01;Pre-covid;Pre-covid
2019;07;Baleares;Coles;65.39;75.93;1.16;8.93;0.06;0.07;2019-07-01;Pre-covid;Pre-covid
2019;07;Baleares;Pepinos;286.08;378.32;1.32;50.98;0.27;0.36;2019-07-01;Pre-covid;Pre-covid
2019;07;Baleares;Judias verdes;171.11;393.43;2.3;24.76;0.16;0.37;2019-07-01;Pre-covid;Pre-covid
2019;07;Baleares;Pimientos;514.56;1142.85;2.22;74.46;0.49;1.08;2019-07-01;Pre-covid;Pre-covid
2019;07;Baleares;Champiñoneso setas;120.63;527.19;4.37;35.53;0.11;0.5;2019-07-01;Pre-covid;Pre-covid
2019;07;Baleares;Lechuga/esc /endivia;492.72;1449.5;2.94;72.98;0.47;1.37;2019-07-01;Pre-covid;Pre-covid
2019;07;Baleares;Esparragos;52.81;109.36;2.07;6.03;0.05;0.1;2019-07-01;Pre-covid;Pre-covid
2019;07;Baleares;Verduras de hoja;57.57;216.58;3.76;24.92;0.05;0.21;2019-07-01;Pre-covid;Pre-covid
2019;07;Baleares;Berenjenas;169.03;246.77;1.46;39.89;0.16;0.23;2019-07-01;Pre-covid;Pre-covid
2019;07;Baleares;Zanahorias;402.68;347.01;0.86;62.7;0.38;0.33;2019-07-01;Pre-covid;Pre-covid
2019;07;Baleares;Calabacines;292.93;390.71;1.33;40.47;0.28;0.37;2019-07-01;Pre-covid;Pre-covid
2019;07;Baleares;Otr hortalizas/verd ;636.88;1581.19;2.48;74.93;0.6;1.5;2019-07-01;Pre-covid;Pre-covid
2019;07;Baleares;Brocoli;112.03;218.08;1.95;28.67;0.11;0.21;2019-07-01;Pre-covid;Pre-covid
2019;07;Baleares;Alcachofas;30.8;69.69;2.26;11.33;0.03;0.07;2019-07-01;Pre-covid;Pre-covid
2019;07;Baleares;Apio;15.59;35.68;2.29;6.36;0.01;0.03;2019-07-01;Pre-covid;Pre-covid
2019;07;Baleares;Coliflor;104.37;172.15;1.65;20.29;0.1;0.16;2019-07-01;Pre-covid;Pre-covid
2019;07;Baleares;Verd /hort  iv gama;645.15;1790.01;2.77;70.88;0.61;1.7;2019-07-01;Pre-covid;Pre-covid
2019;07;Baleares;Puerro;50.4;142.47;2.83;15.69;0.05;0.14;2019-07-01;Pre-covid;Pre-covid
2019;07;Canarias;Patatas;4580.03;4569.52;1.0;77.73;2.07;2.07;2019-07-01;Pre-covid;Pre-covid
2019;07;Canarias;Patatas frescas;3417.98;3381.68;0.99;62.33;1.55;1.53;2019-07-01;Pre-covid;Pre-covid
2019;07;Canarias;Patatas congeladas;292.62;342.28;1.17;12.12;0.13;0.15;2019-07-01;Pre-covid;Pre-covid
2019;07;Canarias;Patatas procesadas;173.88;845.56;4.86;44.21;0.08;0.38;2019-07-01;Pre-covid;Pre-covid
2019;07;Canarias;Patatas fritas;136.7;782.51;5.72;42.63;0.06;0.35;2019-07-01;Pre-covid;Pre-covid
2019;07;Canarias;Hortalizas frescas;9362.12;17308.92;1.85;97.03;4.24;7.84;2019-07-01;Pre-covid;Pre-covid
2019;07;Canarias;Omates;2015.04;3178.61;1.58;81.86;0.91;1.44;2019-07-01;Pre-covid;Pre-covid
2019;07;Canarias;Cebollas;1121.62;1533.9;1.37;63.87;0.51;0.69;2019-07-01;Pre-covid;Pre-covid
2019;07;Canarias;Ajos;81.23;364.06;4.48;34.22;0.04;0.16;2019-07-01;Pre-covid;Pre-covid
2019;07;Canarias;Coles;238.92;255.58;1.07;23.6;0.11;0.12;2019-07-01;Pre-covid;Pre-covid
2019;07;Canarias;Pepinos;423.53;606.31;1.43;41.87;0.19;0.27;2019-07-01;Pre-covid;Pre-covid
2019;07;Canarias;Judias verdes;311.37;560.46;1.8;19.69;0.14;0.25;2019-07-01;Pre-covid;Pre-covid
2019;07;Canarias;Pimientos;925.85;1686.1;1.82;80.36;0.42;0.76;2019-07-01;Pre-covid;Pre-covid
2019;07;Canarias;Champiñoneso setas;164.79;701.26;4.26;30.47;0.07;0.32;2019-07-01;Pre-covid;Pre-covid
2019;07;Canarias;Lechuga/esc /endivia;583.18;1782.54;3.06;59.93;0.26;0.81;2019-07-01;Pre-covid;Pre-covid
2019;07;Canarias;Esparragos;26.07;72.18;2.77;2.2;0.01;0.03;2019-07-01;Pre-covid;Pre-covid
2019;07;Canarias;Verduras de hoja;48.93;235.28;4.81;14.07;0.02;0.11;2019-07-01;Pre-covid;Pre-covid
2019;07;Canarias;Berenjenas;173.75;230.1;1.32;23.76;0.08;0.1;2019-07-01;Pre-covid;Pre-covid
2019;07;Canarias;Zanahorias;836.86;797.65;0.95;72.86;0.38;0.36;2019-07-01;Pre-covid;Pre-covid
2019;07;Canarias;Calabacines;1044.04;1601.1;1.53;61.12;0.47;0.72;2019-07-01;Pre-covid;Pre-covid
2019;07;Canarias;Otr hortalizas/verd ;1366.93;3703.78;2.71;68.8;0.62;1.68;2019-07-01;Pre-covid;Pre-covid
2019;07;Canarias;Brocoli;15.95;57.18;3.58;2.76;0.01;0.03;2019-07-01;Pre-covid;Pre-covid
2019;07;Canarias;Alcachofas;9.25;14.25;1.54;0.61;0.0;0.01;2019-07-01;Pre-covid;Pre-covid
2019;07;Canarias;Apio;50.37;84.93;1.69;6.91;0.02;0.04;2019-07-01;Pre-covid;Pre-covid
2019;07;Canarias;Coliflor;40.71;81.89;2.01;2.97;0.02;0.04;2019-07-01;Pre-covid;Pre-covid
2019;07;Canarias;Verd /hort  iv gama;1473.41;3788.44;2.57;66.22;0.67;1.72;2019-07-01;Pre-covid;Pre-covid
2019;07;Canarias;Puerro;78.38;179.59;2.29;20.95;0.04;0.08;2019-07-01;Pre-covid;Pre-covid
2019;07;Cantabria;Patatas;1704.74;1631.57;0.96;86.09;3.02;2.9;2019-07-01;Pre-covid;Pre-covid
2019;07;Cantabria;Patatas frescas;1380.88;1263.28;0.91;72.51;2.45;2.24;2019-07-01;Pre-covid;Pre-covid
2019;07;Cantabria;Patatas congeladas;41.9;44.29;1.06;9.99;0.07;0.08;2019-07-01;Pre-covid;Pre-covid
2019;07;Cantabria;Patatas procesadas;56.39;324.0;5.75;50.07;0.1;0.57;2019-07-01;Pre-covid;Pre-covid
2019;07;Cantabria;Patatas fritas;49.13;313.18;6.37;48.09;0.09;0.56;2019-07-01;Pre-covid;Pre-covid
2019;07;Cantabria;Hortalizas frescas;2151.04;3955.89;1.84;96.86;3.82;7.02;2019-07-01;Pre-covid;Pre-covid
2019;07;Cantabria;Omates;660.1;1157.81;1.75;83.0;1.17;2.05;2019-07-01;Pre-covid;Pre-covid
2019;07;Cantabria;Cebollas;298.41;350.41;1.17;66.68;0.53;0.62;2019-07-01;Pre-covid;Pre-covid
2019;07;Cantabria;Ajos;19.47;90.98;4.67;25.44;0.03;0.16;2019-07-01;Pre-covid;Pre-covid
2019;07;Cantabria;Coles;43.65;44.47;1.02;2.49;0.08;0.08;2019-07-01;Pre-covid;Pre-covid
2019;07;Cantabria;Pepinos;122.29;155.82;1.27;25.95;0.22;0.28;2019-07-01;Pre-covid;Pre-covid
2019;07;Cantabria;Judias verdes;87.15;267.68;3.07;24.17;0.15;0.47;2019-07-01;Pre-covid;Pre-covid
2019;07;Cantabria;Pimientos;168.47;389.97;2.31;70.94;0.3;0.69;2019-07-01;Pre-covid;Pre-covid
2019;07;Cantabria;Champiñoneso setas;28.71;132.51;4.62;24.05;0.05;0.24;2019-07-01;Pre-covid;Pre-covid
2019;07;Cantabria;Lechuga/esc /endivia;143.88;398.71;2.77;59.13;0.26;0.71;2019-07-01;Pre-covid;Pre-covid
2019;07;Cantabria;Esparragos;0.74;3.85;5.17;0.86;0.0;0.01;2019-07-01;Pre-covid;Pre-covid
2019;07;Cantabria;Verduras de hoja;7.5;34.82;4.65;8.42;0.01;0.06;2019-07-01;Pre-covid;Pre-covid
2019;07;Cantabria;Berenjenas;37.27;67.65;1.82;16.94;0.07;0.12;2019-07-01;Pre-covid;Pre-covid
2019;07;Cantabria;Zanahorias;142.81;120.15;0.84;54.21;0.25;0.21;2019-07-01;Pre-covid;Pre-covid
2019;07;Cantabria;Calabacines;131.69;151.41;1.15;48.31;0.23;0.27;2019-07-01;Pre-covid;Pre-covid
2019;07;Cantabria;Otr hortalizas/verd ;258.91;589.65;2.28;46.49;0.46;1.05;2019-07-01;Pre-covid;Pre-covid
2019;07;Cantabria;Brocoli;42.49;84.36;1.99;17.4;0.08;0.15;2019-07-01;Pre-covid;Pre-covid
2019;07;Cantabria;Alcachofas;0.0;0.0;0.0;0.0;0.0;0.0;2019-07-01;Pre-covid;Pre-covid
2019;07;Cantabria;Apio;1.87;3.73;2.0;0.26;0.0;0.01;2019-07-01;Pre-covid;Pre-covid
2019;07;Cantabria;Coliflor;18.82;31.75;1.69;6.55;0.03;0.06;2019-07-01;Pre-covid;Pre-covid
2019;07;Cantabria;Verd /hort  iv gama;334.43;769.91;2.3;52.77;0.59;1.37;2019-07-01;Pre-covid;Pre-covid
2019;07;Cantabria;Puerro;16.87;59.6;3.53;15.68;0.03;0.11;2019-07-01;Pre-covid;Pre-covid
2019;07;Castilla la mancha;Patatas;4951.59;4658.36;0.94;74.94;2.36;2.22;2019-07-01;Pre-covid;Pre-covid
2019;07;Castilla la mancha;Patatas frescas;3577.28;3093.44;0.86;63.17;1.71;1.48;2019-07-01;Pre-covid;Pre-covid
2019;07;Castilla la mancha;Patatas congeladas;162.08;192.5;1.19;13.91;0.08;0.09;2019-07-01;Pre-covid;Pre-covid
2019;07;Castilla la mancha;Patatas procesadas;242.45;1372.41;5.66;51.15;0.12;0.65;2019-07-01;Pre-covid;Pre-covid
2019;07;Castilla la mancha;Patatas fritas;224.39;1339.67;5.97;50.26;0.11;0.64;2019-07-01;Pre-covid;Pre-covid
2019;07;Castilla la mancha;Hortalizas frescas;8488.99;14549.78;1.71;94.64;4.05;6.94;2019-07-01;Pre-covid;Pre-covid
2019;07;Castilla la mancha;Omates;2789.61;4323.88;1.55;82.28;1.33;2.06;2019-07-01;Pre-covid;Pre-covid
2019;07;Castilla la mancha;Cebollas;769.29;910.61;1.18;56.35;0.37;0.43;2019-07-01;Pre-covid;Pre-covid
2019;07;Castilla la mancha;Ajos;121.04;415.36;3.43;21.73;0.06;0.2;2019-07-01;Pre-covid;Pre-covid
2019;07;Castilla la mancha;Coles;44.97;47.24;1.05;3.66;0.02;0.02;2019-07-01;Pre-covid;Pre-covid
2019;07;Castilla la mancha;Pepinos;762.07;934.89;1.23;52.87;0.36;0.45;2019-07-01;Pre-covid;Pre-covid
2019;07;Castilla la mancha;Judias verdes;231.42;687.68;2.97;23.95;0.11;0.33;2019-07-01;Pre-covid;Pre-covid
2019;07;Castilla la mancha;Pimientos;732.18;1503.97;2.05;63.05;0.35;0.72;2019-07-01;Pre-covid;Pre-covid
2019;07;Castilla la mancha;Champiñoneso setas;142.0;506.21;3.56;26.2;0.07;0.24;2019-07-01;Pre-covid;Pre-covid
2019;07;Castilla la mancha;Lechuga/esc /endivia;476.0;1235.14;2.59;63.67;0.23;0.59;2019-07-01;Pre-covid;Pre-covid
2019;07;Castilla la mancha;Esparragos;78.4;178.25;2.27;7.66;0.04;0.09;2019-07-01;Pre-covid;Pre-covid
2019;07;Castilla la mancha;Verduras de hoja;87.55;237.85;2.72;15.08;0.04;0.11;2019-07-01;Pre-covid;Pre-covid
2019;07;Castilla la mancha;Berenjenas;167.83;233.27;1.39;24.51;0.08;0.11;2019-07-01;Pre-covid;Pre-covid
2019;07;Castilla la mancha;Zanahorias;407.47;342.66;0.84;49.7;0.19;0.16;2019-07-01;Pre-covid;Pre-covid
2019;07;Castilla la mancha;Calabacines;806.37;929.41;1.15;45.5;0.38;0.44;2019-07-01;Pre-covid;Pre-covid
2019;07;Castilla la mancha;Otr hortalizas/verd ;872.79;2063.37;2.36;60.41;0.42;0.98;2019-07-01;Pre-covid;Pre-covid
2019;07;Castilla la mancha;Brocoli;58.37;128.26;2.2;10.49;0.03;0.06;2019-07-01;Pre-covid;Pre-covid
2019;07;Castilla la mancha;Alcachofas;2.74;9.47;3.45;1.17;0.0;0.0;2019-07-01;Pre-covid;Pre-covid
2019;07;Castilla la mancha;Apio;20.03;38.54;1.92;4.19;0.01;0.02;2019-07-01;Pre-covid;Pre-covid
2019;07;Castilla la mancha;Coliflor;25.77;47.69;1.85;3.03;0.01;0.02;2019-07-01;Pre-covid;Pre-covid
2019;07;Castilla la mancha;Verd /hort  iv gama;806.83;1840.87;2.28;59.03;0.38;0.88;2019-07-01;Pre-covid;Pre-covid
2019;07;Castilla la mancha;Puerro;123.66;289.41;2.34;26.2;0.06;0.14;2019-07-01;Pre-covid;Pre-covid
2019;07;Castilla leon;Patatas;4725.32;4422.37;0.94;72.74;1.97;1.84;2019-07-01;Pre-covid;Pre-covid
2019;07;Castilla leon;Patatas frescas;3436.68;3054.49;0.89;61.7;1.43;1.27;2019-07-01;Pre-covid;Pre-covid
2019;07;Castilla leon;Patatas congeladas;83.62;102.62;1.23;5.65;0.03;0.04;2019-07-01;Pre-covid;Pre-covid
2019;07;Castilla leon;Patatas procesadas;241.0;1265.26;5.25;45.54;0.1;0.53;2019-07-01;Pre-covid;Pre-covid
2019;07;Castilla leon;Patatas fritas;189.5;1185.55;6.26;44.76;0.08;0.49;2019-07-01;Pre-covid;Pre-covid
2019;07;Castilla leon;Hortalizas frescas;15666.72;29129.97;1.86;95.91;6.52;12.12;2019-07-01;Pre-covid;Pre-covid
2019;07;Castilla leon;Omates;3605.36;5366.8;1.49;81.81;1.5;2.23;2019-07-01;Pre-covid;Pre-covid
2019;07;Castilla leon;Cebollas;3066.23;3811.91;1.24;57.35;1.28;1.59;2019-07-01;Pre-covid;Pre-covid
2019;07;Castilla leon;Ajos;1485.48;4802.69;3.23;29.89;0.62;2.0;2019-07-01;Pre-covid;Pre-covid
2019;07;Castilla leon;Coles;203.08;202.13;1.0;9.54;0.08;0.08;2019-07-01;Pre-covid;Pre-covid
2019;07;Castilla leon;Pepinos;780.5;901.5;1.16;45.12;0.32;0.38;2019-07-01;Pre-covid;Pre-covid
2019;07;Castilla leon;Judias verdes;864.51;2998.39;3.47;25.99;0.36;1.25;2019-07-01;Pre-covid;Pre-covid
2019;07;Castilla leon;Pimientos;989.07;2208.62;2.23;65.9;0.41;0.92;2019-07-01;Pre-covid;Pre-covid
2019;07;Castilla leon;Champiñoneso setas;163.98;641.0;3.91;24.21;0.07;0.27;2019-07-01;Pre-covid;Pre-covid
2019;07;Castilla leon;Lechuga/esc /endivia;1211.53;2886.28;2.38;68.18;0.5;1.2;2019-07-01;Pre-covid;Pre-covid
2019;07;Castilla leon;Esparragos;46.36;95.38;2.06;2.62;0.02;0.04;2019-07-01;Pre-covid;Pre-covid
2019;07;Castilla leon;Verduras de hoja;110.62;309.93;2.8;14.21;0.05;0.13;2019-07-01;Pre-covid;Pre-covid
2019;07;Castilla leon;Berenjenas;146.26;233.91;1.6;19.92;0.06;0.1;2019-07-01;Pre-covid;Pre-covid
2019;07;Castilla leon;Zanahorias;928.49;850.21;0.92;58.73;0.39;0.35;2019-07-01;Pre-covid;Pre-covid
2019;07;Castilla leon;Calabacines;1058.43;1142.02;1.08;46.82;0.44;0.48;2019-07-01;Pre-covid;Pre-covid
2019;07;Castilla leon;Otr hortalizas/verd ;1006.81;2679.2;2.66;56.75;0.42;1.11;2019-07-01;Pre-covid;Pre-covid
2019;07;Castilla leon;Brocoli;157.58;314.76;2.0;17.87;0.07;0.13;2019-07-01;Pre-covid;Pre-covid
2019;07;Castilla leon;Alcachofas;3.97;12.68;3.2;0.56;0.0;0.01;2019-07-01;Pre-covid;Pre-covid
2019;07;Castilla leon;Apio;25.84;41.1;1.59;4.06;0.01;0.02;2019-07-01;Pre-covid;Pre-covid
2019;07;Castilla leon;Coliflor;64.0;106.34;1.66;7.38;0.03;0.04;2019-07-01;Pre-covid;Pre-covid
2019;07;Castilla leon;Verd /hort  iv gama;1144.98;3190.68;2.79;57.81;0.48;1.33;2019-07-01;Pre-covid;Pre-covid
2019;07;Castilla leon;Puerro;127.29;443.77;3.49;27.93;0.05;0.18;2019-07-01;Pre-covid;Pre-covid
2019;07;Cataluña;Patatas;18423.96;18959.58;1.03;81.68;2.57;2.65;2019-07-01;Pre-covid;Pre-covid
2019;07;Cataluña;Patatas frescas;12923.77;12521.72;0.97;70.89;1.81;1.75;2019-07-01;Pre-covid;Pre-covid
2019;07;Cataluña;Patatas congeladas;418.75;613.77;1.47;8.95;0.06;0.09;2019-07-01;Pre-covid;Pre-covid
2019;07;Cataluña;Patatas procesadas;1016.29;5824.08;5.73;54.33;0.14;0.81;2019-07-01;Pre-covid;Pre-covid
2019;07;Cataluña;Patatas fritas;836.86;5534.14;6.61;52.56;0.12;0.77;2019-07-01;Pre-covid;Pre-covid
2019;07;Cataluña;Hortalizas frescas;41080.76;78904.75;1.92;97.08;5.74;11.02;2019-07-01;Pre-covid;Pre-covid
2019;07;Cataluña;Omates;13401.91;22954.12;1.71;87.62;1.87;3.21;2019-07-01;Pre-covid;Pre-covid
2019;07;Cataluña;Cebollas;4904.25;6680.03;1.36;67.64;0.69;0.93;2019-07-01;Pre-covid;Pre-covid
2019;07;Cataluña;Ajos;348.49;1680.04;4.82;25.46;0.05;0.23;2019-07-01;Pre-covid;Pre-covid
2019;07;Cataluña;Coles;694.63;814.25;1.17;12.28;0.1;0.11;2019-07-01;Pre-covid;Pre-covid
2019;07;Cataluña;Pepinos;2326.57;3215.22;1.38;49.67;0.33;0.45;2019-07-01;Pre-covid;Pre-covid
2019;07;Cataluña;Judias verdes;2109.65;5654.24;2.68;37.48;0.29;0.79;2019-07-01;Pre-covid;Pre-covid
2019;07;Cataluña;Pimientos;2829.34;6452.9;2.28;61.39;0.4;0.9;2019-07-01;Pre-covid;Pre-covid
2019;07;Cataluña;Champiñoneso setas;445.75;1883.7;4.23;29.37;0.06;0.26;2019-07-01;Pre-covid;Pre-covid
2019;07;Cataluña;Lechuga/esc /endivia;3388.81;9447.51;2.79;74.48;0.47;1.32;2019-07-01;Pre-covid;Pre-covid
2019;07;Cataluña;Esparragos;499.63;1189.79;2.38;7.57;0.07;0.17;2019-07-01;Pre-covid;Pre-covid
2019;07;Cataluña;Verduras de hoja;603.97;1616.82;2.68;23.13;0.08;0.23;2019-07-01;Pre-covid;Pre-covid
2019;07;Cataluña;Berenjenas;1508.59;2391.97;1.59;33.08;0.21;0.33;2019-07-01;Pre-covid;Pre-covid
2019;07;Cataluña;Zanahorias;2041.67;2154.79;1.06;53.51;0.29;0.3;2019-07-01;Pre-covid;Pre-covid
2019;07;Cataluña;Calabacines;2686.68;3317.26;1.23;48.02;0.38;0.46;2019-07-01;Pre-covid;Pre-covid
2019;07;Cataluña;Otr hortalizas/verd ;3290.83;9452.1;2.87;67.38;0.46;1.32;2019-07-01;Pre-covid;Pre-covid
2019;07;Cataluña;Brocoli;497.65;1064.57;2.14;16.83;0.07;0.15;2019-07-01;Pre-covid;Pre-covid
2019;07;Cataluña;Alcachofas;60.01;168.48;2.81;3.87;0.01;0.02;2019-07-01;Pre-covid;Pre-covid
2019;07;Cataluña;Apio;302.79;466.89;1.54;10.15;0.04;0.07;2019-07-01;Pre-covid;Pre-covid
2019;07;Cataluña;Coliflor;130.11;235.89;1.81;4.51;0.02;0.03;2019-07-01;Pre-covid;Pre-covid
2019;07;Cataluña;Verd /hort  iv gama;5296.43;13231.51;2.5;71.26;0.74;1.85;2019-07-01;Pre-covid;Pre-covid
2019;07;Cataluña;Puerro;511.65;1241.47;2.43;20.68;0.07;0.17;2019-07-01;Pre-covid;Pre-covid
2019;07;Extremadura;Patatas;3321.64;3189.33;0.96;74.15;2.82;2.71;2019-07-01;Pre-covid;Pre-covid
2019;07;Extremadura;Patatas frescas;2729.73;2529.78;0.93;51.46;2.32;2.15;2019-07-01;Pre-covid;Pre-covid
2019;07;Extremadura;Patatas congeladas;107.09;126.61;1.18;16.43;0.09;0.11;2019-07-01;Pre-covid;Pre-covid
2019;07;Extremadura;Patatas procesadas;96.96;532.95;5.5;50.22;0.08;0.45;2019-07-01;Pre-covid;Pre-covid
2019;07;Extremadura;Patatas fritas;88.68;519.81;5.86;48.22;0.08;0.44;2019-07-01;Pre-covid;Pre-covid
2019;07;Extremadura;Hortalizas frescas;8669.64;15214.15;1.75;97.05;7.37;12.93;2019-07-01;Pre-covid;Pre-covid
2019;07;Extremadura;Omates;3506.21;5799.45;1.65;86.74;2.98;4.93;2019-07-01;Pre-covid;Pre-covid
2019;07;Extremadura;Cebollas;1009.79;1333.35;1.32;63.2;0.86;1.13;2019-07-01;Pre-covid;Pre-covid
2019;07;Extremadura;Ajos;343.65;1184.01;3.45;40.94;0.29;1.01;2019-07-01;Pre-covid;Pre-covid
2019;07;Extremadura;Coles;95.54;93.85;0.98;14.31;0.08;0.08;2019-07-01;Pre-covid;Pre-covid
2019;07;Extremadura;Pepinos;477.15;630.29;1.32;58.46;0.41;0.54;2019-07-01;Pre-covid;Pre-covid
2019;07;Extremadura;Judias verdes;324.45;889.26;2.74;24.55;0.28;0.76;2019-07-01;Pre-covid;Pre-covid
2019;07;Extremadura;Pimientos;528.07;977.95;1.85;68.17;0.45;0.83;2019-07-01;Pre-covid;Pre-covid
2019;07;Extremadura;Champiñoneso setas;74.48;214.84;2.88;22.21;0.06;0.18;2019-07-01;Pre-covid;Pre-covid
2019;07;Extremadura;Lechuga/esc /endivia;346.07;951.21;2.75;63.45;0.29;0.81;2019-07-01;Pre-covid;Pre-covid
2019;07;Extremadura;Esparragos;9.76;21.99;2.25;2.28;0.01;0.02;2019-07-01;Pre-covid;Pre-covid
2019;07;Extremadura;Verduras de hoja;64.6;139.02;2.15;17.88;0.05;0.12;2019-07-01;Pre-covid;Pre-covid
2019;07;Extremadura;Berenjenas;327.88;548.57;1.67;32.91;0.28;0.47;2019-07-01;Pre-covid;Pre-covid
2019;07;Extremadura;Zanahorias;338.19;324.03;0.96;48.72;0.29;0.28;2019-07-01;Pre-covid;Pre-covid
2019;07;Extremadura;Calabacines;617.11;798.37;1.29;44.58;0.52;0.68;2019-07-01;Pre-covid;Pre-covid
2019;07;Extremadura;Otr hortalizas/verd ;606.7;1307.96;2.16;62.85;0.52;1.11;2019-07-01;Pre-covid;Pre-covid
2019;07;Extremadura;Brocoli;54.31;94.1;1.73;14.21;0.05;0.08;2019-07-01;Pre-covid;Pre-covid
2019;07;Extremadura;Alcachofas;2.91;5.47;1.88;1.56;0.0;0.0;2019-07-01;Pre-covid;Pre-covid
2019;07;Extremadura;Apio;7.83;15.53;1.98;3.58;0.01;0.01;2019-07-01;Pre-covid;Pre-covid
2019;07;Extremadura;Coliflor;40.39;65.89;1.63;10.22;0.03;0.06;2019-07-01;Pre-covid;Pre-covid
2019;07;Extremadura;Verd /hort  iv gama;896.9;1699.18;1.89;66.04;0.76;1.44;2019-07-01;Pre-covid;Pre-covid
2019;07;Extremadura;Puerro;70.36;192.58;2.74;21.01;0.06;0.16;2019-07-01;Pre-covid;Pre-covid
2019;07;Galicia;Patatas;11813.13;10285.92;0.87;72.8;4.35;3.79;2019-07-01;Pre-covid;Pre-covid
2019;07;Galicia;Patatas frescas;10684.33;8939.29;0.84;57.49;3.93;3.29;2019-07-01;Pre-covid;Pre-covid
2019;07;Galicia;Patatas congeladas;118.4;127.26;1.07;3.93;0.04;0.05;2019-07-01;Pre-covid;Pre-covid
2019;07;Galicia;Patatas procesadas;202.08;1219.37;6.03;35.63;0.07;0.45;2019-07-01;Pre-covid;Pre-covid
2019;07;Galicia;Patatas fritas;164.78;1167.11;7.08;34.66;0.06;0.43;2019-07-01;Pre-covid;Pre-covid
2019;07;Galicia;Hortalizas frescas;16615.83;31090.52;1.87;94.79;6.12;11.45;2019-07-01;Pre-covid;Pre-covid
2019;07;Galicia;Omates;3409.25;5881.42;1.73;78.05;1.26;2.17;2019-07-01;Pre-covid;Pre-covid
2019;07;Galicia;Cebollas;2690.24;3843.47;1.43;63.08;0.99;1.42;2019-07-01;Pre-covid;Pre-covid
2019;07;Galicia;Ajos;729.86;2308.62;3.16;34.88;0.27;0.85;2019-07-01;Pre-covid;Pre-covid
2019;07;Galicia;Coles;1056.2;1181.67;1.12;19.54;0.39;0.44;2019-07-01;Pre-covid;Pre-covid
2019;07;Galicia;Pepinos;459.88;552.82;1.2;24.62;0.17;0.2;2019-07-01;Pre-covid;Pre-covid
2019;07;Galicia;Judias verdes;691.08;2030.37;2.94;25.22;0.25;0.75;2019-07-01;Pre-covid;Pre-covid
2019;07;Galicia;Pimientos;1290.65;3107.46;2.41;67.79;0.48;1.14;2019-07-01;Pre-covid;Pre-covid
2019;07;Galicia;Champiñoneso setas;147.67;579.66;3.93;21.94;0.05;0.21;2019-07-01;Pre-covid;Pre-covid
2019;07;Galicia;Lechuga/esc /endivia;2156.21;4830.24;2.24;59.53;0.79;1.78;2019-07-01;Pre-covid;Pre-covid
2019;07;Galicia;Esparragos;75.58;132.86;1.76;3.14;0.03;0.05;2019-07-01;Pre-covid;Pre-covid
2019;07;Galicia;Verduras de hoja;164.61;422.99;2.57;16.5;0.06;0.16;2019-07-01;Pre-covid;Pre-covid
2019;07;Galicia;Berenjenas;316.31;489.39;1.55;16.33;0.12;0.18;2019-07-01;Pre-covid;Pre-covid
2019;07;Galicia;Zanahorias;849.24;896.9;1.06;56.54;0.31;0.33;2019-07-01;Pre-covid;Pre-covid
2019;07;Galicia;Calabacines;947.27;1352.35;1.43;37.35;0.35;0.5;2019-07-01;Pre-covid;Pre-covid
2019;07;Galicia;Otr hortalizas/verd ;1631.77;3480.31;2.13;54.81;0.6;1.28;2019-07-01;Pre-covid;Pre-covid
2019;07;Galicia;Brocoli;274.96;501.91;1.83;19.52;0.1;0.18;2019-07-01;Pre-covid;Pre-covid
2019;07;Galicia;Alcachofas;104.45;132.2;1.27;1.23;0.04;0.05;2019-07-01;Pre-covid;Pre-covid
2019;07;Galicia;Apio;9.9;10.06;1.02;1.05;0.0;0.0;2019-07-01;Pre-covid;Pre-covid
2019;07;Galicia;Coliflor;72.34;131.2;1.81;2.26;0.03;0.05;2019-07-01;Pre-covid;Pre-covid
2019;07;Galicia;Verd /hort  iv gama;1341.35;3343.44;2.49;58.29;0.49;1.23;2019-07-01;Pre-covid;Pre-covid
2019;07;Galicia;Puerro;228.42;776.58;3.4;19.33;0.08;0.29;2019-07-01;Pre-covid;Pre-covid
2019;07;La rioja;Patatas;420.38;469.4;1.12;70.96;1.3;1.45;2019-07-01;Pre-covid;Pre-covid
2019;07;La rioja;Patatas frescas;321.27;333.68;1.04;61.77;0.99;1.03;2019-07-01;Pre-covid;Pre-covid
2019;07;La rioja;Patatas congeladas;4.34;4.8;1.11;4.04;0.01;0.01;2019-07-01;Pre-covid;Pre-covid
2019;07;La rioja;Patatas procesadas;18.95;130.91;6.91;41.38;0.06;0.4;2019-07-01;Pre-covid;Pre-covid
2019;07;La rioja;Patatas fritas;16.3;127.34;7.81;38.91;0.05;0.39;2019-07-01;Pre-covid;Pre-covid
2019;07;La rioja;Hortalizas frescas;1539.34;2976.16;1.93;91.53;4.75;9.19;2019-07-01;Pre-covid;Pre-covid
2019;07;La rioja;Omates;422.83;648.0;1.53;60.61;1.3;2.0;2019-07-01;Pre-covid;Pre-covid
2019;07;La rioja;Cebollas;171.93;263.58;1.53;52.99;0.53;0.81;2019-07-01;Pre-covid;Pre-covid
2019;07;La rioja;Ajos;20.59;82.88;4.02;28.09;0.06;0.26;2019-07-01;Pre-covid;Pre-covid
2019;07;La rioja;Coles;4.55;5.9;1.3;5.55;0.01;0.02;2019-07-01;Pre-covid;Pre-covid
2019;07;La rioja;Pepinos;113.18;149.4;1.32;47.91;0.35;0.46;2019-07-01;Pre-covid;Pre-covid
2019;07;La rioja;Judias verdes;131.35;396.69;3.02;33.77;0.41;1.22;2019-07-01;Pre-covid;Pre-covid
2019;07;La rioja;Pimientos;87.47;201.28;2.3;47.73;0.27;0.62;2019-07-01;Pre-covid;Pre-covid
2019;07;La rioja;Champiñoneso setas;12.02;57.95;4.82;17.96;0.04;0.18;2019-07-01;Pre-covid;Pre-covid
2019;07;La rioja;Lechuga/esc /endivia;131.37;387.9;2.95;60.58;0.41;1.2;2019-07-01;Pre-covid;Pre-covid
2019;07;La rioja;Esparragos;13.59;24.17;1.78;9.1;0.04;0.07;2019-07-01;Pre-covid;Pre-covid
2019;07;La rioja;Verduras de hoja;21.23;59.77;2.82;17.6;0.07;0.18;2019-07-01;Pre-covid;Pre-covid
2019;07;La rioja;Berenjenas;28.83;41.31;1.43;9.08;0.09;0.13;2019-07-01;Pre-covid;Pre-covid
2019;07;La rioja;Zanahorias;80.71;88.47;1.1;45.25;0.25;0.27;2019-07-01;Pre-covid;Pre-covid
2019;07;La rioja;Calabacines;137.89;170.15;1.23;47.38;0.43;0.53;2019-07-01;Pre-covid;Pre-covid
2019;07;La rioja;Otr hortalizas/verd ;161.8;398.7;2.46;46.63;0.5;1.23;2019-07-01;Pre-covid;Pre-covid
2019;07;La rioja;Brocoli;8.99;22.47;2.5;10.2;0.03;0.07;2019-07-01;Pre-covid;Pre-covid
2019;07;La rioja;Alcachofas;0.0;0.0;0.0;0.0;0.0;0.0;2019-07-01;Pre-covid;Pre-covid
2019;07;La rioja;Apio;24.29;45.86;1.89;9.1;0.07;0.14;2019-07-01;Pre-covid;Pre-covid
2019;07;La rioja;Coliflor;2.34;4.41;1.89;1.34;0.01;0.01;2019-07-01;Pre-covid;Pre-covid
2019;07;La rioja;Verd /hort  iv gama;182.72;385.3;2.11;60.17;0.56;1.19;2019-07-01;Pre-covid;Pre-covid
2019;07;La rioja;Puerro;16.71;38.93;2.33;19.93;0.05;0.12;2019-07-01;Pre-covid;Pre-covid
2019;07;Madrid;Patatas;13073.67;12363.88;0.95;76.12;2.07;1.95;2019-07-01;Pre-covid;Pre-covid
2019;07;Madrid;Patatas frescas;9450.59;8268.66;0.87;61.83;1.49;1.31;2019-07-01;Pre-covid;Pre-covid
2019;07;Madrid;Patatas congeladas;395.4;556.29;1.41;8.17;0.06;0.09;2019-07-01;Pre-covid;Pre-covid
2019;07;Madrid;Patatas procesadas;645.54;3538.93;5.48;46.14;0.1;0.56;2019-07-01;Pre-covid;Pre-covid
2019;07;Madrid;Patatas fritas;524.09;3339.25;6.37;44.71;0.08;0.53;2019-07-01;Pre-covid;Pre-covid
2019;07;Madrid;Hortalizas frescas;28368.74;51599.93;1.82;95.74;4.48;8.15;2019-07-01;Pre-covid;Pre-covid
2019;07;Madrid;Omates;9219.87;14582.6;1.58;86.51;1.46;2.3;2019-07-01;Pre-covid;Pre-covid
2019;07;Madrid;Cebollas;2954.34;3865.2;1.31;63.09;0.47;0.61;2019-07-01;Pre-covid;Pre-covid
2019;07;Madrid;Ajos;346.24;1599.28;4.62;31.02;0.05;0.25;2019-07-01;Pre-covid;Pre-covid
2019;07;Madrid;Coles;604.38;628.55;1.04;12.86;0.1;0.1;2019-07-01;Pre-covid;Pre-covid
2019;07;Madrid;Pepinos;2092.73;2539.3;1.21;59.86;0.33;0.4;2019-07-01;Pre-covid;Pre-covid
2019;07;Madrid;Judias verdes;710.34;2038.9;2.87;22.99;0.11;0.32;2019-07-01;Pre-covid;Pre-covid
2019;07;Madrid;Pimientos;2498.09;5157.27;2.06;65.73;0.39;0.82;2019-07-01;Pre-covid;Pre-covid
2019;07;Madrid;Champiñoneso setas;474.75;1939.5;4.09;29.99;0.08;0.31;2019-07-01;Pre-covid;Pre-covid
2019;07;Madrid;Lechuga/esc /endivia;1955.99;5518.08;2.82;66.07;0.31;0.87;2019-07-01;Pre-covid;Pre-covid
2019;07;Madrid;Esparragos;154.63;495.26;3.2;9.65;0.02;0.08;2019-07-01;Pre-covid;Pre-covid
2019;07;Madrid;Verduras de hoja;477.59;1248.12;2.61;24.83;0.08;0.2;2019-07-01;Pre-covid;Pre-covid
2019;07;Madrid;Berenjenas;637.27;968.73;1.52;25.98;0.1;0.15;2019-07-01;Pre-covid;Pre-covid
2019;07;Madrid;Zanahorias;1670.75;1555.64;0.93;52.37;0.26;0.25;2019-07-01;Pre-covid;Pre-covid
2019;07;Madrid;Calabacines;1889.96;2241.89;1.19;53.87;0.3;0.35;2019-07-01;Pre-covid;Pre-covid
2019;07;Madrid;Otr hortalizas/verd ;2681.81;7221.61;2.69;65.72;0.42;1.14;2019-07-01;Pre-covid;Pre-covid
2019;07;Madrid;Brocoli;411.02;836.1;2.03;17.88;0.06;0.13;2019-07-01;Pre-covid;Pre-covid
2019;07;Madrid;Alcachofas;18.8;54.76;2.91;1.03;0.0;0.01;2019-07-01;Pre-covid;Pre-covid
2019;07;Madrid;Apio;128.32;228.27;1.78;9.66;0.02;0.04;2019-07-01;Pre-covid;Pre-covid
2019;07;Madrid;Coliflor;131.9;215.59;1.63;4.37;0.02;0.03;2019-07-01;Pre-covid;Pre-covid
2019;07;Madrid;Verd /hort  iv gama;3196.49;9276.35;2.9;68.2;0.51;1.47;2019-07-01;Pre-covid;Pre-covid
2019;07;Madrid;Puerro;549.36;1272.69;2.32;25.17;0.09;0.2;2019-07-01;Pre-covid;Pre-covid
2019;07;Murcia;Patatas;2598.5;2698.05;1.04;75.41;1.8;1.87;2019-07-01;Pre-covid;Pre-covid
2019;07;Murcia;Patatas frescas;1714.95;1618.75;0.94;61.8;1.19;1.12;2019-07-01;Pre-covid;Pre-covid
2019;07;Murcia;Patatas congeladas;108.03;137.31;1.27;10.33;0.08;0.1;2019-07-01;Pre-covid;Pre-covid
2019;07;Murcia;Patatas procesadas;155.1;941.99;6.07;55.41;0.11;0.65;2019-07-01;Pre-covid;Pre-covid
2019;07;Murcia;Patatas fritas;142.74;919.02;6.44;55.49;0.1;0.64;2019-07-01;Pre-covid;Pre-covid
2019;07;Murcia;Hortalizas frescas;6208.47;10558.62;1.7;95.28;4.31;7.33;2019-07-01;Pre-covid;Pre-covid
2019;07;Murcia;Omates;1797.24;2765.42;1.54;76.92;1.25;1.92;2019-07-01;Pre-covid;Pre-covid
2019;07;Murcia;Cebollas;556.28;698.88;1.26;58.62;0.39;0.49;2019-07-01;Pre-covid;Pre-covid
2019;07;Murcia;Ajos;69.08;214.22;3.1;28.93;0.05;0.15;2019-07-01;Pre-covid;Pre-covid
2019;07;Murcia;Coles;120.16;97.5;0.81;13.65;0.08;0.07;2019-07-01;Pre-covid;Pre-covid
2019;07;Murcia;Pepinos;657.71;779.26;1.18;61.2;0.46;0.54;2019-07-01;Pre-covid;Pre-covid
2019;07;Murcia;Judias verdes;153.57;507.66;3.31;32.87;0.11;0.35;2019-07-01;Pre-covid;Pre-covid
2019;07;Murcia;Pimientos;543.37;1097.16;2.02;51.7;0.38;0.76;2019-07-01;Pre-covid;Pre-covid
2019;07;Murcia;Champiñoneso setas;108.3;462.1;4.27;39.61;0.08;0.32;2019-07-01;Pre-covid;Pre-covid
2019;07;Murcia;Lechuga/esc /endivia;467.7;1164.61;2.49;67.99;0.32;0.81;2019-07-01;Pre-covid;Pre-covid
2019;07;Murcia;Esparragos;74.52;100.89;1.35;11.48;0.05;0.07;2019-07-01;Pre-covid;Pre-covid
2019;07;Murcia;Verduras de hoja;98.33;208.39;2.12;23.61;0.07;0.14;2019-07-01;Pre-covid;Pre-covid
2019;07;Murcia;Berenjenas;300.49;406.28;1.35;33.08;0.21;0.28;2019-07-01;Pre-covid;Pre-covid
2019;07;Murcia;Zanahorias;324.86;277.58;0.85;46.84;0.23;0.19;2019-07-01;Pre-covid;Pre-covid
2019;07;Murcia;Calabacines;382.9;460.53;1.2;54.34;0.27;0.32;2019-07-01;Pre-covid;Pre-covid
2019;07;Murcia;Otr hortalizas/verd ;553.95;1318.12;2.38;70.22;0.38;0.92;2019-07-01;Pre-covid;Pre-covid
2019;07;Murcia;Brocoli;50.93;138.77;2.72;15.33;0.04;0.1;2019-07-01;Pre-covid;Pre-covid
2019;07;Murcia;Alcachofas;29.03;70.14;2.42;5.66;0.02;0.05;2019-07-01;Pre-covid;Pre-covid
2019;07;Murcia;Apio;51.96;84.65;1.63;19.75;0.04;0.06;2019-07-01;Pre-covid;Pre-covid
2019;07;Murcia;Coliflor;18.81;25.42;1.35;1.62;0.01;0.02;2019-07-01;Pre-covid;Pre-covid
2019;07;Murcia;Verd /hort  iv gama;630.43;1597.18;2.53;64.47;0.44;1.11;2019-07-01;Pre-covid;Pre-covid
2019;07;Murcia;Puerro;65.98;179.14;2.72;27.44;0.05;0.12;2019-07-01;Pre-covid;Pre-covid
2019;07;Navarra;Patatas;2791.18;2613.3;0.94;74.01;4.67;4.37;2019-07-01;Pre-covid;Pre-covid
2019;07;Navarra;Patatas frescas;2608.9;2416.63;0.93;66.87;4.36;4.04;2019-07-01;Pre-covid;Pre-covid
2019;07;Navarra;Patatas congeladas;24.68;29.21;1.18;7.74;0.04;0.05;2019-07-01;Pre-covid;Pre-covid
2019;07;Navarra;Patatas procesadas;31.52;167.46;5.31;30.46;0.05;0.28;2019-07-01;Pre-covid;Pre-covid
2019;07;Navarra;Patatas fritas;25.26;158.19;6.26;29.3;0.04;0.26;2019-07-01;Pre-covid;Pre-covid
2019;07;Navarra;Hortalizas frescas;5880.99;10349.67;1.76;94.94;9.84;17.31;2019-07-01;Pre-covid;Pre-covid
2019;07;Navarra;Omates;713.2;1221.55;1.71;66.95;1.19;2.04;2019-07-01;Pre-covid;Pre-covid
2019;07;Navarra;Cebollas;1759.91;1614.51;0.92;71.75;2.94;2.7;2019-07-01;Pre-covid;Pre-covid
2019;07;Navarra;Ajos;121.36;551.56;4.54;45.77;0.2;0.92;2019-07-01;Pre-covid;Pre-covid
2019;07;Navarra;Coles;28.87;38.36;1.33;10.76;0.05;0.06;2019-07-01;Pre-covid;Pre-covid
2019;07;Navarra;Pepinos;202.98;244.62;1.21;32.84;0.34;0.41;2019-07-01;Pre-covid;Pre-covid
2019;07;Navarra;Judias verdes;310.73;1087.24;3.5;58.57;0.52;1.82;2019-07-01;Pre-covid;Pre-covid
2019;07;Navarra;Pimientos;263.97;580.43;2.2;67.21;0.44;0.97;2019-07-01;Pre-covid;Pre-covid
2019;07;Navarra;Champiñoneso setas;45.27;225.8;4.99;43.21;0.08;0.38;2019-07-01;Pre-covid;Pre-covid
2019;07;Navarra;Lechuga/esc /endivia;901.89;2075.24;2.3;68.52;1.51;3.47;2019-07-01;Pre-covid;Pre-covid
2019;07;Navarra;Esparragos;171.42;554.62;3.24;2.78;0.29;0.93;2019-07-01;Pre-covid;Pre-covid
2019;07;Navarra;Verduras de hoja;57.59;189.79;3.3;17.61;0.1;0.32;2019-07-01;Pre-covid;Pre-covid
2019;07;Navarra;Berenjenas;113.44;184.29;1.62;21.81;0.19;0.31;2019-07-01;Pre-covid;Pre-covid
2019;07;Navarra;Zanahorias;228.92;283.29;1.24;58.24;0.38;0.47;2019-07-01;Pre-covid;Pre-covid
2019;07;Navarra;Calabacines;438.15;561.8;1.28;47.67;0.73;0.94;2019-07-01;Pre-covid;Pre-covid
2019;07;Navarra;Otr hortalizas/verd ;523.31;936.57;1.79;56.87;0.88;1.57;2019-07-01;Pre-covid;Pre-covid
2019;07;Navarra;Brocoli;80.79;94.83;1.17;18.89;0.14;0.16;2019-07-01;Pre-covid;Pre-covid
2019;07;Navarra;Alcachofas;48.45;91.01;1.88;11.92;0.08;0.15;2019-07-01;Pre-covid;Pre-covid
2019;07;Navarra;Apio;7.57;17.82;2.35;3.7;0.01;0.03;2019-07-01;Pre-covid;Pre-covid
2019;07;Navarra;Coliflor;9.69;18.81;1.94;3.52;0.02;0.03;2019-07-01;Pre-covid;Pre-covid
2019;07;Navarra;Verd /hort  iv gama;1442.97;1454.4;1.01;58.74;2.41;2.43;2019-07-01;Pre-covid;Pre-covid
2019;07;Navarra;Puerro;21.71;90.94;4.19;19.25;0.04;0.15;2019-07-01;Pre-covid;Pre-covid
2019;07;Pais vasco;Patatas;4189.43;4525.67;1.08;79.39;1.98;2.14;2019-07-01;Pre-covid;Pre-covid
2019;07;Pais vasco;Patatas frescas;3018.71;3091.91;1.02;66.34;1.43;1.46;2019-07-01;Pre-covid;Pre-covid
2019;07;Pais vasco;Patatas congeladas;67.89;92.4;1.36;6.8;0.03;0.04;2019-07-01;Pre-covid;Pre-covid
2019;07;Pais vasco;Patatas procesadas;220.57;1341.36;6.08;42.97;0.1;0.63;2019-07-01;Pre-covid;Pre-covid
2019;07;Pais vasco;Patatas fritas;183.34;1286.4;7.02;41.31;0.09;0.61;2019-07-01;Pre-covid;Pre-covid
2019;07;Pais vasco;Hortalizas frescas;9939.79;20172.16;2.03;96.47;4.7;9.54;2019-07-01;Pre-covid;Pre-covid
2019;07;Pais vasco;Omates;2739.86;5146.05;1.88;78.71;1.3;2.43;2019-07-01;Pre-covid;Pre-covid
2019;07;Pais vasco;Cebollas;1080.32;1705.93;1.58;68.62;0.51;0.81;2019-07-01;Pre-covid;Pre-covid
2019;07;Pais vasco;Ajos;88.59;394.9;4.46;32.47;0.04;0.19;2019-07-01;Pre-covid;Pre-covid
2019;07;Pais vasco;Coles;170.32;175.34;1.03;11.27;0.08;0.08;2019-07-01;Pre-covid;Pre-covid
2019;07;Pais vasco;Pepinos;463.71;628.74;1.36;46.48;0.22;0.3;2019-07-01;Pre-covid;Pre-covid
2019;07;Pais vasco;Judias verdes;395.61;1225.15;3.1;35.41;0.19;0.58;2019-07-01;Pre-covid;Pre-covid
2019;07;Pais vasco;Pimientos;946.88;2095.33;2.21;67.41;0.45;0.99;2019-07-01;Pre-covid;Pre-covid
2019;07;Pais vasco;Champiñoneso setas;182.24;814.42;4.47;31.99;0.09;0.39;2019-07-01;Pre-covid;Pre-covid
2019;07;Pais vasco;Lechuga/esc /endivia;979.82;2493.99;2.55;72.59;0.46;1.18;2019-07-01;Pre-covid;Pre-covid
2019;07;Pais vasco;Esparragos;43.24;156.04;3.61;6.4;0.02;0.07;2019-07-01;Pre-covid;Pre-covid
2019;07;Pais vasco;Verduras de hoja;258.15;567.02;2.2;23.92;0.12;0.27;2019-07-01;Pre-covid;Pre-covid
2019;07;Pais vasco;Berenjenas;156.86;253.49;1.62;23.06;0.07;0.12;2019-07-01;Pre-covid;Pre-covid
2019;07;Pais vasco;Zanahorias;679.95;608.9;0.9;62.45;0.32;0.29;2019-07-01;Pre-covid;Pre-covid
2019;07;Pais vasco;Calabacines;770.04;968.75;1.26;55.01;0.36;0.46;2019-07-01;Pre-covid;Pre-covid
2019;07;Pais vasco;Otr hortalizas/verd ;984.21;2938.11;2.99;58.43;0.47;1.39;2019-07-01;Pre-covid;Pre-covid
2019;07;Pais vasco;Brocoli;202.98;352.34;1.74;13.23;0.1;0.17;2019-07-01;Pre-covid;Pre-covid
2019;07;Pais vasco;Alcachofas;5.37;14.95;2.79;1.02;0.0;0.01;2019-07-01;Pre-covid;Pre-covid
2019;07;Pais vasco;Apio;37.22;55.12;1.48;6.2;0.02;0.03;2019-07-01;Pre-covid;Pre-covid
2019;07;Pais vasco;Coliflor;49.69;88.73;1.79;5.25;0.02;0.04;2019-07-01;Pre-covid;Pre-covid
2019;07;Pais vasco;Verd /hort  iv gama;1028.68;3139.84;3.05;65.34;0.49;1.49;2019-07-01;Pre-covid;Pre-covid
2019;07;Pais vasco;Puerro;180.84;573.04;3.17;28.85;0.09;0.27;2019-07-01;Pre-covid;Pre-covid
2019;07;Valencia;Patatas;11229.99;11009.75;0.98;81.65;2.31;2.27;2019-07-01;Pre-covid;Pre-covid
2019;07;Valencia;Patatas frescas;8154.77;7421.59;0.91;64.51;1.68;1.53;2019-07-01;Pre-covid;Pre-covid
2019;07;Valencia;Patatas congeladas;305.34;488.95;1.6;11.21;0.06;0.1;2019-07-01;Pre-covid;Pre-covid
2019;07;Valencia;Patatas procesadas;553.97;3099.21;5.59;51.93;0.11;0.64;2019-07-01;Pre-covid;Pre-covid
2019;07;Valencia;Patatas fritas;510.8;3031.61;5.94;51.22;0.11;0.62;2019-07-01;Pre-covid;Pre-covid
2019;07;Valencia;Hortalizas frescas;24193.86;44578.6;1.84;94.84;4.98;9.18;2019-07-01;Pre-covid;Pre-covid
2019;07;Valencia;Omates;7121.12;11304.26;1.59;80.35;1.47;2.33;2019-07-01;Pre-covid;Pre-covid
2019;07;Valencia;Cebollas;2720.55;3351.01;1.23;64.0;0.56;0.69;2019-07-01;Pre-covid;Pre-covid
2019;07;Valencia;Ajos;258.46;1081.73;4.19;28.82;0.05;0.22;2019-07-01;Pre-covid;Pre-covid
2019;07;Valencia;Coles;248.43;284.51;1.15;8.77;0.05;0.06;2019-07-01;Pre-covid;Pre-covid
2019;07;Valencia;Pepinos;1887.91;2428.06;1.29;54.29;0.39;0.5;2019-07-01;Pre-covid;Pre-covid
2019;07;Valencia;Judias verdes;811.28;2666.13;3.29;34.71;0.17;0.55;2019-07-01;Pre-covid;Pre-covid
2019;07;Valencia;Pimientos;2374.15;4599.01;1.94;66.9;0.49;0.95;2019-07-01;Pre-covid;Pre-covid
2019;07;Valencia;Champiñoneso setas;558.57;1934.95;3.46;40.96;0.12;0.4;2019-07-01;Pre-covid;Pre-covid
2019;07;Valencia;Lechuga/esc /endivia;1727.0;5048.18;2.92;71.17;0.36;1.04;2019-07-01;Pre-covid;Pre-covid
2019;07;Valencia;Esparragos;185.34;622.01;3.36;9.35;0.04;0.13;2019-07-01;Pre-covid;Pre-covid
2019;07;Valencia;Verduras de hoja;294.3;824.56;2.8;22.53;0.06;0.17;2019-07-01;Pre-covid;Pre-covid
2019;07;Valencia;Berenjenas;1040.92;1559.43;1.5;39.61;0.21;0.32;2019-07-01;Pre-covid;Pre-covid
2019;07;Valencia;Zanahorias;1285.3;1175.96;0.91;51.47;0.26;0.24;2019-07-01;Pre-covid;Pre-covid
2019;07;Valencia;Calabacines;1507.99;1846.33;1.22;48.02;0.31;0.38;2019-07-01;Pre-covid;Pre-covid
2019;07;Valencia;Otr hortalizas/verd ;2172.52;5852.47;2.69;66.97;0.45;1.2;2019-07-01;Pre-covid;Pre-covid
2019;07;Valencia;Brocoli;238.7;510.02;2.14;14.36;0.05;0.11;2019-07-01;Pre-covid;Pre-covid
2019;07;Valencia;Alcachofas;215.12;425.99;1.98;6.11;0.04;0.09;2019-07-01;Pre-covid;Pre-covid
2019;07;Valencia;Apio;124.41;187.35;1.51;9.16;0.03;0.04;2019-07-01;Pre-covid;Pre-covid
2019;07;Valencia;Coliflor;155.01;272.84;1.76;6.72;0.03;0.06;2019-07-01;Pre-covid;Pre-covid
2019;07;Valencia;Verd /hort  iv gama;2904.39;7689.69;2.65;66.04;0.6;1.58;2019-07-01;Pre-covid;Pre-covid
2019;07;Valencia;Puerro;196.42;616.56;3.14;20.37;0.04;0.13;2019-07-01;Pre-covid;Pre-covid
2019;07;Nacional;Frutas frescas;431303.03;601910.2;1.4;94.92;9.35;13.05;2019-07-01;Pre-covid;Pre-covid
2019;07;Nacional;Naranjas;39744.93;37408.62;0.94;35.79;0.86;0.81;2019-07-01;Pre-covid;Pre-covid
2019;07;Nacional;Mandarinas;1224.13;1950.12;1.59;4.87;0.03;0.04;2019-07-01;Pre-covid;Pre-covid
2019;07;Nacional;Limones;9763.19;15216.27;1.56;37.02;0.21;0.33;2019-07-01;Pre-covid;Pre-covid
2019;07;Nacional;Platanos;39072.37;57173.99;1.46;71.42;0.85;1.24;2019-07-01;Pre-covid;Pre-covid
2019;07;Nacional;Manzanas;24570.64;36511.7;1.49;51.67;0.53;0.79;2019-07-01;Pre-covid;Pre-covid
2019;07;Nacional;Peras;10195.53;16182.89;1.59;33.28;0.22;0.35;2019-07-01;Pre-covid;Pre-covid
2019;07;Nacional;Melocotones;30333.47;49622.99;1.64;55.14;0.66;1.08;2019-07-01;Pre-covid;Pre-covid
2019;07;Nacional;Nectarinas;19344.66;27995.19;1.45;43.19;0.42;0.61;2019-07-01;Pre-covid;Pre-covid
2019;07;Nacional;Albaricoques;8104.45;15679.9;1.93;28.28;0.18;0.34;2019-07-01;Pre-covid;Pre-covid
2019;07;Nacional;Fresas/freson;1748.48;7545.07;4.32;7.87;0.04;0.16;2019-07-01;Pre-covid;Pre-covid
2019;07;Nacional;Melon;76875.87;74953.42;0.97;65.1;1.67;1.63;2019-07-01;Pre-covid;Pre-covid
2019;07;Nacional;Sandia;102957.1;79769.38;0.77;62.68;2.23;1.73;2019-07-01;Pre-covid;Pre-covid
2019;07;Nacional;Ciruelas;11168.2;18135.69;1.62;32.74;0.24;0.39;2019-07-01;Pre-covid;Pre-covid
2019;07;Nacional;Cerezas;14831.06;58857.02;3.97;46.29;0.32;1.28;2019-07-01;Pre-covid;Pre-covid
2019;07;Nacional;Uvas;2159.37;6139.76;2.84;11.8;0.05;0.13;2019-07-01;Pre-covid;Pre-covid
2019;07;Nacional;Kiwi;8187.01;26367.72;3.22;28.32;0.18;0.57;2019-07-01;Pre-covid;Pre-covid
2019;07;Nacional;Aguacate;4838.48;18507.19;3.83;25.94;0.1;0.4;2019-07-01;Pre-covid;Pre-covid
2019;07;Nacional;Piña;5266.16;8694.23;1.65;15.48;0.11;0.19;2019-07-01;Pre-covid;Pre-covid
2019;07;Nacional;Otras frutas frescas;20917.93;45199.06;2.16;50.68;0.45;0.98;2019-07-01;Pre-covid;Pre-covid
2019;07;Nacional;Pomelo;1708.15;3236.21;1.89;4.09;0.04;0.07;2019-07-01;Pre-covid;Pre-covid
2019;07;Nacional;Chirimoya;0.0;0.0;0.0;0.0;0.0;0.0;2019-07-01;Pre-covid;Pre-covid
2019;07;Nacional;Mango;1803.9;5038.93;2.79;8.3;0.04;0.11;2019-07-01;Pre-covid;Pre-covid
2019;07;Nacional;Frutas iv gama;18693.01;27066.4;1.45;28.06;0.41;0.59;2019-07-01;Pre-covid;Pre-covid
2019;07;Andalucia;Frutas frescas;71261.38;93289.54;1.31;94.51;8.21;10.75;2019-07-01;Pre-covid;Pre-covid
2019;07;Andalucia;Naranjas;5669.3;5161.79;0.91;33.05;0.65;0.59;2019-07-01;Pre-covid;Pre-covid
2019;07;Andalucia;Mandarinas;88.93;132.93;1.49;1.63;0.01;0.02;2019-07-01;Pre-covid;Pre-covid
2019;07;Andalucia;Limones;1722.16;2515.78;1.46;35.21;0.2;0.29;2019-07-01;Pre-covid;Pre-covid
2019;07;Andalucia;Platanos;6092.45;8340.5;1.37;69.46;0.7;0.96;2019-07-01;Pre-covid;Pre-covid
2019;07;Andalucia;Manzanas;3870.63;5679.47;1.47;46.47;0.45;0.65;2019-07-01;Pre-covid;Pre-covid
2019;07;Andalucia;Peras;1808.67;2830.98;1.57;35.21;0.21;0.33;2019-07-01;Pre-covid;Pre-covid
2019;07;Andalucia;Melocotones;4387.13;7117.72;1.62;48.24;0.51;0.82;2019-07-01;Pre-covid;Pre-covid
2019;07;Andalucia;Nectarinas;2246.57;3333.35;1.48;35.73;0.26;0.38;2019-07-01;Pre-covid;Pre-covid
2019;07;Andalucia;Albaricoques;897.4;1658.35;1.85;23.74;0.1;0.19;2019-07-01;Pre-covid;Pre-covid
2019;07;Andalucia;Fresas/freson;236.35;1114.83;4.72;7.11;0.03;0.13;2019-07-01;Pre-covid;Pre-covid
2019;07;Andalucia;Melon;14343.19;12838.96;0.9;62.82;1.65;1.48;2019-07-01;Pre-covid;Pre-covid
2019;07;Andalucia;Sandia;19491.26;14563.37;0.75;61.85;2.25;1.68;2019-07-01;Pre-covid;Pre-covid
2019;07;Andalucia;Ciruelas;1911.43;3071.83;1.61;29.04;0.22;0.35;2019-07-01;Pre-covid;Pre-covid
2019;07;Andalucia;Cerezas;2429.17;9471.6;3.9;44.58;0.28;1.09;2019-07-01;Pre-covid;Pre-covid
2019;07;Andalucia;Uvas;312.79;1012.99;3.24;13.49;0.04;0.12;2019-07-01;Pre-covid;Pre-covid
2019;07;Andalucia;Kiwi;1166.52;3955.9;3.39;23.22;0.13;0.46;2019-07-01;Pre-covid;Pre-covid
2019;07;Andalucia;Aguacate;663.34;2475.93;3.73;25.56;0.08;0.29;2019-07-01;Pre-covid;Pre-covid
2019;07;Andalucia;Piña;709.6;1095.29;1.54;13.9;0.08;0.13;2019-07-01;Pre-covid;Pre-covid
2019;07;Andalucia;Otras frutas frescas;3214.49;6917.96;2.15;49.86;0.37;0.8;2019-07-01;Pre-covid;Pre-covid
2019;07;Andalucia;Pomelo;231.89;398.37;1.72;5.47;0.03;0.05;2019-07-01;Pre-covid;Pre-covid
2019;07;Andalucia;Chirimoya;0.0;0.0;0.0;0.0;0.0;0.0;2019-07-01;Pre-covid;Pre-covid
2019;07;Andalucia;Mango;253.63;715.61;2.82;8.02;0.03;0.08;2019-07-01;Pre-covid;Pre-covid
2019;07;Andalucia;Frutas iv gama;2664.48;3922.06;1.47;28.67;0.31;0.45;2019-07-01;Pre-covid;Pre-covid
2019;07;Aragon;Frutas frescas;11824.16;16268.09;1.38;95.21;9.03;12.42;2019-07-01;Pre-covid;Pre-covid
2019;07;Aragon;Naranjas;886.08;920.86;1.04;36.42;0.68;0.7;2019-07-01;Pre-covid;Pre-covid
2019;07;Aragon;Mandarinas;16.74;25.76;1.54;3.65;0.01;0.02;2019-07-01;Pre-covid;Pre-covid
2019;07;Aragon;Limones;247.93;403.36;1.63;35.27;0.19;0.31;2019-07-01;Pre-covid;Pre-covid
2019;07;Aragon;Platanos;1083.12;1498.53;1.38;66.15;0.83;1.14;2019-07-01;Pre-covid;Pre-covid
2019;07;Aragon;Manzanas;522.19;834.65;1.6;51.7;0.4;0.64;2019-07-01;Pre-covid;Pre-covid
2019;07;Aragon;Peras;232.6;362.85;1.56;31.54;0.18;0.28;2019-07-01;Pre-covid;Pre-covid
2019;07;Aragon;Melocotones;1167.48;1902.43;1.63;64.58;0.89;1.45;2019-07-01;Pre-covid;Pre-covid
2019;07;Aragon;Nectarinas;630.07;827.67;1.31;40.77;0.48;0.63;2019-07-01;Pre-covid;Pre-covid
2019;07;Aragon;Albaricoques;380.06;738.93;1.94;36.58;0.29;0.56;2019-07-01;Pre-covid;Pre-covid
2019;07;Aragon;Fresas/freson;30.66;105.51;3.44;7.73;0.02;0.08;2019-07-01;Pre-covid;Pre-covid
2019;07;Aragon;Melon;2043.79;2180.99;1.07;68.22;1.56;1.67;2019-07-01;Pre-covid;Pre-covid
2019;07;Aragon;Sandia;2872.55;2184.17;0.76;65.01;2.19;1.67;2019-07-01;Pre-covid;Pre-covid
2019;07;Aragon;Ciruelas;159.69;285.48;1.79;25.68;0.12;0.22;2019-07-01;Pre-covid;Pre-covid
2019;07;Aragon;Cerezas;399.36;1536.42;3.85;44.28;0.3;1.17;2019-07-01;Pre-covid;Pre-covid
2019;07;Aragon;Uvas;131.52;181.17;1.38;15.83;0.1;0.14;2019-07-01;Pre-covid;Pre-covid
2019;07;Aragon;Kiwi;192.51;591.5;3.07;28.13;0.15;0.45;2019-07-01;Pre-covid;Pre-covid
2019;07;Aragon;Aguacate;84.18;362.55;4.31;21.33;0.06;0.28;2019-07-01;Pre-covid;Pre-covid
2019;07;Aragon;Piña;219.44;326.31;1.49;19.29;0.17;0.25;2019-07-01;Pre-covid;Pre-covid
2019;07;Aragon;Otras frutas frescas;524.2;998.96;1.91;38.61;0.4;0.76;2019-07-01;Pre-covid;Pre-covid
2019;07;Aragon;Pomelo;28.28;46.14;1.63;3.33;0.02;0.04;2019-07-01;Pre-covid;Pre-covid
2019;07;Aragon;Chirimoya;0.0;0.0;0.0;0.0;0.0;0.0;2019-07-01;Pre-covid;Pre-covid
2019;07;Aragon;Mango;20.35;70.84;3.48;6.84;0.02;0.05;2019-07-01;Pre-covid;Pre-covid
2019;07;Aragon;Frutas iv gama;463.29;534.57;1.15;31.79;0.35;0.41;2019-07-01;Pre-covid;Pre-covid
2019;07;Asturias;Frutas frescas;10891.44;16063.32;1.47;95.59;10.13;14.95;2019-07-01;Pre-covid;Pre-covid
2019;07;Asturias;Naranjas;1165.72;1162.04;1.0;47.77;1.08;1.08;2019-07-01;Pre-covid;Pre-covid
2019;07;Asturias;Mandarinas;113.52;111.68;0.98;11.81;0.11;0.1;2019-07-01;Pre-covid;Pre-covid
2019;07;Asturias;Limones;159.31;263.18;1.65;27.72;0.15;0.24;2019-07-01;Pre-covid;Pre-covid
2019;07;Asturias;Platanos;1179.92;1758.28;1.49;79.15;1.1;1.64;2019-07-01;Pre-covid;Pre-covid
2019;07;Asturias;Manzanas;551.67;834.23;1.51;58.13;0.51;0.78;2019-07-01;Pre-covid;Pre-covid
2019;07;Asturias;Peras;137.23;200.62;1.46;23.27;0.13;0.19;2019-07-01;Pre-covid;Pre-covid
2019;07;Asturias;Melocotones;751.72;1263.95;1.68;59.08;0.7;1.18;2019-07-01;Pre-covid;Pre-covid
2019;07;Asturias;Nectarinas;751.41;1104.3;1.47;62.23;0.7;1.03;2019-07-01;Pre-covid;Pre-covid
2019;07;Asturias;Albaricoques;281.92;508.76;1.8;36.17;0.26;0.47;2019-07-01;Pre-covid;Pre-covid
2019;07;Asturias;Fresas/freson;41.4;155.31;3.75;10.14;0.04;0.14;2019-07-01;Pre-covid;Pre-covid
2019;07;Asturias;Melon;1860.46;1830.91;0.98;70.72;1.73;1.7;2019-07-01;Pre-covid;Pre-covid
2019;07;Asturias;Sandia;1631.74;1300.43;0.8;45.17;1.52;1.21;2019-07-01;Pre-covid;Pre-covid
2019;07;Asturias;Ciruelas;467.64;765.47;1.64;42.82;0.44;0.71;2019-07-01;Pre-covid;Pre-covid
2019;07;Asturias;Cerezas;476.85;1831.57;3.84;51.49;0.44;1.7;2019-07-01;Pre-covid;Pre-covid
2019;07;Asturias;Uvas;60.4;195.93;3.24;11.53;0.06;0.18;2019-07-01;Pre-covid;Pre-covid
2019;07;Asturias;Kiwi;269.07;826.11;3.07;33.64;0.25;0.77;2019-07-01;Pre-covid;Pre-covid
2019;07;Asturias;Aguacate;87.51;284.7;3.25;19.86;0.08;0.26;2019-07-01;Pre-covid;Pre-covid
2019;07;Asturias;Piña;112.34;135.79;1.21;11.42;0.1;0.13;2019-07-01;Pre-covid;Pre-covid
2019;07;Asturias;Otras frutas frescas;791.58;1530.06;1.93;61.53;0.74;1.42;2019-07-01;Pre-covid;Pre-covid
2019;07;Asturias;Pomelo;36.86;70.61;1.92;6.47;0.03;0.07;2019-07-01;Pre-covid;Pre-covid
2019;07;Asturias;Chirimoya;0.0;0.0;0.0;0.0;0.0;0.0;2019-07-01;Pre-covid;Pre-covid
2019;07;Asturias;Mango;47.01;82.43;1.75;8.32;0.04;0.08;2019-07-01;Pre-covid;Pre-covid
2019;07;Asturias;Frutas iv gama;439.03;543.95;1.24;20.68;0.41;0.51;2019-07-01;Pre-covid;Pre-covid
2019;07;Baleares;Frutas frescas;10924.49;15131.91;1.39;95.17;10.35;14.34;2019-07-01;Pre-covid;Pre-covid
2019;07;Baleares;Naranjas;814.58;675.81;0.83;30.25;0.77;0.64;2019-07-01;Pre-covid;Pre-covid
2019;07;Baleares;Mandarinas;32.47;89.83;2.77;8.87;0.03;0.09;2019-07-01;Pre-covid;Pre-covid
2019;07;Baleares;Limones;154.31;261.81;1.7;27.99;0.15;0.25;2019-07-01;Pre-covid;Pre-covid
2019;07;Baleares;Platanos;1036.55;1531.32;1.48;77.25;0.98;1.45;2019-07-01;Pre-covid;Pre-covid
2019;07;Baleares;Manzanas;530.67;770.75;1.45;53.67;0.5;0.73;2019-07-01;Pre-covid;Pre-covid
2019;07;Baleares;Peras;204.72;358.3;1.75;42.72;0.19;0.34;2019-07-01;Pre-covid;Pre-covid
2019;07;Baleares;Melocotones;426.84;751.99;1.76;58.25;0.4;0.71;2019-07-01;Pre-covid;Pre-covid
2019;07;Baleares;Nectarinas;432.85;613.28;1.42;38.83;0.41;0.58;2019-07-01;Pre-covid;Pre-covid
2019;07;Baleares;Albaricoques;242.27;446.48;1.84;31.24;0.23;0.42;2019-07-01;Pre-covid;Pre-covid
2019;07;Baleares;Fresas/freson;36.95;179.76;4.87;11.49;0.04;0.17;2019-07-01;Pre-covid;Pre-covid
2019;07;Baleares;Melon;2156.14;2041.93;0.95;65.1;2.04;1.93;2019-07-01;Pre-covid;Pre-covid
2019;07;Baleares;Sandia;2974.56;2222.17;0.75;73.89;2.82;2.11;2019-07-01;Pre-covid;Pre-covid
2019;07;Baleares;Ciruelas;231.93;389.99;1.68;44.64;0.22;0.37;2019-07-01;Pre-covid;Pre-covid
2019;07;Baleares;Cerezas;416.5;1678.11;4.03;54.61;0.39;1.59;2019-07-01;Pre-covid;Pre-covid
2019;07;Baleares;Uvas;164.08;285.25;1.74;17.87;0.16;0.27;2019-07-01;Pre-covid;Pre-covid
2019;07;Baleares;Kiwi;242.04;719.86;2.97;35.97;0.23;0.68;2019-07-01;Pre-covid;Pre-covid
2019;07;Baleares;Aguacate;158.39;671.89;4.24;30.72;0.15;0.64;2019-07-01;Pre-covid;Pre-covid
2019;07;Baleares;Piña;204.69;234.7;1.15;20.62;0.19;0.22;2019-07-01;Pre-covid;Pre-covid
2019;07;Baleares;Otras frutas frescas;463.97;1208.69;2.61;60.41;0.44;1.15;2019-07-01;Pre-covid;Pre-covid
2019;07;Baleares;Pomelo;24.02;55.52;2.31;5.85;0.02;0.05;2019-07-01;Pre-covid;Pre-covid
2019;07;Baleares;Chirimoya;0.0;0.0;0.0;0.0;0.0;0.0;2019-07-01;Pre-covid;Pre-covid
2019;07;Baleares;Mango;52.27;141.99;2.72;13.06;0.05;0.13;2019-07-01;Pre-covid;Pre-covid
2019;07;Baleares;Frutas iv gama;650.27;870.19;1.34;24.23;0.62;0.82;2019-07-01;Pre-covid;Pre-covid
2019;07;Canarias;Frutas frescas;20843.82;32115.67;1.54;95.72;9.44;14.54;2019-07-01;Pre-covid;Pre-covid
2019;07;Canarias;Naranjas;3073.69;2857.54;0.93;47.4;1.39;1.29;2019-07-01;Pre-covid;Pre-covid
2019;07;Canarias;Mandarinas;109.65;194.63;1.77;10.04;0.05;0.09;2019-07-01;Pre-covid;Pre-covid
2019;07;Canarias;Limones;514.49;865.89;1.68;44.69;0.23;0.39;2019-07-01;Pre-covid;Pre-covid
2019;07;Canarias;Platanos;2810.42;3721.43;1.32;75.79;1.27;1.68;2019-07-01;Pre-covid;Pre-covid
2019;07;Canarias;Manzanas;1777.28;2706.0;1.52;62.13;0.8;1.23;2019-07-01;Pre-covid;Pre-covid
2019;07;Canarias;Peras;718.53;1162.45;1.62;43.5;0.33;0.53;2019-07-01;Pre-covid;Pre-covid
2019;07;Canarias;Melocotones;861.24;1334.04;1.55;40.27;0.39;0.6;2019-07-01;Pre-covid;Pre-covid
2019;07;Canarias;Nectarinas;841.23;1329.38;1.58;44.06;0.38;0.6;2019-07-01;Pre-covid;Pre-covid
2019;07;Canarias;Albaricoques;268.9;632.03;2.35;24.68;0.12;0.29;2019-07-01;Pre-covid;Pre-covid
2019;07;Canarias;Fresas/freson;62.35;274.48;4.4;10.76;0.03;0.12;2019-07-01;Pre-covid;Pre-covid
2019;07;Canarias;Melon;2418.75;2460.34;1.02;58.98;1.09;1.11;2019-07-01;Pre-covid;Pre-covid
2019;07;Canarias;Sandia;3255.95;2660.49;0.82;56.58;1.47;1.2;2019-07-01;Pre-covid;Pre-covid
2019;07;Canarias;Ciruelas;638.27;1034.94;1.62;38.91;0.29;0.47;2019-07-01;Pre-covid;Pre-covid
2019;07;Canarias;Cerezas;579.6;2410.88;4.16;38.66;0.26;1.09;2019-07-01;Pre-covid;Pre-covid
2019;07;Canarias;Uvas;185.77;560.94;3.02;19.61;0.08;0.25;2019-07-01;Pre-covid;Pre-covid
2019;07;Canarias;Kiwi;535.25;1683.43;3.15;29.97;0.24;0.76;2019-07-01;Pre-covid;Pre-covid
2019;07;Canarias;Aguacate;486.09;2334.73;4.8;38.15;0.22;1.06;2019-07-01;Pre-covid;Pre-covid
2019;07;Canarias;Piña;104.15;311.85;2.99;11.04;0.05;0.14;2019-07-01;Pre-covid;Pre-covid
2019;07;Canarias;Otras frutas frescas;1602.22;3580.19;2.23;56.42;0.73;1.62;2019-07-01;Pre-covid;Pre-covid
2019;07;Canarias;Pomelo;55.58;125.44;2.26;2.24;0.03;0.06;2019-07-01;Pre-covid;Pre-covid
2019;07;Canarias;Chirimoya;0.0;0.0;0.0;0.0;0.0;0.0;2019-07-01;Pre-covid;Pre-covid
2019;07;Canarias;Mango;271.46;688.0;2.53;17.43;0.12;0.31;2019-07-01;Pre-covid;Pre-covid
2019;07;Canarias;Frutas iv gama;1281.25;2025.93;1.58;31.33;0.58;0.92;2019-07-01;Pre-covid;Pre-covid
2019;07;Cantabria;Frutas frescas;4993.92;7006.61;1.4;96.26;8.86;12.43;2019-07-01;Pre-covid;Pre-covid
2019;07;Cantabria;Naranjas;706.53;674.84;0.96;44.78;1.25;1.2;2019-07-01;Pre-covid;Pre-covid
2019;07;Cantabria;Mandarinas;10.53;17.35;1.65;3.29;0.02;0.03;2019-07-01;Pre-covid;Pre-covid
2019;07;Cantabria;Limones;128.49;207.62;1.62;36.64;0.23;0.37;2019-07-01;Pre-covid;Pre-covid
2019;07;Cantabria;Platanos;500.94;660.12;1.32;76.94;0.89;1.17;2019-07-01;Pre-covid;Pre-covid
2019;07;Cantabria;Manzanas;444.04;643.48;1.45;60.25;0.79;1.14;2019-07-01;Pre-covid;Pre-covid
2019;07;Cantabria;Peras;98.03;161.9;1.65;22.58;0.17;0.29;2019-07-01;Pre-covid;Pre-covid
2019;07;Cantabria;Melocotones;321.17;480.01;1.49;43.4;0.57;0.85;2019-07-01;Pre-covid;Pre-covid
2019;07;Cantabria;Nectarinas;384.35;512.18;1.33;62.35;0.68;0.91;2019-07-01;Pre-covid;Pre-covid
2019;07;Cantabria;Albaricoques;116.68;212.4;1.82;26.96;0.21;0.38;2019-07-01;Pre-covid;Pre-covid
2019;07;Cantabria;Fresas/freson;9.19;36.6;3.98;6.45;0.02;0.06;2019-07-01;Pre-covid;Pre-covid
2019;07;Cantabria;Melon;752.03;674.49;0.9;63.44;1.33;1.2;2019-07-01;Pre-covid;Pre-covid
2019;07;Cantabria;Sandia;685.46;499.25;0.73;45.05;1.22;0.89;2019-07-01;Pre-covid;Pre-covid
2019;07;Cantabria;Ciruelas;74.31;131.92;1.78;28.44;0.13;0.23;2019-07-01;Pre-covid;Pre-covid
2019;07;Cantabria;Cerezas;220.01;759.01;3.45;51.77;0.39;1.35;2019-07-01;Pre-covid;Pre-covid
2019;07;Cantabria;Uvas;25.64;46.36;1.81;7.61;0.05;0.08;2019-07-01;Pre-covid;Pre-covid
2019;07;Cantabria;Kiwi;100.06;363.71;3.63;25.58;0.18;0.65;2019-07-01;Pre-covid;Pre-covid
2019;07;Cantabria;Aguacate;39.2;172.78;4.41;22.73;0.07;0.31;2019-07-01;Pre-covid;Pre-covid
2019;07;Cantabria;Piña;79.84;112.85;1.41;26.62;0.14;0.2;2019-07-01;Pre-covid;Pre-covid
2019;07;Cantabria;Otras frutas frescas;297.45;639.76;2.15;52.8;0.53;1.14;2019-07-01;Pre-covid;Pre-covid
2019;07;Cantabria;Pomelo;4.24;8.44;1.99;0.76;0.01;0.01;2019-07-01;Pre-covid;Pre-covid
2019;07;Cantabria;Chirimoya;0.0;0.0;0.0;0.0;0.0;0.0;2019-07-01;Pre-covid;Pre-covid
2019;07;Cantabria;Mango;9.22;35.68;3.87;5.35;0.02;0.06;2019-07-01;Pre-covid;Pre-covid
2019;07;Cantabria;Frutas iv gama;149.96;220.59;1.47;21.88;0.27;0.39;2019-07-01;Pre-covid;Pre-covid
2019;07;Castilla la mancha;Frutas frescas;16829.44;20367.82;1.21;93.73;8.03;9.72;2019-07-01;Pre-covid;Pre-covid
2019;07;Castilla la mancha;Naranjas;1434.46;1349.09;0.94;33.97;0.68;0.64;2019-07-01;Pre-covid;Pre-covid
2019;07;Castilla la mancha;Mandarinas;18.95;20.99;1.11;1.83;0.01;0.01;2019-07-01;Pre-covid;Pre-covid
2019;07;Castilla la mancha;Limones;280.16;433.15;1.55;39.6;0.13;0.21;2019-07-01;Pre-covid;Pre-covid
2019;07;Castilla la mancha;Platanos;1512.06;2138.28;1.41;69.99;0.72;1.02;2019-07-01;Pre-covid;Pre-covid
2019;07;Castilla la mancha;Manzanas;728.73;1043.97;1.43;57.24;0.35;0.5;2019-07-01;Pre-covid;Pre-covid
2019;07;Castilla la mancha;Peras;276.01;405.9;1.47;21.92;0.13;0.19;2019-07-01;Pre-covid;Pre-covid
2019;07;Castilla la mancha;Melocotones;1187.59;1820.17;1.53;50.0;0.57;0.87;2019-07-01;Pre-covid;Pre-covid
2019;07;Castilla la mancha;Nectarinas;613.23;846.12;1.38;41.19;0.29;0.4;2019-07-01;Pre-covid;Pre-covid
2019;07;Castilla la mancha;Albaricoques;396.3;682.55;1.72;30.29;0.19;0.33;2019-07-01;Pre-covid;Pre-covid
2019;07;Castilla la mancha;Fresas/freson;20.19;77.58;3.84;3.16;0.01;0.04;2019-07-01;Pre-covid;Pre-covid
2019;07;Castilla la mancha;Melon;2806.56;2700.64;0.96;65.72;1.34;1.29;2019-07-01;Pre-covid;Pre-covid
2019;07;Castilla la mancha;Sandia;5659.65;3981.92;0.7;67.73;2.7;1.9;2019-07-01;Pre-covid;Pre-covid
2019;07;Castilla la mancha;Ciruelas;268.48;465.07;1.73;34.27;0.13;0.22;2019-07-01;Pre-covid;Pre-covid
2019;07;Castilla la mancha;Cerezas;424.07;1523.16;3.59;41.32;0.2;0.73;2019-07-01;Pre-covid;Pre-covid
2019;07;Castilla la mancha;Uvas;23.55;77.62;3.3;3.55;0.01;0.04;2019-07-01;Pre-covid;Pre-covid
2019;07;Castilla la mancha;Kiwi;267.43;894.49;3.34;31.0;0.13;0.43;2019-07-01;Pre-covid;Pre-covid
2019;07;Castilla la mancha;Aguacate;156.39;472.59;3.02;21.28;0.07;0.23;2019-07-01;Pre-covid;Pre-covid
2019;07;Castilla la mancha;Piña;131.8;250.64;1.9;11.94;0.06;0.12;2019-07-01;Pre-covid;Pre-covid
2019;07;Castilla la mancha;Otras frutas frescas;623.82;1183.89;1.9;42.25;0.3;0.56;2019-07-01;Pre-covid;Pre-covid
2019;07;Castilla la mancha;Pomelo;31.55;58.91;1.87;3.37;0.02;0.03;2019-07-01;Pre-covid;Pre-covid
2019;07;Castilla la mancha;Chirimoya;0.0;0.0;0.0;0.0;0.0;0.0;2019-07-01;Pre-covid;Pre-covid
2019;07;Castilla la mancha;Mango;44.7;91.03;2.04;5.79;0.02;0.04;2019-07-01;Pre-covid;Pre-covid
2019;07;Castilla la mancha;Frutas iv gama;701.05;964.46;1.38;26.02;0.33;0.46;2019-07-01;Pre-covid;Pre-covid
2019;07;Castilla leon;Frutas frescas;25746.12;32982.97;1.28;93.21;10.71;13.72;2019-07-01;Pre-covid;Pre-covid
2019;07;Castilla leon;Naranjas;2527.84;2370.94;0.94;40.31;1.05;0.99;2019-07-01;Pre-covid;Pre-covid
2019;07;Castilla leon;Mandarinas;94.93;142.07;1.5;7.78;0.04;0.06;2019-07-01;Pre-covid;Pre-covid
2019;07;Castilla leon;Limones;483.45;775.58;1.6;42.2;0.2;0.32;2019-07-01;Pre-covid;Pre-covid
2019;07;Castilla leon;Platanos;2183.18;3022.56;1.38;70.26;0.91;1.26;2019-07-01;Pre-covid;Pre-covid
2019;07;Castilla leon;Manzanas;1224.43;1608.52;1.31;45.77;0.51;0.67;2019-07-01;Pre-covid;Pre-covid
2019;07;Castilla leon;Peras;622.13;967.65;1.56;42.02;0.26;0.4;2019-07-01;Pre-covid;Pre-covid
2019;07;Castilla leon;Melocotones;1396.06;2101.97;1.51;58.68;0.58;0.87;2019-07-01;Pre-covid;Pre-covid
2019;07;Castilla leon;Nectarinas;1557.73;2139.66;1.37;53.54;0.65;0.89;2019-07-01;Pre-covid;Pre-covid
2019;07;Castilla leon;Albaricoques;524.35;984.23;1.88;33.75;0.22;0.41;2019-07-01;Pre-covid;Pre-covid
2019;07;Castilla leon;Fresas/freson;112.9;452.0;4.0;8.18;0.05;0.19;2019-07-01;Pre-covid;Pre-covid
2019;07;Castilla leon;Melon;4792.98;4232.36;0.88;65.68;1.99;1.76;2019-07-01;Pre-covid;Pre-covid
2019;07;Castilla leon;Sandia;6658.96;4981.32;0.75;64.99;2.77;2.07;2019-07-01;Pre-covid;Pre-covid
2019;07;Castilla leon;Ciruelas;297.84;540.49;1.81;22.43;0.12;0.22;2019-07-01;Pre-covid;Pre-covid
2019;07;Castilla leon;Cerezas;751.05;2626.34;3.5;47.38;0.31;1.09;2019-07-01;Pre-covid;Pre-covid
2019;07;Castilla leon;Uvas;97.68;237.89;2.44;9.64;0.04;0.1;2019-07-01;Pre-covid;Pre-covid
2019;07;Castilla leon;Kiwi;518.45;1699.47;3.28;26.3;0.22;0.71;2019-07-01;Pre-covid;Pre-covid
2019;07;Castilla leon;Aguacate;295.01;958.97;3.25;25.34;0.12;0.4;2019-07-01;Pre-covid;Pre-covid
2019;07;Castilla leon;Piña;282.95;405.72;1.43;14.6;0.12;0.17;2019-07-01;Pre-covid;Pre-covid
2019;07;Castilla leon;Otras frutas frescas;1324.19;2735.23;2.07;54.25;0.55;1.14;2019-07-01;Pre-covid;Pre-covid
2019;07;Castilla leon;Pomelo;139.52;227.7;1.63;3.79;0.06;0.09;2019-07-01;Pre-covid;Pre-covid
2019;07;Castilla leon;Chirimoya;0.0;0.0;0.0;0.0;0.0;0.0;2019-07-01;Pre-covid;Pre-covid
2019;07;Castilla leon;Mango;93.07;317.31;3.41;11.94;0.04;0.13;2019-07-01;Pre-covid;Pre-covid
2019;07;Castilla leon;Frutas iv gama;881.65;1335.52;1.51;27.07;0.37;0.56;2019-07-01;Pre-covid;Pre-covid
2019;07;Cataluña;Frutas frescas;71883.85;106226.71;1.48;95.45;10.04;14.84;2019-07-01;Pre-covid;Pre-covid
2019;07;Cataluña;Naranjas;6339.34;6366.87;1.0;33.92;0.89;0.89;2019-07-01;Pre-covid;Pre-covid
2019;07;Cataluña;Mandarinas;155.27;271.63;1.75;3.87;0.02;0.04;2019-07-01;Pre-covid;Pre-covid
2019;07;Cataluña;Limones;1604.94;2723.74;1.7;39.85;0.22;0.38;2019-07-01;Pre-covid;Pre-covid
2019;07;Cataluña;Platanos;6113.39;9379.62;1.53;68.64;0.85;1.31;2019-07-01;Pre-covid;Pre-covid
2019;07;Cataluña;Manzanas;3546.38;5455.86;1.54;47.8;0.5;0.76;2019-07-01;Pre-covid;Pre-covid
2019;07;Cataluña;Peras;1323.04;2231.3;1.69;28.13;0.18;0.31;2019-07-01;Pre-covid;Pre-covid
2019;07;Cataluña;Melocotones;6563.01;11285.78;1.72;64.22;0.92;1.58;2019-07-01;Pre-covid;Pre-covid
2019;07;Cataluña;Nectarinas;2946.87;4373.48;1.48;40.87;0.41;0.61;2019-07-01;Pre-covid;Pre-covid
2019;07;Cataluña;Albaricoques;1185.36;2534.07;2.14;28.48;0.17;0.35;2019-07-01;Pre-covid;Pre-covid
2019;07;Cataluña;Fresas/freson;265.78;1119.28;4.21;9.08;0.04;0.16;2019-07-01;Pre-covid;Pre-covid
2019;07;Cataluña;Melon;14625.5;15333.55;1.05;71.13;2.04;2.14;2019-07-01;Pre-covid;Pre-covid
2019;07;Cataluña;Sandia;16954.55;14113.8;0.83;65.66;2.37;1.97;2019-07-01;Pre-covid;Pre-covid
2019;07;Cataluña;Ciruelas;1579.2;2619.24;1.66;33.8;0.22;0.37;2019-07-01;Pre-covid;Pre-covid
2019;07;Cataluña;Cerezas;2856.78;12478.04;4.37;49.68;0.4;1.74;2019-07-01;Pre-covid;Pre-covid
2019;07;Cataluña;Uvas;354.72;1192.07;3.36;12.34;0.05;0.17;2019-07-01;Pre-covid;Pre-covid
2019;07;Cataluña;Kiwi;1045.6;3590.26;3.43;28.06;0.15;0.5;2019-07-01;Pre-covid;Pre-covid
2019;07;Cataluña;Aguacate;827.73;3257.78;3.94;25.7;0.12;0.46;2019-07-01;Pre-covid;Pre-covid
2019;07;Cataluña;Piña;768.03;1376.61;1.79;16.14;0.11;0.19;2019-07-01;Pre-covid;Pre-covid
2019;07;Cataluña;Otras frutas frescas;2828.36;6523.72;2.31;46.48;0.4;0.91;2019-07-01;Pre-covid;Pre-covid
2019;07;Cataluña;Pomelo;284.61;505.45;1.78;2.79;0.04;0.07;2019-07-01;Pre-covid;Pre-covid
2019;07;Cataluña;Chirimoya;0.0;0.0;0.0;0.0;0.0;0.0;2019-07-01;Pre-covid;Pre-covid
2019;07;Cataluña;Mango;412.69;1235.56;2.99;8.38;0.06;0.17;2019-07-01;Pre-covid;Pre-covid
2019;07;Cataluña;Frutas iv gama;2467.93;3632.66;1.47;26.25;0.34;0.51;2019-07-01;Pre-covid;Pre-covid
2019;07;Extremadura;Frutas frescas;10827.5;14530.81;1.34;94.81;9.2;12.34;2019-07-01;Pre-covid;Pre-covid
2019;07;Extremadura;Naranjas;845.6;786.47;0.93;34.0;0.72;0.67;2019-07-01;Pre-covid;Pre-covid
2019;07;Extremadura;Mandarinas;0.0;0.0;0.0;0.0;0.0;0.0;2019-07-01;Pre-covid;Pre-covid
2019;07;Extremadura;Limones;148.3;192.9;1.3;32.79;0.13;0.16;2019-07-01;Pre-covid;Pre-covid
2019;07;Extremadura;Platanos;753.3;1046.04;1.39;70.06;0.64;0.89;2019-07-01;Pre-covid;Pre-covid
2019;07;Extremadura;Manzanas;467.18;690.66;1.48;44.84;0.4;0.59;2019-07-01;Pre-covid;Pre-covid
2019;07;Extremadura;Peras;349.73;578.13;1.65;44.61;0.3;0.49;2019-07-01;Pre-covid;Pre-covid
2019;07;Extremadura;Melocotones;772.04;1248.78;1.62;55.63;0.66;1.06;2019-07-01;Pre-covid;Pre-covid
2019;07;Extremadura;Nectarinas;536.03;1026.32;1.91;43.32;0.46;0.87;2019-07-01;Pre-covid;Pre-covid
2019;07;Extremadura;Albaricoques;213.46;427.41;2.0;22.44;0.18;0.36;2019-07-01;Pre-covid;Pre-covid
2019;07;Extremadura;Fresas/freson;78.62;423.16;5.38;12.29;0.07;0.36;2019-07-01;Pre-covid;Pre-covid
2019;07;Extremadura;Melon;1747.85;1880.39;1.08;65.63;1.48;1.6;2019-07-01;Pre-covid;Pre-covid
2019;07;Extremadura;Sandia;3063.52;2203.35;0.72;70.77;2.6;1.87;2019-07-01;Pre-covid;Pre-covid
2019;07;Extremadura;Ciruelas;471.03;660.49;1.4;32.16;0.4;0.56;2019-07-01;Pre-covid;Pre-covid
2019;07;Extremadura;Cerezas;338.25;1067.02;3.15;44.1;0.29;0.91;2019-07-01;Pre-covid;Pre-covid
2019;07;Extremadura;Uvas;44.66;117.84;2.64;6.3;0.04;0.1;2019-07-01;Pre-covid;Pre-covid
2019;07;Extremadura;Kiwi;253.08;697.21;2.75;29.24;0.22;0.59;2019-07-01;Pre-covid;Pre-covid
2019;07;Extremadura;Aguacate;61.41;213.55;3.48;18.84;0.05;0.18;2019-07-01;Pre-covid;Pre-covid
2019;07;Extremadura;Piña;177.18;308.42;1.74;19.76;0.15;0.26;2019-07-01;Pre-covid;Pre-covid
2019;07;Extremadura;Otras frutas frescas;506.27;962.64;1.9;47.26;0.43;0.82;2019-07-01;Pre-covid;Pre-covid
2019;07;Extremadura;Pomelo;130.0;264.51;2.03;6.94;0.11;0.22;2019-07-01;Pre-covid;Pre-covid
2019;07;Extremadura;Chirimoya;0.0;0.0;0.0;0.0;0.0;0.0;2019-07-01;Pre-covid;Pre-covid
2019;07;Extremadura;Mango;9.49;20.05;2.11;4.1;0.01;0.02;2019-07-01;Pre-covid;Pre-covid
2019;07;Extremadura;Frutas iv gama;731.78;929.15;1.27;29.44;0.62;0.79;2019-07-01;Pre-covid;Pre-covid
2019;07;Galicia;Frutas frescas;27581.35;42281.19;1.53;95.63;10.16;15.57;2019-07-01;Pre-covid;Pre-covid
2019;07;Galicia;Naranjas;3205.26;2928.81;0.91;47.19;1.18;1.08;2019-07-01;Pre-covid;Pre-covid
2019;07;Galicia;Mandarinas;160.91;341.96;2.13;8.1;0.06;0.13;2019-07-01;Pre-covid;Pre-covid
2019;07;Galicia;Limones;510.88;750.63;1.47;30.69;0.19;0.28;2019-07-01;Pre-covid;Pre-covid
2019;07;Galicia;Platanos;2954.83;4576.24;1.55;78.9;1.09;1.68;2019-07-01;Pre-covid;Pre-covid
2019;07;Galicia;Manzanas;2714.68;4202.95;1.55;65.51;1.0;1.55;2019-07-01;Pre-covid;Pre-covid
2019;07;Galicia;Peras;904.9;1376.64;1.52;36.62;0.33;0.51;2019-07-01;Pre-covid;Pre-covid
2019;07;Galicia;Melocotones;1526.67;2354.35;1.54;47.68;0.56;0.87;2019-07-01;Pre-covid;Pre-covid
2019;07;Galicia;Nectarinas;2161.26;2970.28;1.37;62.15;0.8;1.09;2019-07-01;Pre-covid;Pre-covid
2019;07;Galicia;Albaricoques;649.45;1216.65;1.87;29.41;0.24;0.45;2019-07-01;Pre-covid;Pre-covid
2019;07;Galicia;Fresas/freson;437.45;1843.38;4.21;15.29;0.16;0.68;2019-07-01;Pre-covid;Pre-covid
2019;07;Galicia;Melon;3575.08;3395.32;0.95;66.54;1.32;1.25;2019-07-01;Pre-covid;Pre-covid
2019;07;Galicia;Sandia;3062.45;2522.59;0.82;52.6;1.13;0.93;2019-07-01;Pre-covid;Pre-covid
2019;07;Galicia;Ciruelas;1331.71;1993.7;1.5;37.45;0.49;0.73;2019-07-01;Pre-covid;Pre-covid
2019;07;Galicia;Cerezas;1001.09;3677.73;3.67;39.49;0.37;1.35;2019-07-01;Pre-covid;Pre-covid
2019;07;Galicia;Uvas;148.3;410.31;2.77;9.36;0.05;0.15;2019-07-01;Pre-covid;Pre-covid
2019;07;Galicia;Kiwi;689.75;1840.79;2.67;26.95;0.25;0.68;2019-07-01;Pre-covid;Pre-covid
2019;07;Galicia;Aguacate;304.27;1139.21;3.74;27.27;0.11;0.42;2019-07-01;Pre-covid;Pre-covid
2019;07;Galicia;Piña;449.27;744.84;1.66;18.82;0.17;0.27;2019-07-01;Pre-covid;Pre-covid
2019;07;Galicia;Otras frutas frescas;1793.14;3994.79;2.23;56.5;0.66;1.47;2019-07-01;Pre-covid;Pre-covid
2019;07;Galicia;Pomelo;158.13;408.25;2.58;3.97;0.06;0.15;2019-07-01;Pre-covid;Pre-covid
2019;07;Galicia;Chirimoya;0.0;0.0;0.0;0.0;0.0;0.0;2019-07-01;Pre-covid;Pre-covid
2019;07;Galicia;Mango;90.94;256.47;2.82;6.58;0.03;0.09;2019-07-01;Pre-covid;Pre-covid
2019;07;Galicia;Frutas iv gama;739.81;1348.97;1.82;24.79;0.27;0.5;2019-07-01;Pre-covid;Pre-covid
2019;07;La rioja;Frutas frescas;2701.81;4026.86;1.49;95.1;8.34;12.43;2019-07-01;Pre-covid;Pre-covid
2019;07;La rioja;Naranjas;327.45;303.06;0.93;37.89;1.01;0.94;2019-07-01;Pre-covid;Pre-covid
2019;07;La rioja;Mandarinas;5.9;10.7;1.81;3.75;0.02;0.03;2019-07-01;Pre-covid;Pre-covid
2019;07;La rioja;Limones;103.05;148.91;1.45;33.54;0.32;0.46;2019-07-01;Pre-covid;Pre-covid
2019;07;La rioja;Platanos;196.0;371.49;1.9;64.21;0.6;1.15;2019-07-01;Pre-covid;Pre-covid
2019;07;La rioja;Manzanas;163.39;327.36;2.0;34.26;0.5;1.01;2019-07-01;Pre-covid;Pre-covid
2019;07;La rioja;Peras;51.64;79.73;1.54;25.83;0.16;0.25;2019-07-01;Pre-covid;Pre-covid
2019;07;La rioja;Melocotones;211.01;359.73;1.7;38.45;0.65;1.11;2019-07-01;Pre-covid;Pre-covid
2019;07;La rioja;Nectarinas;182.75;295.25;1.62;42.48;0.56;0.91;2019-07-01;Pre-covid;Pre-covid
2019;07;La rioja;Albaricoques;36.38;77.86;2.14;25.53;0.11;0.24;2019-07-01;Pre-covid;Pre-covid
2019;07;La rioja;Fresas/freson;9.0;35.63;3.96;3.21;0.03;0.11;2019-07-01;Pre-covid;Pre-covid
2019;07;La rioja;Melon;433.28;453.49;1.05;67.97;1.34;1.4;2019-07-01;Pre-covid;Pre-covid
2019;07;La rioja;Sandia;493.35;413.53;0.84;54.62;1.52;1.28;2019-07-01;Pre-covid;Pre-covid
2019;07;La rioja;Ciruelas;175.4;276.65;1.58;28.94;0.54;0.85;2019-07-01;Pre-covid;Pre-covid
2019;07;La rioja;Cerezas;43.89;131.89;3.0;12.65;0.14;0.41;2019-07-01;Pre-covid;Pre-covid
2019;07;La rioja;Uvas;2.56;8.72;3.41;4.06;0.01;0.03;2019-07-01;Pre-covid;Pre-covid
2019;07;La rioja;Kiwi;64.53;237.7;3.68;31.96;0.2;0.73;2019-07-01;Pre-covid;Pre-covid
2019;07;La rioja;Aguacate;56.95;183.49;3.22;20.35;0.18;0.57;2019-07-01;Pre-covid;Pre-covid
2019;07;La rioja;Piña;19.77;40.01;2.02;11.4;0.06;0.12;2019-07-01;Pre-covid;Pre-covid
2019;07;La rioja;Otras frutas frescas;125.53;271.66;2.16;43.48;0.39;0.84;2019-07-01;Pre-covid;Pre-covid
2019;07;La rioja;Pomelo;9.69;14.55;1.5;4.62;0.03;0.04;2019-07-01;Pre-covid;Pre-covid
2019;07;La rioja;Chirimoya;0.0;0.0;0.0;0.0;0.0;0.0;2019-07-01;Pre-covid;Pre-covid
2019;07;La rioja;Mango;4.68;11.69;2.5;6.55;0.01;0.04;2019-07-01;Pre-covid;Pre-covid
2019;07;La rioja;Frutas iv gama;102.92;191.11;1.86;33.59;0.32;0.59;2019-07-01;Pre-covid;Pre-covid
2019;07;Madrid;Frutas frescas;58276.66;80299.65;1.38;96.44;9.21;12.69;2019-07-01;Pre-covid;Pre-covid
2019;07;Madrid;Naranjas;5140.78;4634.36;0.9;37.94;0.81;0.73;2019-07-01;Pre-covid;Pre-covid
2019;07;Madrid;Mandarinas;246.26;311.12;1.26;6.37;0.04;0.05;2019-07-01;Pre-covid;Pre-covid
2019;07;Madrid;Limones;1285.99;2100.53;1.63;40.24;0.2;0.33;2019-07-01;Pre-covid;Pre-covid
2019;07;Madrid;Platanos;4625.11;6944.28;1.5;73.84;0.73;1.1;2019-07-01;Pre-covid;Pre-covid
2019;07;Madrid;Manzanas;3076.94;4619.31;1.5;57.45;0.49;0.73;2019-07-01;Pre-covid;Pre-covid
2019;07;Madrid;Peras;1078.12;1720.94;1.6;33.08;0.17;0.27;2019-07-01;Pre-covid;Pre-covid
2019;07;Madrid;Melocotones;4265.25;6999.53;1.64;63.04;0.67;1.11;2019-07-01;Pre-covid;Pre-covid
2019;07;Madrid;Nectarinas;2068.65;2956.04;1.43;44.25;0.33;0.47;2019-07-01;Pre-covid;Pre-covid
2019;07;Madrid;Albaricoques;1363.08;2608.29;1.91;33.75;0.22;0.41;2019-07-01;Pre-covid;Pre-covid
2019;07;Madrid;Fresas/freson;150.8;564.69;3.74;6.31;0.02;0.09;2019-07-01;Pre-covid;Pre-covid
2019;07;Madrid;Melon;10422.93;10314.82;0.99;65.19;1.65;1.63;2019-07-01;Pre-covid;Pre-covid
2019;07;Madrid;Sandia;15488.83;11831.73;0.76;67.2;2.45;1.87;2019-07-01;Pre-covid;Pre-covid
2019;07;Madrid;Ciruelas;1067.86;1746.58;1.64;33.14;0.17;0.28;2019-07-01;Pre-covid;Pre-covid
2019;07;Madrid;Cerezas;2099.79;8278.36;3.94;51.12;0.33;1.31;2019-07-01;Pre-covid;Pre-covid
2019;07;Madrid;Uvas;231.63;773.13;3.34;11.21;0.04;0.12;2019-07-01;Pre-covid;Pre-covid
2019;07;Madrid;Kiwi;1158.45;3635.33;3.14;33.22;0.18;0.57;2019-07-01;Pre-covid;Pre-covid
2019;07;Madrid;Aguacate;605.98;2349.16;3.88;26.94;0.1;0.37;2019-07-01;Pre-covid;Pre-covid
2019;07;Madrid;Piña;751.72;1269.09;1.69;16.8;0.12;0.2;2019-07-01;Pre-covid;Pre-covid
2019;07;Madrid;Otras frutas frescas;3148.47;6642.36;2.11;59.66;0.5;1.05;2019-07-01;Pre-covid;Pre-covid
2019;07;Madrid;Pomelo;212.65;338.3;1.59;4.28;0.03;0.05;2019-07-01;Pre-covid;Pre-covid
2019;07;Madrid;Chirimoya;0.0;0.0;0.0;0.0;0.0;0.0;2019-07-01;Pre-covid;Pre-covid
2019;07;Madrid;Mango;161.19;453.89;2.82;6.29;0.03;0.07;2019-07-01;Pre-covid;Pre-covid
2019;07;Madrid;Frutas iv gama;2698.67;3926.69;1.46;34.23;0.43;0.62;2019-07-01;Pre-covid;Pre-covid
2019;07;Murcia;Frutas frescas;12548.51;17387.58;1.39;90.89;8.71;12.07;2019-07-01;Pre-covid;Pre-covid
2019;07;Murcia;Naranjas;1842.62;1775.77;0.96;30.04;1.28;1.23;2019-07-01;Pre-covid;Pre-covid
2019;07;Murcia;Mandarinas;8.6;8.04;0.93;0.91;0.01;0.01;2019-07-01;Pre-covid;Pre-covid
2019;07;Murcia;Limones;941.14;1245.43;1.32;36.23;0.65;0.86;2019-07-01;Pre-covid;Pre-covid
2019;07;Murcia;Platanos;992.73;1337.28;1.35;65.23;0.69;0.93;2019-07-01;Pre-covid;Pre-covid
2019;07;Murcia;Manzanas;523.69;718.92;1.37;39.29;0.36;0.5;2019-07-01;Pre-covid;Pre-covid
2019;07;Murcia;Peras;439.42;723.3;1.65;32.23;0.31;0.5;2019-07-01;Pre-covid;Pre-covid
2019;07;Murcia;Melocotones;1064.42;1860.07;1.75;52.24;0.74;1.29;2019-07-01;Pre-covid;Pre-covid
2019;07;Murcia;Nectarinas;285.09;385.66;1.35;24.69;0.2;0.27;2019-07-01;Pre-covid;Pre-covid
2019;07;Murcia;Albaricoques;177.77;333.85;1.88;25.77;0.12;0.23;2019-07-01;Pre-covid;Pre-covid
2019;07;Murcia;Fresas/freson;65.55;209.74;3.2;6.28;0.05;0.15;2019-07-01;Pre-covid;Pre-covid
2019;07;Murcia;Melon;1731.59;1765.2;1.02;56.16;1.2;1.23;2019-07-01;Pre-covid;Pre-covid
2019;07;Murcia;Sandia;2589.9;2175.05;0.84;63.83;1.8;1.51;2019-07-01;Pre-covid;Pre-covid
2019;07;Murcia;Ciruelas;489.9;725.33;1.48;40.21;0.34;0.5;2019-07-01;Pre-covid;Pre-covid
2019;07;Murcia;Cerezas;381.55;1653.18;4.33;47.19;0.26;1.15;2019-07-01;Pre-covid;Pre-covid
2019;07;Murcia;Uvas;46.12;134.11;2.91;9.0;0.03;0.09;2019-07-01;Pre-covid;Pre-covid
2019;07;Murcia;Kiwi;142.93;478.01;3.34;25.38;0.1;0.33;2019-07-01;Pre-covid;Pre-covid
2019;07;Murcia;Aguacate;73.61;310.12;4.21;15.17;0.05;0.22;2019-07-01;Pre-covid;Pre-covid
2019;07;Murcia;Piña;158.02;243.8;1.54;11.36;0.11;0.17;2019-07-01;Pre-covid;Pre-covid
2019;07;Murcia;Otras frutas frescas;593.85;1304.71;2.2;36.02;0.41;0.91;2019-07-01;Pre-covid;Pre-covid
2019;07;Murcia;Pomelo;24.81;35.34;1.42;3.4;0.02;0.02;2019-07-01;Pre-covid;Pre-covid
2019;07;Murcia;Chirimoya;0.0;0.0;0.0;0.0;0.0;0.0;2019-07-01;Pre-covid;Pre-covid
2019;07;Murcia;Mango;117.24;268.75;2.29;10.1;0.08;0.19;2019-07-01;Pre-covid;Pre-covid
2019;07;Murcia;Frutas iv gama;324.85;585.89;1.8;23.73;0.23;0.41;2019-07-01;Pre-covid;Pre-covid
2019;07;Navarra;Frutas frescas;6908.02;9963.06;1.44;90.92;11.56;16.67;2019-07-01;Pre-covid;Pre-covid
2019;07;Navarra;Naranjas;697.57;724.96;1.04;33.49;1.17;1.21;2019-07-01;Pre-covid;Pre-covid
2019;07;Navarra;Mandarinas;3.79;6.22;1.64;2.93;0.01;0.01;2019-07-01;Pre-covid;Pre-covid
2019;07;Navarra;Limones;127.58;224.66;1.76;36.94;0.21;0.38;2019-07-01;Pre-covid;Pre-covid
2019;07;Navarra;Platanos;702.18;1142.16;1.63;67.76;1.17;1.91;2019-07-01;Pre-covid;Pre-covid
2019;07;Navarra;Manzanas;530.52;701.18;1.32;49.83;0.89;1.17;2019-07-01;Pre-covid;Pre-covid
2019;07;Navarra;Peras;243.74;526.01;2.16;23.69;0.41;0.88;2019-07-01;Pre-covid;Pre-covid
2019;07;Navarra;Melocotones;429.67;655.57;1.53;48.13;0.72;1.1;2019-07-01;Pre-covid;Pre-covid
2019;07;Navarra;Nectarinas;446.96;635.55;1.42;58.71;0.75;1.06;2019-07-01;Pre-covid;Pre-covid
2019;07;Navarra;Albaricoques;147.36;317.65;2.16;37.59;0.25;0.53;2019-07-01;Pre-covid;Pre-covid
2019;07;Navarra;Fresas/freson;35.06;65.08;1.86;11.01;0.06;0.11;2019-07-01;Pre-covid;Pre-covid
2019;07;Navarra;Melon;1173.54;1356.59;1.16;54.33;1.96;2.27;2019-07-01;Pre-covid;Pre-covid
2019;07;Navarra;Sandia;1323.18;956.97;0.72;54.64;2.21;1.6;2019-07-01;Pre-covid;Pre-covid
2019;07;Navarra;Ciruelas;138.81;198.85;1.43;32.97;0.23;0.33;2019-07-01;Pre-covid;Pre-covid
2019;07;Navarra;Cerezas;161.94;627.08;3.87;44.17;0.27;1.05;2019-07-01;Pre-covid;Pre-covid
2019;07;Navarra;Uvas;24.77;65.11;2.63;14.05;0.04;0.11;2019-07-01;Pre-covid;Pre-covid
2019;07;Navarra;Kiwi;139.28;492.94;3.54;26.89;0.23;0.82;2019-07-01;Pre-covid;Pre-covid
2019;07;Navarra;Aguacate;215.18;598.57;2.78;35.43;0.36;1.0;2019-07-01;Pre-covid;Pre-covid
2019;07;Navarra;Piña;183.91;259.92;1.41;18.0;0.31;0.43;2019-07-01;Pre-covid;Pre-covid
2019;07;Navarra;Otras frutas frescas;182.97;408.0;2.23;46.82;0.31;0.68;2019-07-01;Pre-covid;Pre-covid
2019;07;Navarra;Pomelo;6.4;10.85;1.69;4.48;0.01;0.02;2019-07-01;Pre-covid;Pre-covid
2019;07;Navarra;Chirimoya;0.0;0.0;0.0;0.0;0.0;0.0;2019-07-01;Pre-covid;Pre-covid
2019;07;Navarra;Mango;17.69;43.78;2.47;11.12;0.03;0.07;2019-07-01;Pre-covid;Pre-covid
2019;07;Navarra;Frutas iv gama;230.53;322.2;1.4;32.13;0.39;0.54;2019-07-01;Pre-covid;Pre-covid
2019;07;Pais vasco;Frutas frescas;21714.84;34733.74;1.6;97.88;10.27;16.43;2019-07-01;Pre-covid;Pre-covid
2019;07;Pais vasco;Naranjas;2693.11;2668.75;0.99;45.37;1.27;1.26;2019-07-01;Pre-covid;Pre-covid
2019;07;Pais vasco;Mandarinas;93.15;197.65;2.12;8.98;0.04;0.09;2019-07-01;Pre-covid;Pre-covid
2019;07;Pais vasco;Limones;358.78;627.27;1.75;40.15;0.17;0.3;2019-07-01;Pre-covid;Pre-covid
2019;07;Pais vasco;Platanos;2150.34;3732.88;1.74;72.72;1.02;1.77;2019-07-01;Pre-covid;Pre-covid
2019;07;Pais vasco;Manzanas;1651.15;2249.43;1.36;54.19;0.78;1.06;2019-07-01;Pre-covid;Pre-covid
2019;07;Pais vasco;Peras;540.84;813.2;1.5;38.25;0.26;0.38;2019-07-01;Pre-covid;Pre-covid
2019;07;Pais vasco;Melocotones;1622.61;2787.93;1.72;57.78;0.77;1.32;2019-07-01;Pre-covid;Pre-covid
2019;07;Pais vasco;Nectarinas;1646.63;2551.5;1.55;53.92;0.78;1.21;2019-07-01;Pre-covid;Pre-covid
2019;07;Pais vasco;Albaricoques;533.97;1047.08;1.96;36.09;0.25;0.5;2019-07-01;Pre-covid;Pre-covid
2019;07;Pais vasco;Fresas/freson;36.88;170.39;4.62;3.53;0.02;0.08;2019-07-01;Pre-covid;Pre-covid
2019;07;Pais vasco;Melon;3083.0;3567.27;1.16;66.78;1.46;1.69;2019-07-01;Pre-covid;Pre-covid
2019;07;Pais vasco;Sandia;3576.92;3005.59;0.84;51.12;1.69;1.42;2019-07-01;Pre-covid;Pre-covid
2019;07;Pais vasco;Ciruelas;496.67;934.87;1.88;31.43;0.23;0.44;2019-07-01;Pre-covid;Pre-covid
2019;07;Pais vasco;Cerezas;887.09;4063.65;4.58;56.06;0.42;1.92;2019-07-01;Pre-covid;Pre-covid
2019;07;Pais vasco;Uvas;82.49;249.69;3.03;12.97;0.04;0.12;2019-07-01;Pre-covid;Pre-covid
2019;07;Pais vasco;Kiwi;558.26;1966.7;3.52;34.38;0.26;0.93;2019-07-01;Pre-covid;Pre-covid
2019;07;Pais vasco;Aguacate;234.14;890.97;3.81;33.21;0.11;0.42;2019-07-01;Pre-covid;Pre-covid
2019;07;Pais vasco;Piña;324.06;668.67;2.06;18.24;0.15;0.32;2019-07-01;Pre-covid;Pre-covid
2019;07;Pais vasco;Otras frutas frescas;1144.75;2540.25;2.22;54.49;0.54;1.2;2019-07-01;Pre-covid;Pre-covid
2019;07;Pais vasco;Pomelo;97.16;211.57;2.18;8.11;0.05;0.1;2019-07-01;Pre-covid;Pre-covid
2019;07;Pais vasco;Chirimoya;0.0;0.0;0.0;0.0;0.0;0.0;2019-07-01;Pre-covid;Pre-covid
2019;07;Pais vasco;Mango;101.14;315.44;3.12;12.48;0.05;0.15;2019-07-01;Pre-covid;Pre-covid
2019;07;Pais vasco;Frutas iv gama;1618.88;2330.4;1.44;30.49;0.77;1.1;2019-07-01;Pre-covid;Pre-covid
2019;07;Valencia;Frutas frescas;45545.72;59234.73;1.3;93.5;9.38;12.2;2019-07-01;Pre-covid;Pre-covid
2019;07;Valencia;Naranjas;2374.99;2046.66;0.86;24.0;0.49;0.42;2019-07-01;Pre-covid;Pre-covid
2019;07;Valencia;Mandarinas;64.53;67.53;1.05;1.88;0.01;0.01;2019-07-01;Pre-covid;Pre-covid
2019;07;Valencia;Limones;992.21;1475.84;1.49;34.4;0.2;0.3;2019-07-01;Pre-covid;Pre-covid
2019;07;Valencia;Platanos;4185.87;5972.98;1.43;72.47;0.86;1.23;2019-07-01;Pre-covid;Pre-covid
2019;07;Valencia;Manzanas;2247.09;3424.97;1.52;53.03;0.46;0.71;2019-07-01;Pre-covid;Pre-covid
2019;07;Valencia;Peras;1166.18;1682.99;1.44;33.41;0.24;0.35;2019-07-01;Pre-covid;Pre-covid
2019;07;Valencia;Melocotones;3379.53;5298.96;1.57;53.07;0.7;1.09;2019-07-01;Pre-covid;Pre-covid
2019;07;Valencia;Nectarinas;1613.0;2095.18;1.3;38.29;0.33;0.43;2019-07-01;Pre-covid;Pre-covid
2019;07;Valencia;Albaricoques;689.76;1253.31;1.82;22.12;0.14;0.26;2019-07-01;Pre-covid;Pre-covid
2019;07;Valencia;Fresas/freson;119.34;717.67;6.01;7.65;0.02;0.15;2019-07-01;Pre-covid;Pre-covid
2019;07;Valencia;Melon;8909.21;7926.18;0.89;63.35;1.83;1.63;2019-07-01;Pre-covid;Pre-covid
2019;07;Valencia;Sandia;13174.26;10153.65;0.77;67.25;2.71;2.09;2019-07-01;Pre-covid;Pre-covid
2019;07;Valencia;Ciruelas;1368.01;2294.8;1.68;35.95;0.28;0.47;2019-07-01;Pre-covid;Pre-covid
2019;07;Valencia;Cerezas;1364.06;5042.97;3.7;44.8;0.28;1.04;2019-07-01;Pre-covid;Pre-covid
2019;07;Valencia;Uvas;222.67;590.64;2.65;12.44;0.05;0.12;2019-07-01;Pre-covid;Pre-covid
2019;07;Valencia;Kiwi;843.82;2694.31;3.19;29.93;0.17;0.55;2019-07-01;Pre-covid;Pre-covid
2019;07;Valencia;Aguacate;489.1;1830.18;3.74;26.98;0.1;0.38;2019-07-01;Pre-covid;Pre-covid
2019;07;Valencia;Piña;589.4;909.71;1.54;15.39;0.12;0.19;2019-07-01;Pre-covid;Pre-covid
2019;07;Valencia;Otras frutas frescas;1752.67;3756.19;2.14;46.81;0.36;0.77;2019-07-01;Pre-covid;Pre-covid
2019;07;Valencia;Pomelo;232.73;456.26;1.96;3.75;0.05;0.09;2019-07-01;Pre-covid;Pre-covid
2019;07;Valencia;Chirimoya;0.0;0.0;0.0;0.0;0.0;0.0;2019-07-01;Pre-covid;Pre-covid
2019;07;Valencia;Mango;97.14;290.42;2.99;6.66;0.02;0.06;2019-07-01;Pre-covid;Pre-covid
2019;07;Valencia;Frutas iv gama;2546.67;3382.06;1.33;28.07;0.52;0.7;2019-07-01;Pre-covid;Pre-covid
2019;08;Nacional;Patatas;103976.44;105065.7;1.01;75.43;2.25;2.28;2019-08-01;Pre-covid;Pre-covid
2019;08;Nacional;Patatas frescas;75508.71;72813.66;0.96;62.51;1.64;1.58;2019-08-01;Pre-covid;Pre-covid
2019;08;Nacional;Patatas congeladas;3267.48;4230.86;1.29;9.76;0.07;0.09;2019-08-01;Pre-covid;Pre-covid
2019;08;Nacional;Patatas procesadas;5040.05;28021.18;5.56;47.01;0.11;0.61;2019-08-01;Pre-covid;Pre-covid
2019;08;Nacional;Patatas fritas;4276.59;26863.79;6.28;45.3;0.09;0.58;2019-08-01;Pre-covid;Pre-covid
2019;08;Nacional;Hortalizas frescas;223772.75;408822.04;1.83;92.62;4.85;8.86;2019-08-01;Pre-covid;Pre-covid
2019;08;Nacional;Omates;65885.34;106801.0;1.62;75.53;1.43;2.32;2019-08-01;Pre-covid;Pre-covid
2019;08;Nacional;Cebollas;31187.48;38061.38;1.22;62.0;0.68;0.83;2019-08-01;Pre-covid;Pre-covid
2019;08;Nacional;Ajos;3636.03;13371.43;3.68;28.95;0.08;0.29;2019-08-01;Pre-covid;Pre-covid
2019;08;Nacional;Coles;4086.92;4405.41;1.08;10.42;0.09;0.1;2019-08-01;Pre-covid;Pre-covid
2019;08;Nacional;Pepinos;12932.39;15765.32;1.22;45.52;0.28;0.34;2019-08-01;Pre-covid;Pre-covid
2019;08;Nacional;Judias verdes;9170.7;30389.5;3.31;27.33;0.2;0.66;2019-08-01;Pre-covid;Pre-covid
2019;08;Nacional;Pimientos;20359.5;39236.1;1.93;63.2;0.44;0.85;2019-08-01;Pre-covid;Pre-covid
2019;08;Nacional;Champiñoneso setas;3516.43;14136.58;4.02;30.6;0.08;0.31;2019-08-01;Pre-covid;Pre-covid
2019;08;Nacional;Lechuga/esc /endivia;15378.18;41493.26;2.7;63.11;0.33;0.9;2019-08-01;Pre-covid;Pre-covid
2019;08;Nacional;Esparragos;1014.92;2751.99;2.71;4.8;0.02;0.06;2019-08-01;Pre-covid;Pre-covid
2019;08;Nacional;Verduras de hoja;2971.33;7806.54;2.63;18.69;0.06;0.17;2019-08-01;Pre-covid;Pre-covid
2019;08;Nacional;Berenjenas;8329.53;13272.07;1.59;27.08;0.18;0.29;2019-08-01;Pre-covid;Pre-covid
2019;08;Nacional;Zanahorias;11637.46;10951.16;0.94;49.33;0.25;0.24;2019-08-01;Pre-covid;Pre-covid
2019;08;Nacional;Calabacines;15013.98;19892.61;1.32;42.03;0.33;0.43;2019-08-01;Pre-covid;Pre-covid
2019;08;Nacional;Otr hortalizas/verd ;18652.57;50487.7;2.71;58.6;0.4;1.09;2019-08-01;Pre-covid;Pre-covid
2019;08;Nacional;Brocoli;2168.74;4811.37;2.22;12.39;0.05;0.1;2019-08-01;Pre-covid;Pre-covid
2019;08;Nacional;Alcachofas;367.69;1082.37;2.94;2.78;0.01;0.02;2019-08-01;Pre-covid;Pre-covid
2019;08;Nacional;Apio;1372.44;1932.88;1.41;5.85;0.03;0.04;2019-08-01;Pre-covid;Pre-covid
2019;08;Nacional;Coliflor;907.68;1700.77;1.87;4.58;0.02;0.04;2019-08-01;Pre-covid;Pre-covid
2019;08;Nacional;Verd /hort  iv gama;24795.28;60881.15;2.46;60.64;0.54;1.32;2019-08-01;Pre-covid;Pre-covid
2019;08;Nacional;Puerro;2876.4;7552.94;2.63;20.68;0.06;0.16;2019-08-01;Pre-covid;Pre-covid
2019;08;Andalucia;Patatas;19399.48;19119.54;0.99;79.97;2.23;2.2;2019-08-01;Pre-covid;Pre-covid
2019;08;Andalucia;Patatas frescas;12997.52;12146.12;0.93;61.3;1.5;1.4;2019-08-01;Pre-covid;Pre-covid
2019;08;Andalucia;Patatas congeladas;783.06;982.12;1.25;14.02;0.09;0.11;2019-08-01;Pre-covid;Pre-covid
2019;08;Andalucia;Patatas procesadas;1123.78;5991.31;5.33;53.64;0.13;0.69;2019-08-01;Pre-covid;Pre-covid
2019;08;Andalucia;Patatas fritas;957.98;5724.24;5.98;51.6;0.11;0.66;2019-08-01;Pre-covid;Pre-covid
2019;08;Andalucia;Hortalizas frescas;37027.98;62338.72;1.68;94.58;4.26;7.18;2019-08-01;Pre-covid;Pre-covid
2019;08;Andalucia;Omates;12988.84;18752.79;1.44;77.62;1.5;2.16;2019-08-01;Pre-covid;Pre-covid
2019;08;Andalucia;Cebollas;4837.13;5695.09;1.18;61.82;0.56;0.66;2019-08-01;Pre-covid;Pre-covid
2019;08;Andalucia;Ajos;453.41;1743.66;3.85;32.03;0.05;0.2;2019-08-01;Pre-covid;Pre-covid
2019;08;Andalucia;Coles;308.53;446.94;1.45;7.97;0.04;0.05;2019-08-01;Pre-covid;Pre-covid
2019;08;Andalucia;Pepinos;2339.29;2812.79;1.2;52.02;0.27;0.32;2019-08-01;Pre-covid;Pre-covid
2019;08;Andalucia;Judias verdes;796.08;2506.81;3.15;19.05;0.09;0.29;2019-08-01;Pre-covid;Pre-covid
2019;08;Andalucia;Pimientos;3580.57;6356.08;1.78;65.38;0.41;0.73;2019-08-01;Pre-covid;Pre-covid
2019;08;Andalucia;Champiñoneso setas;550.67;2172.1;3.94;27.63;0.06;0.25;2019-08-01;Pre-covid;Pre-covid
2019;08;Andalucia;Lechuga/esc /endivia;2421.53;6300.63;2.6;65.85;0.28;0.73;2019-08-01;Pre-covid;Pre-covid
2019;08;Andalucia;Esparragos;85.72;325.96;3.8;4.16;0.01;0.04;2019-08-01;Pre-covid;Pre-covid
2019;08;Andalucia;Verduras de hoja;349.19;1023.96;2.93;16.68;0.04;0.12;2019-08-01;Pre-covid;Pre-covid
2019;08;Andalucia;Berenjenas;1381.16;2096.41;1.52;31.95;0.16;0.24;2019-08-01;Pre-covid;Pre-covid
2019;08;Andalucia;Zanahorias;1948.15;1769.08;0.91;47.16;0.22;0.2;2019-08-01;Pre-covid;Pre-covid
2019;08;Andalucia;Calabacines;2154.86;2823.98;1.31;41.11;0.25;0.33;2019-08-01;Pre-covid;Pre-covid
2019;08;Andalucia;Otr hortalizas/verd ;2832.84;7512.44;2.65;58.87;0.33;0.87;2019-08-01;Pre-covid;Pre-covid
2019;08;Andalucia;Brocoli;280.64;690.86;2.46;12.48;0.03;0.08;2019-08-01;Pre-covid;Pre-covid
2019;08;Andalucia;Alcachofas;42.78;127.77;2.99;2.04;0.0;0.01;2019-08-01;Pre-covid;Pre-covid
2019;08;Andalucia;Apio;228.56;374.18;1.64;7.11;0.03;0.04;2019-08-01;Pre-covid;Pre-covid
2019;08;Andalucia;Coliflor;154.4;282.68;1.83;5.01;0.02;0.03;2019-08-01;Pre-covid;Pre-covid
2019;08;Andalucia;Verd /hort  iv gama;4600.34;10876.59;2.36;62.69;0.53;1.25;2019-08-01;Pre-covid;Pre-covid
2019;08;Andalucia;Puerro;396.35;1018.18;2.57;18.49;0.05;0.12;2019-08-01;Pre-covid;Pre-covid
2019;08;Aragon;Patatas;3017.77;2942.68;0.98;73.94;2.3;2.25;2019-08-01;Pre-covid;Pre-covid
2019;08;Aragon;Patatas frescas;2299.45;2174.08;0.95;62.13;1.76;1.66;2019-08-01;Pre-covid;Pre-covid
2019;08;Aragon;Patatas congeladas;50.77;70.45;1.39;6.18;0.04;0.05;2019-08-01;Pre-covid;Pre-covid
2019;08;Aragon;Patatas procesadas;133.51;698.15;5.23;43.77;0.1;0.53;2019-08-01;Pre-covid;Pre-covid
2019;08;Aragon;Patatas fritas;113.56;667.25;5.88;40.69;0.09;0.51;2019-08-01;Pre-covid;Pre-covid
2019;08;Aragon;Hortalizas frescas;7759.49;13505.19;1.74;92.0;5.92;10.31;2019-08-01;Pre-covid;Pre-covid
2019;08;Aragon;Omates;2448.28;3807.79;1.56;77.41;1.87;2.91;2019-08-01;Pre-covid;Pre-covid
2019;08;Aragon;Cebollas;973.13;1103.08;1.13;63.91;0.74;0.84;2019-08-01;Pre-covid;Pre-covid
2019;08;Aragon;Ajos;41.63;165.59;3.98;24.23;0.03;0.13;2019-08-01;Pre-covid;Pre-covid
2019;08;Aragon;Coles;65.39;73.96;1.13;6.55;0.05;0.06;2019-08-01;Pre-covid;Pre-covid
2019;08;Aragon;Pepinos;479.55;616.58;1.29;41.88;0.37;0.47;2019-08-01;Pre-covid;Pre-covid
2019;08;Aragon;Judias verdes;407.06;1216.21;2.99;35.11;0.31;0.93;2019-08-01;Pre-covid;Pre-covid
2019;08;Aragon;Pimientos;617.68;1132.61;1.83;56.14;0.47;0.86;2019-08-01;Pre-covid;Pre-covid
2019;08;Aragon;Champiñoneso setas;110.94;441.25;3.98;38.28;0.08;0.34;2019-08-01;Pre-covid;Pre-covid
2019;08;Aragon;Lechuga/esc /endivia;463.1;1258.73;2.72;57.61;0.35;0.96;2019-08-01;Pre-covid;Pre-covid
2019;08;Aragon;Esparragos;31.41;141.74;4.51;8.81;0.02;0.11;2019-08-01;Pre-covid;Pre-covid
2019;08;Aragon;Verduras de hoja;237.77;452.61;1.9;20.53;0.18;0.35;2019-08-01;Pre-covid;Pre-covid
2019;08;Aragon;Berenjenas;392.09;630.05;1.61;33.25;0.3;0.48;2019-08-01;Pre-covid;Pre-covid
2019;08;Aragon;Zanahorias;239.05;191.95;0.8;38.18;0.18;0.15;2019-08-01;Pre-covid;Pre-covid
2019;08;Aragon;Calabacines;481.12;636.52;1.32;35.96;0.37;0.49;2019-08-01;Pre-covid;Pre-covid
2019;08;Aragon;Otr hortalizas/verd ;771.29;1636.52;2.12;61.15;0.59;1.25;2019-08-01;Pre-covid;Pre-covid
2019;08;Aragon;Brocoli;55.42;131.12;2.37;13.01;0.04;0.1;2019-08-01;Pre-covid;Pre-covid
2019;08;Aragon;Alcachofas;27.08;70.1;2.59;4.7;0.02;0.05;2019-08-01;Pre-covid;Pre-covid
2019;08;Aragon;Apio;154.73;183.26;1.18;7.71;0.12;0.14;2019-08-01;Pre-covid;Pre-covid
2019;08;Aragon;Coliflor;21.2;40.63;1.92;4.52;0.02;0.03;2019-08-01;Pre-covid;Pre-covid
2019;08;Aragon;Verd /hort  iv gama;1242.35;2185.12;1.76;61.75;0.95;1.67;2019-08-01;Pre-covid;Pre-covid
2019;08;Aragon;Puerro;90.07;239.6;2.66;14.87;0.07;0.18;2019-08-01;Pre-covid;Pre-covid
2019;08;Asturias;Patatas;2566.61;2345.66;0.91;80.74;2.39;2.18;2019-08-01;Pre-covid;Pre-covid
2019;08;Asturias;Patatas frescas;2075.93;1836.56;0.88;74.17;1.93;1.71;2019-08-01;Pre-covid;Pre-covid
2019;08;Asturias;Patatas congeladas;73.71;90.12;1.22;11.28;0.07;0.08;2019-08-01;Pre-covid;Pre-covid
2019;08;Asturias;Patatas procesadas;83.39;418.98;5.02;31.81;0.08;0.39;2019-08-01;Pre-covid;Pre-covid
2019;08;Asturias;Patatas fritas;58.52;377.98;6.46;29.34;0.05;0.35;2019-08-01;Pre-covid;Pre-covid
2019;08;Asturias;Hortalizas frescas;4233.64;8068.17;1.91;93.78;3.94;7.51;2019-08-01;Pre-covid;Pre-covid
2019;08;Asturias;Omates;1280.84;2082.51;1.63;73.45;1.19;1.94;2019-08-01;Pre-covid;Pre-covid
2019;08;Asturias;Cebollas;577.75;724.33;1.25;62.29;0.54;0.67;2019-08-01;Pre-covid;Pre-covid
2019;08;Asturias;Ajos;56.69;258.87;4.57;36.32;0.05;0.24;2019-08-01;Pre-covid;Pre-covid
2019;08;Asturias;Coles;69.73;83.24;1.19;8.88;0.06;0.08;2019-08-01;Pre-covid;Pre-covid
2019;08;Asturias;Pepinos;137.74;172.59;1.25;24.59;0.13;0.16;2019-08-01;Pre-covid;Pre-covid
2019;08;Asturias;Judias verdes;181.94;652.77;3.59;23.01;0.17;0.61;2019-08-01;Pre-covid;Pre-covid
2019;08;Asturias;Pimientos;538.7;1091.37;2.03;65.39;0.5;1.02;2019-08-01;Pre-covid;Pre-covid
2019;08;Asturias;Champiñoneso setas;78.31;275.23;3.51;24.24;0.07;0.26;2019-08-01;Pre-covid;Pre-covid
2019;08;Asturias;Lechuga/esc /endivia;318.94;830.61;2.6;59.23;0.3;0.77;2019-08-01;Pre-covid;Pre-covid
2019;08;Asturias;Esparragos;0.67;4.8;7.2;0.6;0.0;0.0;2019-08-01;Pre-covid;Pre-covid
2019;08;Asturias;Verduras de hoja;35.3;96.89;2.74;10.05;0.03;0.09;2019-08-01;Pre-covid;Pre-covid
2019;08;Asturias;Berenjenas;163.34;268.0;1.64;20.55;0.15;0.25;2019-08-01;Pre-covid;Pre-covid
2019;08;Asturias;Zanahorias;253.91;225.14;0.89;50.25;0.24;0.21;2019-08-01;Pre-covid;Pre-covid
2019;08;Asturias;Calabacines;262.19;392.73;1.5;34.55;0.24;0.37;2019-08-01;Pre-covid;Pre-covid
2019;08;Asturias;Otr hortalizas/verd ;277.59;909.1;3.27;61.08;0.26;0.85;2019-08-01;Pre-covid;Pre-covid
2019;08;Asturias;Brocoli;39.68;115.35;2.91;12.73;0.04;0.11;2019-08-01;Pre-covid;Pre-covid
2019;08;Asturias;Alcachofas;1.48;4.45;3.0;0.96;0.0;0.0;2019-08-01;Pre-covid;Pre-covid
2019;08;Asturias;Apio;2.29;6.88;3.0;1.19;0.0;0.01;2019-08-01;Pre-covid;Pre-covid
2019;08;Asturias;Coliflor;40.55;67.7;1.67;4.37;0.04;0.06;2019-08-01;Pre-covid;Pre-covid
2019;08;Asturias;Verd /hort  iv gama;400.39;1136.87;2.84;59.04;0.37;1.06;2019-08-01;Pre-covid;Pre-covid
2019;08;Asturias;Puerro;35.99;115.39;3.21;14.82;0.03;0.11;2019-08-01;Pre-covid;Pre-covid
2019;08;Baleares;Patatas;3680.66;3722.21;1.01;83.95;3.49;3.53;2019-08-01;Pre-covid;Pre-covid
2019;08;Baleares;Patatas frescas;2675.51;2476.93;0.93;72.75;2.54;2.35;2019-08-01;Pre-covid;Pre-covid
2019;08;Baleares;Patatas congeladas;115.27;156.81;1.36;6.79;0.11;0.15;2019-08-01;Pre-covid;Pre-covid
2019;08;Baleares;Patatas procesadas;177.98;1088.47;6.12;56.56;0.17;1.03;2019-08-01;Pre-covid;Pre-covid
2019;08;Baleares;Patatas fritas;161.48;1063.58;6.59;55.36;0.15;1.01;2019-08-01;Pre-covid;Pre-covid
2019;08;Baleares;Hortalizas frescas;5716.04;11306.14;1.98;96.07;5.42;10.71;2019-08-01;Pre-covid;Pre-covid
2019;08;Baleares;Omates;1456.96;2516.49;1.73;80.02;1.38;2.38;2019-08-01;Pre-covid;Pre-covid
2019;08;Baleares;Cebollas;834.43;1052.36;1.26;74.63;0.79;1.0;2019-08-01;Pre-covid;Pre-covid
2019;08;Baleares;Ajos;108.38;450.65;4.16;37.08;0.1;0.43;2019-08-01;Pre-covid;Pre-covid
2019;08;Baleares;Coles;86.71;93.85;1.08;15.99;0.08;0.09;2019-08-01;Pre-covid;Pre-covid
2019;08;Baleares;Pepinos;283.16;349.38;1.23;42.86;0.27;0.33;2019-08-01;Pre-covid;Pre-covid
2019;08;Baleares;Judias verdes;126.05;468.39;3.72;27.84;0.12;0.44;2019-08-01;Pre-covid;Pre-covid
2019;08;Baleares;Pimientos;603.39;1278.53;2.12;73.37;0.57;1.21;2019-08-01;Pre-covid;Pre-covid
2019;08;Baleares;Champiñoneso setas;187.75;692.01;3.69;44.53;0.18;0.66;2019-08-01;Pre-covid;Pre-covid
2019;08;Baleares;Lechuga/esc /endivia;367.1;1069.46;2.91;64.8;0.35;1.01;2019-08-01;Pre-covid;Pre-covid
2019;08;Baleares;Esparragos;5.68;36.84;6.49;1.75;0.01;0.03;2019-08-01;Pre-covid;Pre-covid
2019;08;Baleares;Verduras de hoja;73.14;259.01;3.54;24.4;0.07;0.25;2019-08-01;Pre-covid;Pre-covid
2019;08;Baleares;Berenjenas;218.5;389.86;1.78;36.76;0.21;0.37;2019-08-01;Pre-covid;Pre-covid
2019;08;Baleares;Zanahorias;389.2;358.93;0.92;64.35;0.37;0.34;2019-08-01;Pre-covid;Pre-covid
2019;08;Baleares;Calabacines;297.67;424.27;1.43;49.13;0.28;0.4;2019-08-01;Pre-covid;Pre-covid
2019;08;Baleares;Otr hortalizas/verd ;677.91;1866.13;2.75;73.45;0.64;1.77;2019-08-01;Pre-covid;Pre-covid
2019;08;Baleares;Brocoli;95.5;208.47;2.18;24.79;0.09;0.2;2019-08-01;Pre-covid;Pre-covid
2019;08;Baleares;Alcachofas;45.1;138.59;3.07;15.03;0.04;0.13;2019-08-01;Pre-covid;Pre-covid
2019;08;Baleares;Apio;54.84;90.35;1.65;16.45;0.05;0.09;2019-08-01;Pre-covid;Pre-covid
2019;08;Baleares;Coliflor;103.12;209.73;2.03;7.84;0.1;0.2;2019-08-01;Pre-covid;Pre-covid
2019;08;Baleares;Verd /hort  iv gama;841.74;2025.96;2.41;65.0;0.8;1.92;2019-08-01;Pre-covid;Pre-covid
2019;08;Baleares;Puerro;79.01;218.34;2.76;25.65;0.07;0.21;2019-08-01;Pre-covid;Pre-covid
2019;08;Canarias;Patatas;4538.58;4928.8;1.09;71.63;2.05;2.23;2019-08-01;Pre-covid;Pre-covid
2019;08;Canarias;Patatas frescas;3531.81;3684.72;1.04;62.94;1.6;1.67;2019-08-01;Pre-covid;Pre-covid
2019;08;Canarias;Patatas congeladas;230.89;233.81;1.01;7.25;0.1;0.11;2019-08-01;Pre-covid;Pre-covid
2019;08;Canarias;Patatas procesadas;155.17;1010.27;6.51;47.25;0.07;0.46;2019-08-01;Pre-covid;Pre-covid
2019;08;Canarias;Patatas fritas;147.41;999.64;6.78;46.64;0.07;0.45;2019-08-01;Pre-covid;Pre-covid
2019;08;Canarias;Hortalizas frescas;8869.48;17172.57;1.94;93.8;4.02;7.77;2019-08-01;Pre-covid;Pre-covid
2019;08;Canarias;Omates;2232.26;3504.47;1.57;84.09;1.01;1.59;2019-08-01;Pre-covid;Pre-covid
2019;08;Canarias;Cebollas;1052.68;1362.73;1.29;69.64;0.48;0.62;2019-08-01;Pre-covid;Pre-covid
2019;08;Canarias;Ajos;89.22;368.3;4.13;36.8;0.04;0.17;2019-08-01;Pre-covid;Pre-covid
2019;08;Canarias;Coles;208.33;259.22;1.24;16.25;0.09;0.12;2019-08-01;Pre-covid;Pre-covid
2019;08;Canarias;Pepinos;398.54;604.57;1.52;40.56;0.18;0.27;2019-08-01;Pre-covid;Pre-covid
2019;08;Canarias;Judias verdes;182.16;266.2;1.46;13.59;0.08;0.12;2019-08-01;Pre-covid;Pre-covid
2019;08;Canarias;Pimientos;881.49;1623.75;1.84;70.59;0.4;0.74;2019-08-01;Pre-covid;Pre-covid
2019;08;Canarias;Champiñoneso setas;199.17;1036.75;5.21;25.31;0.09;0.47;2019-08-01;Pre-covid;Pre-covid
2019;08;Canarias;Lechuga/esc /endivia;497.85;1576.07;3.17;59.84;0.23;0.71;2019-08-01;Pre-covid;Pre-covid
2019;08;Canarias;Esparragos;27.64;148.75;5.38;2.78;0.01;0.07;2019-08-01;Pre-covid;Pre-covid
2019;08;Canarias;Verduras de hoja;125.11;278.79;2.23;17.17;0.06;0.13;2019-08-01;Pre-covid;Pre-covid
2019;08;Canarias;Berenjenas;129.67;182.52;1.41;21.57;0.06;0.08;2019-08-01;Pre-covid;Pre-covid
2019;08;Canarias;Zanahorias;658.74;771.87;1.17;60.84;0.3;0.35;2019-08-01;Pre-covid;Pre-covid
2019;08;Canarias;Calabacines;944.39;1402.06;1.48;57.3;0.43;0.63;2019-08-01;Pre-covid;Pre-covid
2019;08;Canarias;Otr hortalizas/verd ;1242.22;3786.53;3.05;65.3;0.56;1.71;2019-08-01;Pre-covid;Pre-covid
2019;08;Canarias;Brocoli;45.82;85.47;1.87;5.93;0.02;0.04;2019-08-01;Pre-covid;Pre-covid
2019;08;Canarias;Alcachofas;0.93;1.6;1.72;0.5;0.0;0.0;2019-08-01;Pre-covid;Pre-covid
2019;08;Canarias;Apio;39.67;59.15;1.49;4.07;0.02;0.03;2019-08-01;Pre-covid;Pre-covid
2019;08;Canarias;Coliflor;31.58;69.97;2.22;3.19;0.01;0.03;2019-08-01;Pre-covid;Pre-covid
2019;08;Canarias;Verd /hort  iv gama;1591.15;4125.47;2.59;60.46;0.72;1.87;2019-08-01;Pre-covid;Pre-covid
2019;08;Canarias;Puerro;73.02;191.02;2.62;15.99;0.03;0.09;2019-08-01;Pre-covid;Pre-covid
2019;08;Cantabria;Patatas;1048.32;1052.48;1.0;80.82;1.86;1.87;2019-08-01;Pre-covid;Pre-covid
2019;08;Cantabria;Patatas frescas;749.5;723.32;0.97;69.6;1.33;1.28;2019-08-01;Pre-covid;Pre-covid
2019;08;Cantabria;Patatas congeladas;33.83;38.71;1.14;8.81;0.06;0.07;2019-08-01;Pre-covid;Pre-covid
2019;08;Cantabria;Patatas procesadas;53.0;290.45;5.48;34.22;0.09;0.52;2019-08-01;Pre-covid;Pre-covid
2019;08;Cantabria;Patatas fritas;43.53;277.44;6.37;33.17;0.08;0.49;2019-08-01;Pre-covid;Pre-covid
2019;08;Cantabria;Hortalizas frescas;3283.98;5731.16;1.75;97.75;5.83;10.17;2019-08-01;Pre-covid;Pre-covid
2019;08;Cantabria;Omates;680.97;1171.1;1.72;73.88;1.21;2.08;2019-08-01;Pre-covid;Pre-covid
2019;08;Cantabria;Cebollas;972.56;880.99;0.91;74.88;1.73;1.56;2019-08-01;Pre-covid;Pre-covid
2019;08;Cantabria;Ajos;95.8;291.0;3.04;35.94;0.17;0.52;2019-08-01;Pre-covid;Pre-covid
2019;08;Cantabria;Coles;12.68;23.81;1.88;7.84;0.02;0.04;2019-08-01;Pre-covid;Pre-covid
2019;08;Cantabria;Pepinos;99.16;116.75;1.18;34.19;0.18;0.21;2019-08-01;Pre-covid;Pre-covid
2019;08;Cantabria;Judias verdes;329.46;581.27;1.76;23.42;0.58;1.03;2019-08-01;Pre-covid;Pre-covid
2019;08;Cantabria;Pimientos;196.87;433.16;2.2;55.19;0.35;0.77;2019-08-01;Pre-covid;Pre-covid
2019;08;Cantabria;Champiñoneso setas;29.37;98.2;3.34;25.76;0.05;0.17;2019-08-01;Pre-covid;Pre-covid
2019;08;Cantabria;Lechuga/esc /endivia;231.4;734.87;3.18;60.99;0.41;1.3;2019-08-01;Pre-covid;Pre-covid
2019;08;Cantabria;Esparragos;5.18;32.86;6.35;4.76;0.01;0.06;2019-08-01;Pre-covid;Pre-covid
2019;08;Cantabria;Verduras de hoja;30.66;63.03;2.06;11.65;0.05;0.11;2019-08-01;Pre-covid;Pre-covid
2019;08;Cantabria;Berenjenas;50.31;97.39;1.94;25.45;0.09;0.17;2019-08-01;Pre-covid;Pre-covid
2019;08;Cantabria;Zanahorias;123.98;112.22;0.91;49.03;0.22;0.2;2019-08-01;Pre-covid;Pre-covid
2019;08;Cantabria;Calabacines;220.31;400.28;1.82;46.96;0.39;0.71;2019-08-01;Pre-covid;Pre-covid
2019;08;Cantabria;Otr hortalizas/verd ;205.26;694.24;3.38;55.99;0.36;1.23;2019-08-01;Pre-covid;Pre-covid
2019;08;Cantabria;Brocoli;28.42;62.8;2.21;15.1;0.05;0.11;2019-08-01;Pre-covid;Pre-covid
2019;08;Cantabria;Alcachofas;1.17;4.11;3.51;0.44;0.0;0.01;2019-08-01;Pre-covid;Pre-covid
2019;08;Cantabria;Apio;0.0;0.0;0.0;0.0;0.0;0.0;2019-08-01;Pre-covid;Pre-covid
2019;08;Cantabria;Coliflor;1.45;6.03;4.17;1.12;0.0;0.01;2019-08-01;Pre-covid;Pre-covid
2019;08;Cantabria;Verd /hort  iv gama;1553.49;2490.8;1.6;49.19;2.76;4.42;2019-08-01;Pre-covid;Pre-covid
2019;08;Cantabria;Puerro;38.87;144.37;3.71;25.4;0.07;0.26;2019-08-01;Pre-covid;Pre-covid
2019;08;Castilla la mancha;Patatas;4252.76;4193.94;0.99;71.59;2.03;2.0;2019-08-01;Pre-covid;Pre-covid
2019;08;Castilla la mancha;Patatas frescas;2906.89;2680.34;0.92;55.0;1.39;1.28;2019-08-01;Pre-covid;Pre-covid
2019;08;Castilla la mancha;Patatas congeladas;243.15;298.77;1.23;15.76;0.12;0.14;2019-08-01;Pre-covid;Pre-covid
2019;08;Castilla la mancha;Patatas procesadas;220.54;1214.83;5.51;51.92;0.11;0.58;2019-08-01;Pre-covid;Pre-covid
2019;08;Castilla la mancha;Patatas fritas;200.42;1182.85;5.9;51.14;0.1;0.56;2019-08-01;Pre-covid;Pre-covid
2019;08;Castilla la mancha;Hortalizas frescas;7075.77;11993.87;1.7;89.34;3.38;5.72;2019-08-01;Pre-covid;Pre-covid
2019;08;Castilla la mancha;Omates;2191.41;3368.85;1.54;73.51;1.05;1.61;2019-08-01;Pre-covid;Pre-covid
2019;08;Castilla la mancha;Cebollas;799.49;993.7;1.24;57.16;0.38;0.47;2019-08-01;Pre-covid;Pre-covid
2019;08;Castilla la mancha;Ajos;55.95;220.76;3.95;19.62;0.03;0.11;2019-08-01;Pre-covid;Pre-covid
2019;08;Castilla la mancha;Coles;143.74;100.95;0.7;9.51;0.07;0.05;2019-08-01;Pre-covid;Pre-covid
2019;08;Castilla la mancha;Pepinos;681.48;780.22;1.14;48.63;0.33;0.37;2019-08-01;Pre-covid;Pre-covid
2019;08;Castilla la mancha;Judias verdes;218.67;680.51;3.11;20.81;0.1;0.32;2019-08-01;Pre-covid;Pre-covid
2019;08;Castilla la mancha;Pimientos;726.3;1288.98;1.77;59.01;0.35;0.62;2019-08-01;Pre-covid;Pre-covid
2019;08;Castilla la mancha;Champiñoneso setas;141.36;531.55;3.76;43.02;0.07;0.25;2019-08-01;Pre-covid;Pre-covid
2019;08;Castilla la mancha;Lechuga/esc /endivia;402.21;1069.75;2.66;55.34;0.19;0.51;2019-08-01;Pre-covid;Pre-covid
2019;08;Castilla la mancha;Esparragos;30.88;51.26;1.66;2.53;0.01;0.02;2019-08-01;Pre-covid;Pre-covid
2019;08;Castilla la mancha;Verduras de hoja;84.1;263.96;3.14;13.05;0.04;0.13;2019-08-01;Pre-covid;Pre-covid
2019;08;Castilla la mancha;Berenjenas;187.05;288.21;1.54;23.32;0.09;0.14;2019-08-01;Pre-covid;Pre-covid
2019;08;Castilla la mancha;Zanahorias;374.15;303.97;0.81;47.69;0.18;0.15;2019-08-01;Pre-covid;Pre-covid
2019;08;Castilla la mancha;Calabacines;559.61;708.43;1.27;40.32;0.27;0.34;2019-08-01;Pre-covid;Pre-covid
2019;08;Castilla la mancha;Otr hortalizas/verd ;479.39;1342.76;2.8;51.47;0.23;0.64;2019-08-01;Pre-covid;Pre-covid
2019;08;Castilla la mancha;Brocoli;99.36;213.1;2.14;13.3;0.05;0.1;2019-08-01;Pre-covid;Pre-covid
2019;08;Castilla la mancha;Alcachofas;7.58;26.4;3.48;0.75;0.0;0.01;2019-08-01;Pre-covid;Pre-covid
2019;08;Castilla la mancha;Apio;11.38;22.72;2.0;1.65;0.01;0.01;2019-08-01;Pre-covid;Pre-covid
2019;08;Castilla la mancha;Coliflor;16.46;40.62;2.47;2.94;0.01;0.02;2019-08-01;Pre-covid;Pre-covid
2019;08;Castilla la mancha;Verd /hort  iv gama;637.72;1692.64;2.65;55.45;0.3;0.81;2019-08-01;Pre-covid;Pre-covid
2019;08;Castilla la mancha;Puerro;72.63;212.48;2.93;20.07;0.03;0.1;2019-08-01;Pre-covid;Pre-covid
2019;08;Castilla leon;Patatas;5603.55;5453.99;0.97;66.69;2.33;2.27;2019-08-01;Pre-covid;Pre-covid
2019;08;Castilla leon;Patatas frescas;4430.65;4098.85;0.93;54.37;1.84;1.71;2019-08-01;Pre-covid;Pre-covid
2019;08;Castilla leon;Patatas congeladas;72.91;90.63;1.24;4.78;0.03;0.04;2019-08-01;Pre-covid;Pre-covid
2019;08;Castilla leon;Patatas procesadas;220.0;1264.51;5.75;43.5;0.09;0.53;2019-08-01;Pre-covid;Pre-covid
2019;08;Castilla leon;Patatas fritas;194.97;1228.63;6.3;42.04;0.08;0.51;2019-08-01;Pre-covid;Pre-covid
2019;08;Castilla leon;Hortalizas frescas;13618.03;25313.08;1.86;90.53;5.67;10.53;2019-08-01;Pre-covid;Pre-covid
2019;08;Castilla leon;Omates;2927.7;4765.05;1.63;72.69;1.22;1.98;2019-08-01;Pre-covid;Pre-covid
2019;08;Castilla leon;Cebollas;1496.71;1705.91;1.14;48.8;0.62;0.71;2019-08-01;Pre-covid;Pre-covid
2019;08;Castilla leon;Ajos;182.83;668.56;3.66;26.23;0.08;0.28;2019-08-01;Pre-covid;Pre-covid
2019;08;Castilla leon;Coles;732.45;720.76;0.98;12.57;0.3;0.3;2019-08-01;Pre-covid;Pre-covid
2019;08;Castilla leon;Pepinos;726.0;782.18;1.08;45.97;0.3;0.33;2019-08-01;Pre-covid;Pre-covid
2019;08;Castilla leon;Judias verdes;1239.83;4426.07;3.57;24.17;0.52;1.84;2019-08-01;Pre-covid;Pre-covid
2019;08;Castilla leon;Pimientos;1555.71;3292.26;2.12;58.42;0.65;1.37;2019-08-01;Pre-covid;Pre-covid
2019;08;Castilla leon;Champiñoneso setas;138.89;518.24;3.73;22.96;0.06;0.22;2019-08-01;Pre-covid;Pre-covid
2019;08;Castilla leon;Lechuga/esc /endivia;958.71;2322.74;2.42;53.03;0.4;0.97;2019-08-01;Pre-covid;Pre-covid
2019;08;Castilla leon;Esparragos;18.08;69.51;3.85;2.59;0.01;0.03;2019-08-01;Pre-covid;Pre-covid
2019;08;Castilla leon;Verduras de hoja;338.05;678.94;2.01;22.04;0.14;0.28;2019-08-01;Pre-covid;Pre-covid
2019;08;Castilla leon;Berenjenas;348.5;536.28;1.54;18.37;0.15;0.22;2019-08-01;Pre-covid;Pre-covid
2019;08;Castilla leon;Zanahorias;844.26;739.05;0.88;49.44;0.35;0.31;2019-08-01;Pre-covid;Pre-covid
2019;08;Castilla leon;Calabacines;1210.92;1660.61;1.37;43.62;0.5;0.69;2019-08-01;Pre-covid;Pre-covid
2019;08;Castilla leon;Otr hortalizas/verd ;899.39;2426.92;2.7;52.63;0.37;1.01;2019-08-01;Pre-covid;Pre-covid
2019;08;Castilla leon;Brocoli;134.6;278.31;2.07;10.51;0.06;0.12;2019-08-01;Pre-covid;Pre-covid
2019;08;Castilla leon;Alcachofas;6.12;21.35;3.49;0.76;0.0;0.01;2019-08-01;Pre-covid;Pre-covid
2019;08;Castilla leon;Apio;42.15;72.52;1.72;6.94;0.02;0.03;2019-08-01;Pre-covid;Pre-covid
2019;08;Castilla leon;Coliflor;43.63;86.27;1.98;3.81;0.02;0.04;2019-08-01;Pre-covid;Pre-covid
2019;08;Castilla leon;Verd /hort  iv gama;977.92;2579.19;2.64;58.12;0.41;1.07;2019-08-01;Pre-covid;Pre-covid
2019;08;Castilla leon;Puerro;186.02;497.43;2.67;24.19;0.08;0.21;2019-08-01;Pre-covid;Pre-covid
2019;08;Cataluña;Patatas;16398.55;17326.9;1.06;77.6;2.29;2.42;2019-08-01;Pre-covid;Pre-covid
2019;08;Cataluña;Patatas frescas;11591.83;11460.35;0.99;65.31;1.62;1.6;2019-08-01;Pre-covid;Pre-covid
2019;08;Cataluña;Patatas congeladas;462.86;643.34;1.39;10.33;0.06;0.09;2019-08-01;Pre-covid;Pre-covid
2019;08;Cataluña;Patatas procesadas;868.77;5223.21;6.01;51.2;0.12;0.73;2019-08-01;Pre-covid;Pre-covid
2019;08;Cataluña;Patatas fritas;760.12;5056.31;6.65;49.32;0.11;0.71;2019-08-01;Pre-covid;Pre-covid
2019;08;Cataluña;Hortalizas frescas;43367.55;81379.81;1.88;92.43;6.06;11.37;2019-08-01;Pre-covid;Pre-covid
2019;08;Cataluña;Omates;13743.35;22990.81;1.67;79.02;1.92;3.21;2019-08-01;Pre-covid;Pre-covid
2019;08;Cataluña;Cebollas;5755.81;7491.81;1.3;64.04;0.8;1.05;2019-08-01;Pre-covid;Pre-covid
2019;08;Cataluña;Ajos;762.13;2802.1;3.68;27.25;0.11;0.39;2019-08-01;Pre-covid;Pre-covid
2019;08;Cataluña;Coles;490.31;541.57;1.1;10.33;0.07;0.08;2019-08-01;Pre-covid;Pre-covid
2019;08;Cataluña;Pepinos;2467.86;3124.75;1.27;52.18;0.34;0.44;2019-08-01;Pre-covid;Pre-covid
2019;08;Cataluña;Judias verdes;1524.2;5381.38;3.53;36.09;0.21;0.75;2019-08-01;Pre-covid;Pre-covid
2019;08;Cataluña;Pimientos;3488.6;6749.17;1.93;65.05;0.49;0.94;2019-08-01;Pre-covid;Pre-covid
2019;08;Cataluña;Champiñoneso setas;577.18;2184.07;3.78;32.1;0.08;0.31;2019-08-01;Pre-covid;Pre-covid
2019;08;Cataluña;Lechuga/esc /endivia;3358.77;9163.31;2.73;70.33;0.47;1.28;2019-08-01;Pre-covid;Pre-covid
2019;08;Cataluña;Esparragos;552.05;835.85;1.51;6.87;0.08;0.12;2019-08-01;Pre-covid;Pre-covid
2019;08;Cataluña;Verduras de hoja;512.08;1467.61;2.87;22.41;0.07;0.21;2019-08-01;Pre-covid;Pre-covid
2019;08;Cataluña;Berenjenas;1919.08;2928.36;1.53;35.78;0.27;0.41;2019-08-01;Pre-covid;Pre-covid
2019;08;Cataluña;Zanahorias;1738.83;1791.44;1.03;46.9;0.24;0.25;2019-08-01;Pre-covid;Pre-covid
2019;08;Cataluña;Calabacines;3081.44;3987.05;1.29;43.64;0.43;0.56;2019-08-01;Pre-covid;Pre-covid
2019;08;Cataluña;Otr hortalizas/verd ;3395.85;9940.52;2.93;63.46;0.47;1.39;2019-08-01;Pre-covid;Pre-covid
2019;08;Cataluña;Brocoli;393.81;942.69;2.39;14.48;0.06;0.13;2019-08-01;Pre-covid;Pre-covid
2019;08;Cataluña;Alcachofas;82.62;263.58;3.19;4.38;0.01;0.04;2019-08-01;Pre-covid;Pre-covid
2019;08;Cataluña;Apio;226.22;291.5;1.29;6.66;0.03;0.04;2019-08-01;Pre-covid;Pre-covid
2019;08;Cataluña;Coliflor;112.65;225.81;2.0;4.46;0.02;0.03;2019-08-01;Pre-covid;Pre-covid
2019;08;Cataluña;Verd /hort  iv gama;3737.94;10535.04;2.82;65.46;0.52;1.47;2019-08-01;Pre-covid;Pre-covid
2019;08;Cataluña;Puerro;517.43;1366.71;2.64;22.53;0.07;0.19;2019-08-01;Pre-covid;Pre-covid
2019;08;Extremadura;Patatas;2397.59;2359.69;0.98;77.54;2.04;2.0;2019-08-01;Pre-covid;Pre-covid
2019;08;Extremadura;Patatas frescas;1798.31;1698.45;0.94;63.74;1.53;1.44;2019-08-01;Pre-covid;Pre-covid
2019;08;Extremadura;Patatas congeladas;44.09;46.7;1.06;7.67;0.04;0.04;2019-08-01;Pre-covid;Pre-covid
2019;08;Extremadura;Patatas procesadas;111.04;614.54;5.53;44.99;0.09;0.52;2019-08-01;Pre-covid;Pre-covid
2019;08;Extremadura;Patatas fritas;100.6;601.56;5.98;45.17;0.09;0.51;2019-08-01;Pre-covid;Pre-covid
2019;08;Extremadura;Hortalizas frescas;8335.87;14986.76;1.8;95.95;7.08;12.73;2019-08-01;Pre-covid;Pre-covid
2019;08;Extremadura;Omates;2565.9;4907.28;1.91;70.21;2.18;4.17;2019-08-01;Pre-covid;Pre-covid
2019;08;Extremadura;Cebollas;1241.24;1446.55;1.17;60.01;1.05;1.23;2019-08-01;Pre-covid;Pre-covid
2019;08;Extremadura;Ajos;366.07;1239.27;3.39;28.11;0.31;1.05;2019-08-01;Pre-covid;Pre-covid
2019;08;Extremadura;Coles;217.07;205.15;0.95;8.36;0.18;0.17;2019-08-01;Pre-covid;Pre-covid
2019;08;Extremadura;Pepinos;431.03;544.23;1.26;55.16;0.37;0.46;2019-08-01;Pre-covid;Pre-covid
2019;08;Extremadura;Judias verdes;398.9;1334.02;3.34;18.35;0.34;1.13;2019-08-01;Pre-covid;Pre-covid
2019;08;Extremadura;Pimientos;510.99;864.14;1.69;65.26;0.43;0.73;2019-08-01;Pre-covid;Pre-covid
2019;08;Extremadura;Champiñoneso setas;55.21;241.86;4.38;27.9;0.05;0.21;2019-08-01;Pre-covid;Pre-covid
2019;08;Extremadura;Lechuga/esc /endivia;295.37;795.2;2.69;57.1;0.25;0.68;2019-08-01;Pre-covid;Pre-covid
2019;08;Extremadura;Esparragos;3.85;28.53;7.4;2.84;0.0;0.02;2019-08-01;Pre-covid;Pre-covid
2019;08;Extremadura;Verduras de hoja;48.15;126.0;2.62;15.52;0.04;0.11;2019-08-01;Pre-covid;Pre-covid
2019;08;Extremadura;Berenjenas;503.42;734.39;1.46;24.81;0.43;0.62;2019-08-01;Pre-covid;Pre-covid
2019;08;Extremadura;Zanahorias;469.56;509.14;1.08;59.66;0.4;0.43;2019-08-01;Pre-covid;Pre-covid
2019;08;Extremadura;Calabacines;809.83;975.26;1.2;47.46;0.69;0.83;2019-08-01;Pre-covid;Pre-covid
2019;08;Extremadura;Otr hortalizas/verd ;419.29;1035.73;2.47;53.0;0.36;0.88;2019-08-01;Pre-covid;Pre-covid
2019;08;Extremadura;Brocoli;102.89;195.97;1.9;14.54;0.09;0.17;2019-08-01;Pre-covid;Pre-covid
2019;08;Extremadura;Alcachofas;7.55;23.51;3.11;3.04;0.01;0.02;2019-08-01;Pre-covid;Pre-covid
2019;08;Extremadura;Apio;34.94;46.29;1.32;6.6;0.03;0.04;2019-08-01;Pre-covid;Pre-covid
2019;08;Extremadura;Coliflor;25.08;44.73;1.78;6.41;0.02;0.04;2019-08-01;Pre-covid;Pre-covid
2019;08;Extremadura;Verd /hort  iv gama;491.62;1131.31;2.3;64.7;0.42;0.96;2019-08-01;Pre-covid;Pre-covid
2019;08;Extremadura;Puerro;53.14;152.0;2.86;18.72;0.05;0.13;2019-08-01;Pre-covid;Pre-covid
2019;08;Galicia;Patatas;9342.55;9665.86;1.03;67.76;3.44;3.56;2019-08-01;Pre-covid;Pre-covid
2019;08;Galicia;Patatas frescas;7968.83;8201.5;1.03;51.34;2.93;3.02;2019-08-01;Pre-covid;Pre-covid
2019;08;Galicia;Patatas congeladas;168.29;211.74;1.26;8.12;0.06;0.08;2019-08-01;Pre-covid;Pre-covid
2019;08;Galicia;Patatas procesadas;241.09;1252.62;5.2;33.97;0.09;0.46;2019-08-01;Pre-covid;Pre-covid
2019;08;Galicia;Patatas fritas;163.96;1140.74;6.96;31.38;0.06;0.42;2019-08-01;Pre-covid;Pre-covid
2019;08;Galicia;Hortalizas frescas;16301.08;29415.03;1.8;91.34;6.0;10.83;2019-08-01;Pre-covid;Pre-covid
2019;08;Galicia;Omates;3901.11;6812.91;1.75;67.51;1.44;2.51;2019-08-01;Pre-covid;Pre-covid
2019;08;Galicia;Cebollas;3894.61;4585.68;1.18;55.68;1.43;1.69;2019-08-01;Pre-covid;Pre-covid
2019;08;Galicia;Ajos;232.43;868.79;3.74;27.03;0.09;0.32;2019-08-01;Pre-covid;Pre-covid
2019;08;Galicia;Coles;542.26;522.32;0.96;16.87;0.2;0.19;2019-08-01;Pre-covid;Pre-covid
2019;08;Galicia;Pepinos;314.8;377.84;1.2;18.85;0.12;0.14;2019-08-01;Pre-covid;Pre-covid
2019;08;Galicia;Judias verdes;1114.44;3707.67;3.33;32.23;0.41;1.37;2019-08-01;Pre-covid;Pre-covid
2019;08;Galicia;Pimientos;1569.79;3420.16;2.18;62.36;0.58;1.26;2019-08-01;Pre-covid;Pre-covid
2019;08;Galicia;Champiñoneso setas;158.53;532.18;3.36;22.41;0.06;0.2;2019-08-01;Pre-covid;Pre-covid
2019;08;Galicia;Lechuga/esc /endivia;1237.43;2858.68;2.31;63.56;0.46;1.05;2019-08-01;Pre-covid;Pre-covid
2019;08;Galicia;Esparragos;6.33;36.65;5.79;1.99;0.0;0.01;2019-08-01;Pre-covid;Pre-covid
2019;08;Galicia;Verduras de hoja;211.89;441.57;2.08;13.58;0.08;0.16;2019-08-01;Pre-covid;Pre-covid
2019;08;Galicia;Berenjenas;192.28;275.16;1.43;12.73;0.07;0.1;2019-08-01;Pre-covid;Pre-covid
2019;08;Galicia;Zanahorias;826.21;776.37;0.94;48.37;0.3;0.29;2019-08-01;Pre-covid;Pre-covid
2019;08;Galicia;Calabacines;762.86;1214.21;1.59;26.01;0.28;0.45;2019-08-01;Pre-covid;Pre-covid
2019;08;Galicia;Otr hortalizas/verd ;1336.13;2984.85;2.23;53.65;0.49;1.1;2019-08-01;Pre-covid;Pre-covid
2019;08;Galicia;Brocoli;200.74;441.73;2.2;14.46;0.07;0.16;2019-08-01;Pre-covid;Pre-covid
2019;08;Galicia;Alcachofas;9.69;25.47;2.63;0.78;0.0;0.01;2019-08-01;Pre-covid;Pre-covid
2019;08;Galicia;Apio;212.01;255.16;1.2;5.77;0.08;0.09;2019-08-01;Pre-covid;Pre-covid
2019;08;Galicia;Coliflor;44.08;76.96;1.75;3.35;0.02;0.03;2019-08-01;Pre-covid;Pre-covid
2019;08;Galicia;Verd /hort  iv gama;2452.85;4039.31;1.65;52.27;0.9;1.49;2019-08-01;Pre-covid;Pre-covid
2019;08;Galicia;Puerro;331.01;815.28;2.46;15.34;0.12;0.3;2019-08-01;Pre-covid;Pre-covid
2019;08;La rioja;Patatas;365.07;401.65;1.1;74.95;1.13;1.24;2019-08-01;Pre-covid;Pre-covid
2019;08;La rioja;Patatas frescas;268.76;297.77;1.11;52.56;0.83;0.92;2019-08-01;Pre-covid;Pre-covid
2019;08;La rioja;Patatas congeladas;9.98;15.34;1.54;9.5;0.03;0.05;2019-08-01;Pre-covid;Pre-covid
2019;08;La rioja;Patatas procesadas;17.27;88.54;5.13;32.3;0.05;0.27;2019-08-01;Pre-covid;Pre-covid
2019;08;La rioja;Patatas fritas;15.08;82.63;5.48;32.37;0.05;0.26;2019-08-01;Pre-covid;Pre-covid
2019;08;La rioja;Hortalizas frescas;1490.18;3063.92;2.06;90.16;4.6;9.46;2019-08-01;Pre-covid;Pre-covid
2019;08;La rioja;Omates;500.06;830.85;1.66;49.7;1.54;2.56;2019-08-01;Pre-covid;Pre-covid
2019;08;La rioja;Cebollas;81.26;151.6;1.87;35.85;0.25;0.47;2019-08-01;Pre-covid;Pre-covid
2019;08;La rioja;Ajos;180.12;520.59;2.89;14.07;0.56;1.61;2019-08-01;Pre-covid;Pre-covid
2019;08;La rioja;Coles;19.03;23.86;1.25;10.12;0.06;0.07;2019-08-01;Pre-covid;Pre-covid
2019;08;La rioja;Pepinos;126.6;133.15;1.05;21.65;0.39;0.41;2019-08-01;Pre-covid;Pre-covid
2019;08;La rioja;Judias verdes;79.95;245.99;3.08;29.62;0.25;0.76;2019-08-01;Pre-covid;Pre-covid
2019;08;La rioja;Pimientos;74.95;190.49;2.54;43.19;0.23;0.59;2019-08-01;Pre-covid;Pre-covid
2019;08;La rioja;Champiñoneso setas;24.53;73.93;3.01;35.22;0.08;0.23;2019-08-01;Pre-covid;Pre-covid
2019;08;La rioja;Lechuga/esc /endivia;160.05;436.32;2.73;50.06;0.49;1.35;2019-08-01;Pre-covid;Pre-covid
2019;08;La rioja;Esparragos;5.2;21.37;4.11;7.4;0.02;0.07;2019-08-01;Pre-covid;Pre-covid
2019;08;La rioja;Verduras de hoja;5.06;34.65;6.85;12.94;0.02;0.11;2019-08-01;Pre-covid;Pre-covid
2019;08;La rioja;Berenjenas;11.13;19.79;1.78;5.75;0.03;0.06;2019-08-01;Pre-covid;Pre-covid
2019;08;La rioja;Zanahorias;80.13;62.37;0.78;48.21;0.25;0.19;2019-08-01;Pre-covid;Pre-covid
2019;08;La rioja;Calabacines;66.65;109.82;1.65;16.4;0.21;0.34;2019-08-01;Pre-covid;Pre-covid
2019;08;La rioja;Otr hortalizas/verd ;75.46;209.14;2.77;35.23;0.23;0.65;2019-08-01;Pre-covid;Pre-covid
2019;08;La rioja;Brocoli;14.02;24.33;1.74;9.83;0.04;0.08;2019-08-01;Pre-covid;Pre-covid
2019;08;La rioja;Alcachofas;0.0;0.0;0.0;0.0;0.0;0.0;2019-08-01;Pre-covid;Pre-covid
2019;08;La rioja;Apio;3.65;8.48;2.32;5.18;0.01;0.03;2019-08-01;Pre-covid;Pre-covid
2019;08;La rioja;Coliflor;1.24;1.99;1.61;1.89;0.0;0.01;2019-08-01;Pre-covid;Pre-covid
2019;08;La rioja;Verd /hort  iv gama;45.47;205.57;4.52;32.0;0.14;0.63;2019-08-01;Pre-covid;Pre-covid
2019;08;La rioja;Puerro;8.1;17.41;2.15;6.95;0.03;0.05;2019-08-01;Pre-covid;Pre-covid
2019;08;Madrid;Patatas;11649.72;11609.35;1.0;72.1;1.84;1.83;2019-08-01;Pre-covid;Pre-covid
2019;08;Madrid;Patatas frescas;7909.06;7548.62;0.95;63.84;1.25;1.19;2019-08-01;Pre-covid;Pre-covid
2019;08;Madrid;Patatas congeladas;395.11;526.98;1.33;7.4;0.06;0.08;2019-08-01;Pre-covid;Pre-covid
2019;08;Madrid;Patatas procesadas;669.11;3533.75;5.28;43.46;0.11;0.56;2019-08-01;Pre-covid;Pre-covid
2019;08;Madrid;Patatas fritas;536.66;3342.35;6.23;41.46;0.08;0.53;2019-08-01;Pre-covid;Pre-covid
2019;08;Madrid;Hortalizas frescas;24356.34;43315.94;1.78;91.42;3.85;6.85;2019-08-01;Pre-covid;Pre-covid
2019;08;Madrid;Omates;7157.44;11277.88;1.58;76.23;1.13;1.78;2019-08-01;Pre-covid;Pre-covid
2019;08;Madrid;Cebollas;2993.88;3587.8;1.2;64.56;0.47;0.57;2019-08-01;Pre-covid;Pre-covid
2019;08;Madrid;Ajos;249.63;940.62;3.77;28.95;0.04;0.15;2019-08-01;Pre-covid;Pre-covid
2019;08;Madrid;Coles;380.63;410.26;1.08;12.86;0.06;0.06;2019-08-01;Pre-covid;Pre-covid
2019;08;Madrid;Pepinos;1791.73;1988.73;1.11;51.36;0.28;0.31;2019-08-01;Pre-covid;Pre-covid
2019;08;Madrid;Judias verdes;711.36;1890.92;2.66;24.39;0.11;0.3;2019-08-01;Pre-covid;Pre-covid
2019;08;Madrid;Pimientos;1962.75;3751.23;1.91;58.42;0.31;0.59;2019-08-01;Pre-covid;Pre-covid
2019;08;Madrid;Champiñoneso setas;422.77;1692.03;4.0;28.38;0.07;0.27;2019-08-01;Pre-covid;Pre-covid
2019;08;Madrid;Lechuga/esc /endivia;1572.54;4604.15;2.93;60.17;0.25;0.73;2019-08-01;Pre-covid;Pre-covid
2019;08;Madrid;Esparragos;123.12;526.0;4.27;7.93;0.02;0.08;2019-08-01;Pre-covid;Pre-covid
2019;08;Madrid;Verduras de hoja;362.89;1116.58;3.08;20.86;0.06;0.18;2019-08-01;Pre-covid;Pre-covid
2019;08;Madrid;Berenjenas;1020.68;1755.58;1.72;26.09;0.16;0.28;2019-08-01;Pre-covid;Pre-covid
2019;08;Madrid;Zanahorias;1489.29;1358.83;0.91;50.5;0.24;0.21;2019-08-01;Pre-covid;Pre-covid
2019;08;Madrid;Calabacines;1667.49;1915.22;1.15;47.96;0.26;0.3;2019-08-01;Pre-covid;Pre-covid
2019;08;Madrid;Otr hortalizas/verd ;2450.12;6500.11;2.65;60.55;0.39;1.03;2019-08-01;Pre-covid;Pre-covid
2019;08;Madrid;Brocoli;208.89;514.55;2.46;13.15;0.03;0.08;2019-08-01;Pre-covid;Pre-covid
2019;08;Madrid;Alcachofas;12.96;38.95;3.01;0.31;0.0;0.01;2019-08-01;Pre-covid;Pre-covid
2019;08;Madrid;Apio;108.69;159.26;1.47;4.09;0.02;0.03;2019-08-01;Pre-covid;Pre-covid
2019;08;Madrid;Coliflor;137.27;223.15;1.63;3.97;0.02;0.04;2019-08-01;Pre-covid;Pre-covid
2019;08;Madrid;Verd /hort  iv gama;2595.98;7688.78;2.96;62.38;0.41;1.22;2019-08-01;Pre-covid;Pre-covid
2019;08;Madrid;Puerro;484.93;1082.84;2.23;26.99;0.08;0.17;2019-08-01;Pre-covid;Pre-covid
2019;08;Murcia;Patatas;2683.3;2674.54;1.0;76.48;1.86;1.86;2019-08-01;Pre-covid;Pre-covid
2019;08;Murcia;Patatas frescas;1838.78;1678.2;0.91;55.85;1.28;1.17;2019-08-01;Pre-covid;Pre-covid
2019;08;Murcia;Patatas congeladas;91.66;129.17;1.41;11.25;0.06;0.09;2019-08-01;Pre-covid;Pre-covid
2019;08;Murcia;Patatas procesadas;150.57;867.18;5.76;52.36;0.1;0.6;2019-08-01;Pre-covid;Pre-covid
2019;08;Murcia;Patatas fritas;139.17;847.67;6.09;50.31;0.1;0.59;2019-08-01;Pre-covid;Pre-covid
2019;08;Murcia;Hortalizas frescas;5695.41;10270.5;1.8;91.15;3.95;7.13;2019-08-01;Pre-covid;Pre-covid
2019;08;Murcia;Omates;1905.17;2876.31;1.51;79.49;1.32;2.0;2019-08-01;Pre-covid;Pre-covid
2019;08;Murcia;Cebollas;551.46;669.46;1.21;65.99;0.38;0.46;2019-08-01;Pre-covid;Pre-covid
2019;08;Murcia;Ajos;67.49;255.14;3.78;19.85;0.05;0.18;2019-08-01;Pre-covid;Pre-covid
2019;08;Murcia;Coles;15.99;14.63;0.91;1.11;0.01;0.01;2019-08-01;Pre-covid;Pre-covid
2019;08;Murcia;Pepinos;463.57;567.89;1.23;51.79;0.32;0.39;2019-08-01;Pre-covid;Pre-covid
2019;08;Murcia;Judias verdes;167.91;582.76;3.47;30.1;0.12;0.4;2019-08-01;Pre-covid;Pre-covid
2019;08;Murcia;Pimientos;547.98;1148.22;2.1;69.07;0.38;0.8;2019-08-01;Pre-covid;Pre-covid
2019;08;Murcia;Champiñoneso setas;111.84;558.82;5.0;36.04;0.08;0.39;2019-08-01;Pre-covid;Pre-covid
2019;08;Murcia;Lechuga/esc /endivia;395.37;1013.94;2.56;59.33;0.27;0.7;2019-08-01;Pre-covid;Pre-covid
2019;08;Murcia;Esparragos;38.24;86.17;2.25;3.41;0.03;0.06;2019-08-01;Pre-covid;Pre-covid
2019;08;Murcia;Verduras de hoja;111.2;260.48;2.34;20.16;0.08;0.18;2019-08-01;Pre-covid;Pre-covid
2019;08;Murcia;Berenjenas;188.39;317.63;1.69;37.67;0.13;0.22;2019-08-01;Pre-covid;Pre-covid
2019;08;Murcia;Zanahorias;251.51;230.38;0.92;45.11;0.17;0.16;2019-08-01;Pre-covid;Pre-covid
2019;08;Murcia;Calabacines;400.42;574.05;1.43;43.73;0.28;0.4;2019-08-01;Pre-covid;Pre-covid
2019;08;Murcia;Otr hortalizas/verd ;478.87;1114.61;2.33;50.3;0.33;0.77;2019-08-01;Pre-covid;Pre-covid
2019;08;Murcia;Brocoli;25.71;79.16;3.08;6.36;0.02;0.05;2019-08-01;Pre-covid;Pre-covid
2019;08;Murcia;Alcachofas;3.42;11.94;3.49;1.72;0.0;0.01;2019-08-01;Pre-covid;Pre-covid
2019;08;Murcia;Apio;139.85;158.62;1.13;11.82;0.1;0.11;2019-08-01;Pre-covid;Pre-covid
2019;08;Murcia;Coliflor;11.65;20.18;1.73;2.79;0.01;0.01;2019-08-01;Pre-covid;Pre-covid
2019;08;Murcia;Verd /hort  iv gama;486.38;1237.25;2.54;49.67;0.34;0.86;2019-08-01;Pre-covid;Pre-covid
2019;08;Murcia;Puerro;36.14;111.93;3.1;13.96;0.03;0.08;2019-08-01;Pre-covid;Pre-covid
2019;08;Navarra;Patatas;1018.53;1044.81;1.03;70.54;1.7;1.75;2019-08-01;Pre-covid;Pre-covid
2019;08;Navarra;Patatas frescas;753.15;705.07;0.94;72.12;1.26;1.18;2019-08-01;Pre-covid;Pre-covid
2019;08;Navarra;Patatas congeladas;35.14;53.48;1.52;12.28;0.06;0.09;2019-08-01;Pre-covid;Pre-covid
2019;08;Navarra;Patatas procesadas;46.05;286.26;6.22;29.16;0.08;0.48;2019-08-01;Pre-covid;Pre-covid
2019;08;Navarra;Patatas fritas;39.26;273.18;6.96;28.55;0.07;0.46;2019-08-01;Pre-covid;Pre-covid
2019;08;Navarra;Hortalizas frescas;3070.6;5975.67;1.95;94.97;5.14;10.0;2019-08-01;Pre-covid;Pre-covid
2019;08;Navarra;Omates;544.22;842.07;1.55;59.65;0.91;1.41;2019-08-01;Pre-covid;Pre-covid
2019;08;Navarra;Cebollas;494.97;792.72;1.6;62.69;0.83;1.33;2019-08-01;Pre-covid;Pre-covid
2019;08;Navarra;Ajos;25.34;160.61;6.34;37.29;0.04;0.27;2019-08-01;Pre-covid;Pre-covid
2019;08;Navarra;Coles;183.31;253.13;1.38;9.56;0.31;0.42;2019-08-01;Pre-covid;Pre-covid
2019;08;Navarra;Pepinos;195.09;263.72;1.35;28.44;0.33;0.44;2019-08-01;Pre-covid;Pre-covid
2019;08;Navarra;Judias verdes;163.81;553.05;3.38;27.7;0.27;0.93;2019-08-01;Pre-covid;Pre-covid
2019;08;Navarra;Pimientos;207.42;376.43;1.81;56.03;0.35;0.63;2019-08-01;Pre-covid;Pre-covid
2019;08;Navarra;Champiñoneso setas;76.33;398.45;5.22;34.09;0.13;0.67;2019-08-01;Pre-covid;Pre-covid
2019;08;Navarra;Lechuga/esc /endivia;260.98;657.22;2.52;58.48;0.44;1.1;2019-08-01;Pre-covid;Pre-covid
2019;08;Navarra;Esparragos;0.0;0.0;0.0;0.0;0.0;0.0;2019-08-01;Pre-covid;Pre-covid
2019;08;Navarra;Verduras de hoja;41.53;93.61;2.25;9.48;0.07;0.16;2019-08-01;Pre-covid;Pre-covid
2019;08;Navarra;Berenjenas;191.22;329.03;1.72;19.02;0.32;0.55;2019-08-01;Pre-covid;Pre-covid
2019;08;Navarra;Zanahorias;136.31;106.23;0.78;55.16;0.23;0.18;2019-08-01;Pre-covid;Pre-covid
2019;08;Navarra;Calabacines;172.72;247.02;1.43;37.26;0.29;0.41;2019-08-01;Pre-covid;Pre-covid
2019;08;Navarra;Otr hortalizas/verd ;377.36;902.38;2.39;61.55;0.63;1.51;2019-08-01;Pre-covid;Pre-covid
2019;08;Navarra;Brocoli;67.31;51.78;0.77;10.84;0.11;0.09;2019-08-01;Pre-covid;Pre-covid
2019;08;Navarra;Alcachofas;20.69;32.87;1.59;9.64;0.03;0.05;2019-08-01;Pre-covid;Pre-covid
2019;08;Navarra;Apio;20.58;38.94;1.89;8.46;0.03;0.07;2019-08-01;Pre-covid;Pre-covid
2019;08;Navarra;Coliflor;4.38;8.33;1.9;4.05;0.01;0.01;2019-08-01;Pre-covid;Pre-covid
2019;08;Navarra;Verd /hort  iv gama;199.82;532.08;2.66;52.8;0.33;0.89;2019-08-01;Pre-covid;Pre-covid
2019;08;Navarra;Puerro;29.7;75.44;2.54;19.49;0.05;0.13;2019-08-01;Pre-covid;Pre-covid
2019;08;Pais vasco;Patatas;5117.6;5423.9;1.06;76.71;2.42;2.57;2019-08-01;Pre-covid;Pre-covid
2019;08;Pais vasco;Patatas frescas;4209.24;4359.92;1.04;70.63;1.99;2.06;2019-08-01;Pre-covid;Pre-covid
2019;08;Pais vasco;Patatas congeladas;54.52;56.87;1.04;3.55;0.03;0.03;2019-08-01;Pre-covid;Pre-covid
2019;08;Pais vasco;Patatas procesadas;170.77;1007.11;5.9;37.33;0.08;0.48;2019-08-01;Pre-covid;Pre-covid
2019;08;Pais vasco;Patatas fritas;122.98;940.47;7.65;35.89;0.06;0.44;2019-08-01;Pre-covid;Pre-covid
2019;08;Pais vasco;Hortalizas frescas;9443.39;19393.91;2.05;91.31;4.47;9.17;2019-08-01;Pre-covid;Pre-covid
2019;08;Pais vasco;Omates;2227.55;3980.19;1.79;70.92;1.05;1.88;2019-08-01;Pre-covid;Pre-covid
2019;08;Pais vasco;Cebollas;1152.12;1636.88;1.42;63.61;0.55;0.77;2019-08-01;Pre-covid;Pre-covid
2019;08;Pais vasco;Ajos;96.93;449.09;4.63;35.82;0.05;0.21;2019-08-01;Pre-covid;Pre-covid
2019;08;Pais vasco;Coles;216.56;212.06;0.98;10.89;0.1;0.1;2019-08-01;Pre-covid;Pre-covid
2019;08;Pais vasco;Pepinos;325.61;432.86;1.33;34.7;0.15;0.2;2019-08-01;Pre-covid;Pre-covid
2019;08;Pais vasco;Judias verdes;512.38;2107.6;4.11;41.6;0.24;1.0;2019-08-01;Pre-covid;Pre-covid
2019;08;Pais vasco;Pimientos;1228.85;2333.8;1.9;69.31;0.58;1.1;2019-08-01;Pre-covid;Pre-covid
2019;08;Pais vasco;Champiñoneso setas;229.67;942.11;4.1;36.59;0.11;0.45;2019-08-01;Pre-covid;Pre-covid
2019;08;Pais vasco;Lechuga/esc /endivia;921.34;2497.26;2.71;65.29;0.44;1.18;2019-08-01;Pre-covid;Pre-covid
2019;08;Pais vasco;Esparragos;11.81;57.87;4.9;3.01;0.01;0.03;2019-08-01;Pre-covid;Pre-covid
2019;08;Pais vasco;Verduras de hoja;58.58;176.41;3.01;13.95;0.03;0.08;2019-08-01;Pre-covid;Pre-covid
2019;08;Pais vasco;Berenjenas;288.53;614.93;2.13;16.48;0.14;0.29;2019-08-01;Pre-covid;Pre-covid
2019;08;Pais vasco;Zanahorias;648.05;563.66;0.87;57.81;0.31;0.27;2019-08-01;Pre-covid;Pre-covid
2019;08;Pais vasco;Calabacines;554.69;701.95;1.27;37.54;0.26;0.33;2019-08-01;Pre-covid;Pre-covid
2019;08;Pais vasco;Otr hortalizas/verd ;970.72;2687.24;2.77;54.84;0.46;1.27;2019-08-01;Pre-covid;Pre-covid
2019;08;Pais vasco;Brocoli;205.27;327.99;1.6;12.22;0.1;0.16;2019-08-01;Pre-covid;Pre-covid
2019;08;Pais vasco;Alcachofas;8.01;16.58;2.07;1.53;0.0;0.01;2019-08-01;Pre-covid;Pre-covid
2019;08;Pais vasco;Apio;22.71;45.18;1.99;2.54;0.01;0.02;2019-08-01;Pre-covid;Pre-covid
2019;08;Pais vasco;Coliflor;65.41;135.55;2.07;8.29;0.03;0.06;2019-08-01;Pre-covid;Pre-covid
2019;08;Pais vasco;Verd /hort  iv gama;964.11;2644.13;2.74;55.38;0.46;1.25;2019-08-01;Pre-covid;Pre-covid
2019;08;Pais vasco;Puerro;159.86;554.09;3.47;29.17;0.08;0.26;2019-08-01;Pre-covid;Pre-covid
2019;08;Valencia;Patatas;10895.8;10799.71;0.99;78.03;2.24;2.22;2019-08-01;Pre-covid;Pre-covid
2019;08;Valencia;Patatas frescas;7503.47;7042.86;0.94;65.56;1.54;1.45;2019-08-01;Pre-covid;Pre-covid
2019;08;Valencia;Patatas congeladas;402.23;585.85;1.46;11.94;0.08;0.12;2019-08-01;Pre-covid;Pre-covid
2019;08;Valencia;Patatas procesadas;598.02;3170.99;5.3;52.3;0.12;0.65;2019-08-01;Pre-covid;Pre-covid
2019;08;Valencia;Patatas fritas;520.88;3057.28;5.87;50.88;0.11;0.63;2019-08-01;Pre-covid;Pre-covid
2019;08;Valencia;Hortalizas frescas;24127.93;45591.62;1.89;92.68;4.97;9.39;2019-08-01;Pre-covid;Pre-covid
2019;08;Valencia;Omates;7133.28;12313.69;1.73;75.07;1.47;2.54;2019-08-01;Pre-covid;Pre-covid
2019;08;Valencia;Cebollas;3478.25;4180.69;1.2;62.19;0.72;0.86;2019-08-01;Pre-covid;Pre-covid
2019;08;Valencia;Ajos;571.97;1967.82;3.44;23.76;0.12;0.41;2019-08-01;Pre-covid;Pre-covid
2019;08;Valencia;Coles;394.2;419.69;1.06;8.05;0.08;0.09;2019-08-01;Pre-covid;Pre-covid
2019;08;Valencia;Pepinos;1671.18;2097.09;1.25;47.45;0.34;0.43;2019-08-01;Pre-covid;Pre-covid
2019;08;Valencia;Judias verdes;1016.5;3787.88;3.73;36.14;0.21;0.78;2019-08-01;Pre-covid;Pre-covid
2019;08;Valencia;Pimientos;2067.48;3905.72;1.89;62.75;0.43;0.8;2019-08-01;Pre-covid;Pre-covid
2019;08;Valencia;Champiñoneso setas;423.9;1747.79;4.12;38.56;0.09;0.36;2019-08-01;Pre-covid;Pre-covid
2019;08;Valencia;Lechuga/esc /endivia;1515.5;4304.33;2.84;66.62;0.31;0.89;2019-08-01;Pre-covid;Pre-covid
2019;08;Valencia;Esparragos;69.07;347.82;5.04;6.49;0.01;0.07;2019-08-01;Pre-covid;Pre-covid
2019;08;Valencia;Verduras de hoja;346.62;972.45;2.81;23.51;0.07;0.2;2019-08-01;Pre-covid;Pre-covid
2019;08;Valencia;Berenjenas;1144.16;1808.48;1.58;29.42;0.24;0.37;2019-08-01;Pre-covid;Pre-covid
2019;08;Valencia;Zanahorias;1166.14;1080.52;0.93;45.55;0.24;0.22;2019-08-01;Pre-covid;Pre-covid
2019;08;Valencia;Calabacines;1366.8;1719.16;1.26;40.72;0.28;0.35;2019-08-01;Pre-covid;Pre-covid
2019;08;Valencia;Otr hortalizas/verd ;1762.89;4938.49;2.8;56.51;0.36;1.02;2019-08-01;Pre-covid;Pre-covid
2019;08;Valencia;Brocoli;170.67;447.68;2.62;11.08;0.04;0.09;2019-08-01;Pre-covid;Pre-covid
2019;08;Valencia;Alcachofas;90.51;275.08;3.04;6.07;0.02;0.06;2019-08-01;Pre-covid;Pre-covid
2019;08;Valencia;Apio;70.19;120.4;1.72;4.81;0.01;0.02;2019-08-01;Pre-covid;Pre-covid
2019;08;Valencia;Coliflor;93.53;160.44;1.72;4.75;0.02;0.03;2019-08-01;Pre-covid;Pre-covid
2019;08;Valencia;Verd /hort  iv gama;1976.0;5755.04;2.91;64.43;0.41;1.18;2019-08-01;Pre-covid;Pre-covid
2019;08;Valencia;Puerro;284.13;740.42;2.61;18.78;0.06;0.15;2019-08-01;Pre-covid;Pre-covid
2019;08;Nacional;Frutas frescas;387824.56;507238.87;1.31;91.55;8.41;11.0;2019-08-01;Pre-covid;Pre-covid
2019;08;Nacional;Naranjas;28009.87;29257.07;1.04;27.87;0.61;0.63;2019-08-01;Pre-covid;Pre-covid
2019;08;Nacional;Mandarinas;939.52;1893.23;2.02;3.86;0.02;0.04;2019-08-01;Pre-covid;Pre-covid
2019;08;Nacional;Limones;8620.92;14634.9;1.7;34.71;0.19;0.32;2019-08-01;Pre-covid;Pre-covid
2019;08;Nacional;Platanos;35795.95;52031.96;1.45;67.41;0.78;1.13;2019-08-01;Pre-covid;Pre-covid
2019;08;Nacional;Manzanas;22128.57;32766.85;1.48;46.68;0.48;0.71;2019-08-01;Pre-covid;Pre-covid
2019;08;Nacional;Peras;13298.14;21150.05;1.59;35.87;0.29;0.46;2019-08-01;Pre-covid;Pre-covid
2019;08;Nacional;Melocotones;30615.07;48255.8;1.58;53.66;0.66;1.05;2019-08-01;Pre-covid;Pre-covid
2019;08;Nacional;Nectarinas;19739.56;26936.73;1.36;42.68;0.43;0.58;2019-08-01;Pre-covid;Pre-covid
2019;08;Nacional;Albaricoques;2225.9;4342.6;1.95;10.26;0.05;0.09;2019-08-01;Pre-covid;Pre-covid
2019;08;Nacional;Fresas/freson;1289.91;5822.61;4.51;8.46;0.03;0.13;2019-08-01;Pre-covid;Pre-covid
2019;08;Nacional;Melon;83689.69;66641.99;0.8;61.45;1.81;1.44;2019-08-01;Pre-covid;Pre-covid
2019;08;Nacional;Sandia;81609.27;59475.72;0.73;53.79;1.77;1.29;2019-08-01;Pre-covid;Pre-covid
2019;08;Nacional;Ciruelas;15270.68;24502.19;1.6;37.24;0.33;0.53;2019-08-01;Pre-covid;Pre-covid
2019;08;Nacional;Cerezas;1307.05;6043.57;4.62;8.18;0.03;0.13;2019-08-01;Pre-covid;Pre-covid
2019;08;Nacional;Uvas;5460.35;14173.15;2.6;21.55;0.12;0.31;2019-08-01;Pre-covid;Pre-covid
2019;08;Nacional;Kiwi;7258.89;24376.89;3.36;26.16;0.16;0.53;2019-08-01;Pre-covid;Pre-covid
2019;08;Nacional;Aguacate;4365.89;18804.54;4.31;24.13;0.09;0.41;2019-08-01;Pre-covid;Pre-covid
2019;08;Nacional;Piña;3905.68;6271.43;1.61;10.98;0.08;0.14;2019-08-01;Pre-covid;Pre-covid
2019;08;Nacional;Otras frutas frescas;22293.66;49857.59;2.24;48.4;0.48;1.08;2019-08-01;Pre-covid;Pre-covid
2019;08;Nacional;Pomelo;1016.69;1996.2;1.96;2.64;0.02;0.04;2019-08-01;Pre-covid;Pre-covid
2019;08;Nacional;Chirimoya;0.0;0.0;0.0;0.0;0.0;0.0;2019-08-01;Pre-covid;Pre-covid
2019;08;Nacional;Mango;2406.91;5975.09;2.48;9.38;0.05;0.13;2019-08-01;Pre-covid;Pre-covid
2019;08;Nacional;Frutas iv gama;15869.98;23423.29;1.48;25.78;0.34;0.51;2019-08-01;Pre-covid;Pre-covid
2019;08;Andalucia;Frutas frescas;65779.13;81687.85;1.24;92.02;7.58;9.41;2019-08-01;Pre-covid;Pre-covid
2019;08;Andalucia;Naranjas;4373.99;4296.78;0.98;25.36;0.5;0.49;2019-08-01;Pre-covid;Pre-covid
2019;08;Andalucia;Mandarinas;102.48;194.69;1.9;2.72;0.01;0.02;2019-08-01;Pre-covid;Pre-covid
2019;08;Andalucia;Limones;1385.87;2427.39;1.75;31.21;0.16;0.28;2019-08-01;Pre-covid;Pre-covid
2019;08;Andalucia;Platanos;6122.35;8286.33;1.35;69.25;0.71;0.95;2019-08-01;Pre-covid;Pre-covid
2019;08;Andalucia;Manzanas;3568.61;5133.07;1.44;49.06;0.41;0.59;2019-08-01;Pre-covid;Pre-covid
2019;08;Andalucia;Peras;2308.55;3531.49;1.53;34.38;0.27;0.41;2019-08-01;Pre-covid;Pre-covid
2019;08;Andalucia;Melocotones;4526.8;7146.37;1.58;52.63;0.52;0.82;2019-08-01;Pre-covid;Pre-covid
2019;08;Andalucia;Nectarinas;2824.78;3682.34;1.3;36.87;0.33;0.42;2019-08-01;Pre-covid;Pre-covid
2019;08;Andalucia;Albaricoques;313.79;570.96;1.82;8.45;0.04;0.07;2019-08-01;Pre-covid;Pre-covid
2019;08;Andalucia;Fresas/freson;169.96;709.35;4.17;9.38;0.02;0.08;2019-08-01;Pre-covid;Pre-covid
2019;08;Andalucia;Melon;15242.14;11601.27;0.76;59.24;1.76;1.34;2019-08-01;Pre-covid;Pre-covid
2019;08;Andalucia;Sandia;14763.46;10850.66;0.73;53.63;1.7;1.25;2019-08-01;Pre-covid;Pre-covid
2019;08;Andalucia;Ciruelas;2263.65;3370.05;1.49;37.58;0.26;0.39;2019-08-01;Pre-covid;Pre-covid
2019;08;Andalucia;Cerezas;181.36;777.45;4.29;7.76;0.02;0.09;2019-08-01;Pre-covid;Pre-covid
2019;08;Andalucia;Uvas;1128.06;3021.83;2.68;22.21;0.13;0.35;2019-08-01;Pre-covid;Pre-covid
2019;08;Andalucia;Kiwi;1159.35;3512.12;3.03;26.73;0.13;0.4;2019-08-01;Pre-covid;Pre-covid
2019;08;Andalucia;Aguacate;624.56;2674.56;4.28;22.69;0.07;0.31;2019-08-01;Pre-covid;Pre-covid
2019;08;Andalucia;Piña;618.67;909.21;1.47;10.8;0.07;0.1;2019-08-01;Pre-covid;Pre-covid
2019;08;Andalucia;Otras frutas frescas;4100.71;8991.95;2.19;50.93;0.47;1.04;2019-08-01;Pre-covid;Pre-covid
2019;08;Andalucia;Pomelo;232.03;398.1;1.72;3.29;0.03;0.05;2019-08-01;Pre-covid;Pre-covid
2019;08;Andalucia;Chirimoya;0.0;0.0;0.0;0.0;0.0;0.0;2019-08-01;Pre-covid;Pre-covid
2019;08;Andalucia;Mango;514.04;1167.19;2.27;13.15;0.06;0.13;2019-08-01;Pre-covid;Pre-covid
2019;08;Andalucia;Frutas iv gama;2564.18;4046.69;1.58;27.15;0.3;0.47;2019-08-01;Pre-covid;Pre-covid
2019;08;Aragon;Frutas frescas;10988.2;13636.55;1.24;91.11;8.39;10.41;2019-08-01;Pre-covid;Pre-covid
2019;08;Aragon;Naranjas;620.43;703.71;1.13;28.9;0.47;0.54;2019-08-01;Pre-covid;Pre-covid
2019;08;Aragon;Mandarinas;29.64;47.95;1.62;1.38;0.02;0.04;2019-08-01;Pre-covid;Pre-covid
2019;08;Aragon;Limones;129.69;230.52;1.78;25.17;0.1;0.18;2019-08-01;Pre-covid;Pre-covid
2019;08;Aragon;Platanos;779.9;1112.11;1.43;61.04;0.6;0.85;2019-08-01;Pre-covid;Pre-covid
2019;08;Aragon;Manzanas;438.06;591.33;1.35;41.07;0.33;0.45;2019-08-01;Pre-covid;Pre-covid
2019;08;Aragon;Peras;249.28;381.23;1.53;29.86;0.19;0.29;2019-08-01;Pre-covid;Pre-covid
2019;08;Aragon;Melocotones;1377.6;2028.65;1.47;54.78;1.05;1.55;2019-08-01;Pre-covid;Pre-covid
2019;08;Aragon;Nectarinas;550.8;735.48;1.34;46.67;0.42;0.56;2019-08-01;Pre-covid;Pre-covid
2019;08;Aragon;Albaricoques;97.38;180.57;1.85;19.44;0.07;0.14;2019-08-01;Pre-covid;Pre-covid
2019;08;Aragon;Fresas/freson;26.69;114.43;4.29;9.01;0.02;0.09;2019-08-01;Pre-covid;Pre-covid
2019;08;Aragon;Melon;2719.8;2132.21;0.78;65.28;2.08;1.63;2019-08-01;Pre-covid;Pre-covid
2019;08;Aragon;Sandia;2427.22;1901.2;0.78;57.46;1.85;1.45;2019-08-01;Pre-covid;Pre-covid
2019;08;Aragon;Ciruelas;403.48;636.05;1.58;38.55;0.31;0.49;2019-08-01;Pre-covid;Pre-covid
2019;08;Aragon;Cerezas;67.68;236.45;3.49;13.17;0.05;0.18;2019-08-01;Pre-covid;Pre-covid
2019;08;Aragon;Uvas;185.77;462.85;2.49;27.67;0.14;0.35;2019-08-01;Pre-covid;Pre-covid
2019;08;Aragon;Kiwi;155.93;550.36;3.53;14.82;0.12;0.42;2019-08-01;Pre-covid;Pre-covid
2019;08;Aragon;Aguacate;105.71;380.98;3.6;20.37;0.08;0.29;2019-08-01;Pre-covid;Pre-covid
2019;08;Aragon;Piña;103.86;141.05;1.36;9.66;0.08;0.11;2019-08-01;Pre-covid;Pre-covid
2019;08;Aragon;Otras frutas frescas;519.29;1069.42;2.06;46.98;0.4;0.82;2019-08-01;Pre-covid;Pre-covid
2019;08;Aragon;Pomelo;12.27;33.48;2.73;1.17;0.01;0.03;2019-08-01;Pre-covid;Pre-covid
2019;08;Aragon;Chirimoya;0.0;0.0;0.0;0.0;0.0;0.0;2019-08-01;Pre-covid;Pre-covid
2019;08;Aragon;Mango;20.92;62.74;3.0;5.86;0.02;0.05;2019-08-01;Pre-covid;Pre-covid
2019;08;Aragon;Frutas iv gama;315.61;484.24;1.53;17.28;0.24;0.37;2019-08-01;Pre-covid;Pre-covid
2019;08;Asturias;Frutas frescas;10252.45;14844.73;1.45;92.67;9.54;13.81;2019-08-01;Pre-covid;Pre-covid
2019;08;Asturias;Naranjas;1024.46;1014.44;0.99;37.53;0.95;0.94;2019-08-01;Pre-covid;Pre-covid
2019;08;Asturias;Mandarinas;41.28;113.16;2.74;7.24;0.04;0.11;2019-08-01;Pre-covid;Pre-covid
2019;08;Asturias;Limones;219.59;388.12;1.77;32.69;0.2;0.36;2019-08-01;Pre-covid;Pre-covid
2019;08;Asturias;Platanos;1174.48;1707.93;1.45;74.16;1.09;1.59;2019-08-01;Pre-covid;Pre-covid
2019;08;Asturias;Manzanas;458.39;693.09;1.51;49.75;0.43;0.64;2019-08-01;Pre-covid;Pre-covid
2019;08;Asturias;Peras;393.12;698.66;1.78;34.95;0.37;0.65;2019-08-01;Pre-covid;Pre-covid
2019;08;Asturias;Melocotones;792.25;1197.86;1.51;56.52;0.74;1.11;2019-08-01;Pre-covid;Pre-covid
2019;08;Asturias;Nectarinas;875.46;1349.75;1.54;64.05;0.81;1.26;2019-08-01;Pre-covid;Pre-covid
2019;08;Asturias;Albaricoques;62.07;127.1;2.05;12.14;0.06;0.12;2019-08-01;Pre-covid;Pre-covid
2019;08;Asturias;Fresas/freson;74.76;337.25;4.51;9.09;0.07;0.31;2019-08-01;Pre-covid;Pre-covid
2019;08;Asturias;Melon;1693.55;1308.4;0.77;56.68;1.58;1.22;2019-08-01;Pre-covid;Pre-covid
2019;08;Asturias;Sandia;1425.78;1027.19;0.72;38.68;1.33;0.96;2019-08-01;Pre-covid;Pre-covid
2019;08;Asturias;Ciruelas;539.62;1025.06;1.9;41.78;0.5;0.95;2019-08-01;Pre-covid;Pre-covid
2019;08;Asturias;Cerezas;36.52;267.16;7.31;7.45;0.03;0.25;2019-08-01;Pre-covid;Pre-covid
2019;08;Asturias;Uvas;168.06;452.06;2.69;24.38;0.16;0.42;2019-08-01;Pre-covid;Pre-covid
2019;08;Asturias;Kiwi;260.59;856.96;3.29;31.97;0.24;0.8;2019-08-01;Pre-covid;Pre-covid
2019;08;Asturias;Aguacate;104.58;566.6;5.42;24.09;0.1;0.53;2019-08-01;Pre-covid;Pre-covid
2019;08;Asturias;Piña;109.01;132.68;1.22;12.68;0.1;0.12;2019-08-01;Pre-covid;Pre-covid
2019;08;Asturias;Otras frutas frescas;798.85;1581.28;1.98;59.06;0.74;1.47;2019-08-01;Pre-covid;Pre-covid
2019;08;Asturias;Pomelo;75.34;161.42;2.14;6.92;0.07;0.15;2019-08-01;Pre-covid;Pre-covid
2019;08;Asturias;Chirimoya;0.0;0.0;0.0;0.0;0.0;0.0;2019-08-01;Pre-covid;Pre-covid
2019;08;Asturias;Mango;61.4;146.51;2.39;8.75;0.06;0.14;2019-08-01;Pre-covid;Pre-covid
2019;08;Asturias;Frutas iv gama;214.3;326.22;1.52;22.28;0.2;0.3;2019-08-01;Pre-covid;Pre-covid
2019;08;Baleares;Frutas frescas;11191.23;14485.8;1.29;94.38;10.61;13.73;2019-08-01;Pre-covid;Pre-covid
2019;08;Baleares;Naranjas;716.67;773.66;1.08;27.21;0.68;0.73;2019-08-01;Pre-covid;Pre-covid
2019;08;Baleares;Mandarinas;6.08;20.25;3.33;1.38;0.01;0.02;2019-08-01;Pre-covid;Pre-covid
2019;08;Baleares;Limones;301.84;480.41;1.59;41.18;0.29;0.46;2019-08-01;Pre-covid;Pre-covid
2019;08;Baleares;Platanos;1086.63;1606.0;1.48;82.32;1.03;1.52;2019-08-01;Pre-covid;Pre-covid
2019;08;Baleares;Manzanas;492.79;744.2;1.51;53.75;0.47;0.71;2019-08-01;Pre-covid;Pre-covid
2019;08;Baleares;Peras;309.37;520.07;1.68;39.5;0.29;0.49;2019-08-01;Pre-covid;Pre-covid
2019;08;Baleares;Melocotones;583.48;1015.55;1.74;51.11;0.55;0.96;2019-08-01;Pre-covid;Pre-covid
2019;08;Baleares;Nectarinas;403.46;599.71;1.49;43.71;0.38;0.57;2019-08-01;Pre-covid;Pre-covid
2019;08;Baleares;Albaricoques;78.89;138.1;1.75;14.03;0.07;0.13;2019-08-01;Pre-covid;Pre-covid
2019;08;Baleares;Fresas/freson;36.84;170.79;4.64;10.67;0.03;0.16;2019-08-01;Pre-covid;Pre-covid
2019;08;Baleares;Melon;2757.99;2236.37;0.81;64.01;2.61;2.12;2019-08-01;Pre-covid;Pre-covid
2019;08;Baleares;Sandia;2964.58;2122.06;0.72;56.61;2.81;2.01;2019-08-01;Pre-covid;Pre-covid
2019;08;Baleares;Ciruelas;337.07;574.79;1.71;41.69;0.32;0.54;2019-08-01;Pre-covid;Pre-covid
2019;08;Baleares;Cerezas;38.96;237.4;6.09;9.02;0.04;0.22;2019-08-01;Pre-covid;Pre-covid
2019;08;Baleares;Uvas;123.74;352.13;2.85;17.96;0.12;0.33;2019-08-01;Pre-covid;Pre-covid
2019;08;Baleares;Kiwi;249.38;763.33;3.06;28.78;0.24;0.72;2019-08-01;Pre-covid;Pre-covid
2019;08;Baleares;Aguacate;186.31;864.88;4.64;32.09;0.18;0.82;2019-08-01;Pre-covid;Pre-covid
2019;08;Baleares;Piña;63.6;81.42;1.28;7.64;0.06;0.08;2019-08-01;Pre-covid;Pre-covid
2019;08;Baleares;Otras frutas frescas;453.54;1184.68;2.61;54.65;0.43;1.12;2019-08-01;Pre-covid;Pre-covid
2019;08;Baleares;Pomelo;34.17;55.49;1.62;8.76;0.03;0.05;2019-08-01;Pre-covid;Pre-covid
2019;08;Baleares;Chirimoya;0.0;0.0;0.0;0.0;0.0;0.0;2019-08-01;Pre-covid;Pre-covid
2019;08;Baleares;Mango;55.22;188.32;3.41;6.86;0.05;0.18;2019-08-01;Pre-covid;Pre-covid
2019;08;Baleares;Frutas iv gama;425.33;707.0;1.66;26.59;0.4;0.67;2019-08-01;Pre-covid;Pre-covid
2019;08;Canarias;Frutas frescas;18308.1;25896.03;1.41;93.42;8.29;11.72;2019-08-01;Pre-covid;Pre-covid
2019;08;Canarias;Naranjas;1830.13;2001.72;1.09;34.51;0.83;0.91;2019-08-01;Pre-covid;Pre-covid
2019;08;Canarias;Mandarinas;46.56;88.75;1.91;5.58;0.02;0.04;2019-08-01;Pre-covid;Pre-covid
2019;08;Canarias;Limones;467.41;794.27;1.7;44.07;0.21;0.36;2019-08-01;Pre-covid;Pre-covid
2019;08;Canarias;Platanos;2202.19;2968.17;1.35;68.02;1.0;1.34;2019-08-01;Pre-covid;Pre-covid
2019;08;Canarias;Manzanas;1211.92;1905.34;1.57;49.29;0.55;0.86;2019-08-01;Pre-covid;Pre-covid
2019;08;Canarias;Peras;510.06;905.41;1.78;39.42;0.23;0.41;2019-08-01;Pre-covid;Pre-covid
2019;08;Canarias;Melocotones;693.21;981.74;1.42;40.81;0.31;0.44;2019-08-01;Pre-covid;Pre-covid
2019;08;Canarias;Nectarinas;1094.29;1482.39;1.35;52.53;0.5;0.67;2019-08-01;Pre-covid;Pre-covid
2019;08;Canarias;Albaricoques;55.65;122.5;2.2;8.69;0.03;0.06;2019-08-01;Pre-covid;Pre-covid
2019;08;Canarias;Fresas/freson;49.04;260.22;5.31;10.24;0.02;0.12;2019-08-01;Pre-covid;Pre-covid
2019;08;Canarias;Melon;2806.62;2465.03;0.88;64.53;1.27;1.12;2019-08-01;Pre-covid;Pre-covid
2019;08;Canarias;Sandia;3543.07;2465.28;0.7;54.43;1.6;1.12;2019-08-01;Pre-covid;Pre-covid
2019;08;Canarias;Ciruelas;597.57;875.13;1.46;40.42;0.27;0.4;2019-08-01;Pre-covid;Pre-covid
2019;08;Canarias;Cerezas;25.71;100.99;3.93;4.62;0.01;0.05;2019-08-01;Pre-covid;Pre-covid
2019;08;Canarias;Uvas;258.43;620.72;2.4;23.89;0.12;0.28;2019-08-01;Pre-covid;Pre-covid
2019;08;Canarias;Kiwi;314.33;1275.76;4.06;26.04;0.14;0.58;2019-08-01;Pre-covid;Pre-covid
2019;08;Canarias;Aguacate;539.29;2104.15;3.9;34.33;0.24;0.95;2019-08-01;Pre-covid;Pre-covid
2019;08;Canarias;Piña;136.69;246.65;1.8;11.17;0.06;0.11;2019-08-01;Pre-covid;Pre-covid
2019;08;Canarias;Otras frutas frescas;1925.92;4231.8;2.2;58.86;0.87;1.92;2019-08-01;Pre-covid;Pre-covid
2019;08;Canarias;Pomelo;18.8;51.26;2.73;1.1;0.01;0.02;2019-08-01;Pre-covid;Pre-covid
2019;08;Canarias;Chirimoya;0.0;0.0;0.0;0.0;0.0;0.0;2019-08-01;Pre-covid;Pre-covid
2019;08;Canarias;Mango;645.51;1472.16;2.28;26.4;0.29;0.67;2019-08-01;Pre-covid;Pre-covid
2019;08;Canarias;Frutas iv gama;1139.47;1438.26;1.26;27.57;0.52;0.65;2019-08-01;Pre-covid;Pre-covid
2019;08;Cantabria;Frutas frescas;4150.57;5428.56;1.31;91.64;7.36;9.63;2019-08-01;Pre-covid;Pre-covid
2019;08;Cantabria;Naranjas;535.41;561.99;1.05;25.57;0.95;1.0;2019-08-01;Pre-covid;Pre-covid
2019;08;Cantabria;Mandarinas;2.5;6.2;2.48;1.85;0.0;0.01;2019-08-01;Pre-covid;Pre-covid
2019;08;Cantabria;Limones;98.49;174.96;1.78;38.52;0.17;0.31;2019-08-01;Pre-covid;Pre-covid
2019;08;Cantabria;Platanos;495.44;650.19;1.31;70.83;0.88;1.15;2019-08-01;Pre-covid;Pre-covid
2019;08;Cantabria;Manzanas;333.19;437.74;1.31;47.11;0.59;0.78;2019-08-01;Pre-covid;Pre-covid
2019;08;Cantabria;Peras;116.87;169.94;1.45;35.04;0.21;0.3;2019-08-01;Pre-covid;Pre-covid
2019;08;Cantabria;Melocotones;257.22;389.23;1.51;44.37;0.46;0.69;2019-08-01;Pre-covid;Pre-covid
2019;08;Cantabria;Nectarinas;356.34;437.06;1.23;56.57;0.63;0.78;2019-08-01;Pre-covid;Pre-covid
2019;08;Cantabria;Albaricoques;26.16;55.25;2.11;11.67;0.05;0.1;2019-08-01;Pre-covid;Pre-covid
2019;08;Cantabria;Fresas/freson;13.11;53.01;4.04;7.43;0.02;0.09;2019-08-01;Pre-covid;Pre-covid
2019;08;Cantabria;Melon;748.55;555.67;0.74;45.75;1.33;0.99;2019-08-01;Pre-covid;Pre-covid
2019;08;Cantabria;Sandia;535.45;383.72;0.72;52.41;0.95;0.68;2019-08-01;Pre-covid;Pre-covid
2019;08;Cantabria;Ciruelas;130.32;230.93;1.77;33.37;0.23;0.41;2019-08-01;Pre-covid;Pre-covid
2019;08;Cantabria;Cerezas;4.22;18.26;4.33;5.05;0.01;0.03;2019-08-01;Pre-covid;Pre-covid
2019;08;Cantabria;Uvas;24.78;62.17;2.51;14.46;0.04;0.11;2019-08-01;Pre-covid;Pre-covid
2019;08;Cantabria;Kiwi;109.97;444.16;4.04;17.97;0.2;0.79;2019-08-01;Pre-covid;Pre-covid
2019;08;Cantabria;Aguacate;32.57;157.57;4.84;22.36;0.06;0.28;2019-08-01;Pre-covid;Pre-covid
2019;08;Cantabria;Piña;30.23;50.76;1.68;11.74;0.05;0.09;2019-08-01;Pre-covid;Pre-covid
2019;08;Cantabria;Otras frutas frescas;299.74;589.75;1.97;57.41;0.53;1.05;2019-08-01;Pre-covid;Pre-covid
2019;08;Cantabria;Pomelo;0.0;0.0;0.0;0.0;0.0;0.0;2019-08-01;Pre-covid;Pre-covid
2019;08;Cantabria;Chirimoya;0.0;0.0;0.0;0.0;0.0;0.0;2019-08-01;Pre-covid;Pre-covid
2019;08;Cantabria;Mango;34.7;108.03;3.11;15.05;0.06;0.19;2019-08-01;Pre-covid;Pre-covid
2019;08;Cantabria;Frutas iv gama;173.58;233.12;1.34;19.45;0.31;0.41;2019-08-01;Pre-covid;Pre-covid
2019;08;Castilla la mancha;Frutas frescas;14806.37;17002.98;1.15;91.96;7.07;8.11;2019-08-01;Pre-covid;Pre-covid
2019;08;Castilla la mancha;Naranjas;1020.74;1170.02;1.15;32.34;0.49;0.56;2019-08-01;Pre-covid;Pre-covid
2019;08;Castilla la mancha;Mandarinas;32.14;66.88;2.08;2.04;0.02;0.03;2019-08-01;Pre-covid;Pre-covid
2019;08;Castilla la mancha;Limones;390.97;609.83;1.56;36.33;0.19;0.29;2019-08-01;Pre-covid;Pre-covid
2019;08;Castilla la mancha;Platanos;1288.63;1847.45;1.43;61.99;0.61;0.88;2019-08-01;Pre-covid;Pre-covid
2019;08;Castilla la mancha;Manzanas;775.83;1206.91;1.56;40.23;0.37;0.58;2019-08-01;Pre-covid;Pre-covid
2019;08;Castilla la mancha;Peras;378.71;508.8;1.34;31.52;0.18;0.24;2019-08-01;Pre-covid;Pre-covid
2019;08;Castilla la mancha;Melocotones;1362.01;2047.13;1.5;60.08;0.65;0.98;2019-08-01;Pre-covid;Pre-covid
2019;08;Castilla la mancha;Nectarinas;786.73;1087.82;1.38;45.07;0.38;0.52;2019-08-01;Pre-covid;Pre-covid
2019;08;Castilla la mancha;Albaricoques;110.03;158.33;1.44;7.23;0.05;0.08;2019-08-01;Pre-covid;Pre-covid
2019;08;Castilla la mancha;Fresas/freson;30.61;115.46;3.77;3.06;0.01;0.06;2019-08-01;Pre-covid;Pre-covid
2019;08;Castilla la mancha;Melon;3556.57;2581.49;0.73;57.65;1.7;1.23;2019-08-01;Pre-covid;Pre-covid
2019;08;Castilla la mancha;Sandia;3455.58;2144.7;0.62;50.78;1.65;1.02;2019-08-01;Pre-covid;Pre-covid
2019;08;Castilla la mancha;Ciruelas;464.27;696.95;1.5;41.32;0.22;0.33;2019-08-01;Pre-covid;Pre-covid
2019;08;Castilla la mancha;Cerezas;42.99;185.48;4.31;10.33;0.02;0.09;2019-08-01;Pre-covid;Pre-covid
2019;08;Castilla la mancha;Uvas;93.44;262.86;2.81;12.87;0.04;0.13;2019-08-01;Pre-covid;Pre-covid
2019;08;Castilla la mancha;Kiwi;136.79;444.35;3.25;14.36;0.07;0.21;2019-08-01;Pre-covid;Pre-covid
2019;08;Castilla la mancha;Aguacate;101.35;449.33;4.43;16.72;0.05;0.21;2019-08-01;Pre-covid;Pre-covid
2019;08;Castilla la mancha;Piña;106.35;137.57;1.29;5.17;0.05;0.07;2019-08-01;Pre-covid;Pre-covid
2019;08;Castilla la mancha;Otras frutas frescas;672.61;1281.64;1.91;38.42;0.32;0.61;2019-08-01;Pre-covid;Pre-covid
2019;08;Castilla la mancha;Pomelo;6.34;11.89;1.87;1.74;0.0;0.01;2019-08-01;Pre-covid;Pre-covid
2019;08;Castilla la mancha;Chirimoya;0.0;0.0;0.0;0.0;0.0;0.0;2019-08-01;Pre-covid;Pre-covid
2019;08;Castilla la mancha;Mango;41.99;108.81;2.59;6.48;0.02;0.05;2019-08-01;Pre-covid;Pre-covid
2019;08;Castilla la mancha;Frutas iv gama;442.42;522.53;1.18;23.97;0.21;0.25;2019-08-01;Pre-covid;Pre-covid
2019;08;Castilla leon;Frutas frescas;24202.57;29846.11;1.23;92.54;10.07;12.42;2019-08-01;Pre-covid;Pre-covid
2019;08;Castilla leon;Naranjas;1886.98;1966.78;1.04;39.57;0.79;0.82;2019-08-01;Pre-covid;Pre-covid
2019;08;Castilla leon;Mandarinas;45.36;120.52;2.66;3.27;0.02;0.05;2019-08-01;Pre-covid;Pre-covid
2019;08;Castilla leon;Limones;513.0;836.48;1.63;37.9;0.21;0.35;2019-08-01;Pre-covid;Pre-covid
2019;08;Castilla leon;Platanos;2105.26;2963.78;1.41;67.74;0.88;1.23;2019-08-01;Pre-covid;Pre-covid
2019;08;Castilla leon;Manzanas;1358.78;1997.82;1.47;46.7;0.57;0.83;2019-08-01;Pre-covid;Pre-covid
2019;08;Castilla leon;Peras;983.13;1536.15;1.56;41.17;0.41;0.64;2019-08-01;Pre-covid;Pre-covid
2019;08;Castilla leon;Melocotones;1856.29;2685.77;1.45;57.09;0.77;1.12;2019-08-01;Pre-covid;Pre-covid
2019;08;Castilla leon;Nectarinas;1685.23;2247.12;1.33;59.71;0.7;0.93;2019-08-01;Pre-covid;Pre-covid
2019;08;Castilla leon;Albaricoques;207.3;397.85;1.92;16.51;0.09;0.17;2019-08-01;Pre-covid;Pre-covid
2019;08;Castilla leon;Fresas/freson;108.51;668.22;6.16;5.85;0.05;0.28;2019-08-01;Pre-covid;Pre-covid
2019;08;Castilla leon;Melon;4859.49;3726.09;0.77;63.14;2.02;1.55;2019-08-01;Pre-covid;Pre-covid
2019;08;Castilla leon;Sandia;5089.33;3283.91;0.65;55.74;2.12;1.37;2019-08-01;Pre-covid;Pre-covid
2019;08;Castilla leon;Ciruelas;1127.65;1614.5;1.43;32.2;0.47;0.67;2019-08-01;Pre-covid;Pre-covid
2019;08;Castilla leon;Cerezas;66.45;277.32;4.17;9.04;0.03;0.12;2019-08-01;Pre-covid;Pre-covid
2019;08;Castilla leon;Uvas;169.39;440.22;2.6;20.61;0.07;0.18;2019-08-01;Pre-covid;Pre-covid
2019;08;Castilla leon;Kiwi;488.03;1587.01;3.25;26.35;0.2;0.66;2019-08-01;Pre-covid;Pre-covid
2019;08;Castilla leon;Aguacate;272.25;951.04;3.49;23.82;0.11;0.4;2019-08-01;Pre-covid;Pre-covid
2019;08;Castilla leon;Piña;184.3;265.4;1.44;10.02;0.08;0.11;2019-08-01;Pre-covid;Pre-covid
2019;08;Castilla leon;Otras frutas frescas;1195.86;2280.12;1.91;46.18;0.5;0.95;2019-08-01;Pre-covid;Pre-covid
2019;08;Castilla leon;Pomelo;85.07;155.43;1.83;2.1;0.04;0.06;2019-08-01;Pre-covid;Pre-covid
2019;08;Castilla leon;Chirimoya;0.0;0.0;0.0;0.0;0.0;0.0;2019-08-01;Pre-covid;Pre-covid
2019;08;Castilla leon;Mango;101.41;238.68;2.35;6.06;0.04;0.1;2019-08-01;Pre-covid;Pre-covid
2019;08;Castilla leon;Frutas iv gama;987.89;1439.1;1.46;27.48;0.41;0.6;2019-08-01;Pre-covid;Pre-covid
2019;08;Cataluña;Frutas frescas;64818.61;88701.05;1.37;91.6;9.06;12.39;2019-08-01;Pre-covid;Pre-covid
2019;08;Cataluña;Naranjas;4712.22;5070.36;1.08;25.06;0.66;0.71;2019-08-01;Pre-covid;Pre-covid
2019;08;Cataluña;Mandarinas;138.81;280.25;2.02;3.53;0.02;0.04;2019-08-01;Pre-covid;Pre-covid
2019;08;Cataluña;Limones;1547.06;2707.71;1.75;37.98;0.22;0.38;2019-08-01;Pre-covid;Pre-covid
2019;08;Cataluña;Platanos;5386.15;8148.58;1.51;63.83;0.75;1.14;2019-08-01;Pre-covid;Pre-covid
2019;08;Cataluña;Manzanas;3802.89;5943.78;1.56;44.68;0.53;0.83;2019-08-01;Pre-covid;Pre-covid
2019;08;Cataluña;Peras;1924.82;3118.2;1.62;35.66;0.27;0.44;2019-08-01;Pre-covid;Pre-covid
2019;08;Cataluña;Melocotones;7075.56;11462.56;1.62;61.85;0.99;1.6;2019-08-01;Pre-covid;Pre-covid
2019;08;Cataluña;Nectarinas;2871.63;3939.59;1.37;40.97;0.4;0.55;2019-08-01;Pre-covid;Pre-covid
2019;08;Cataluña;Albaricoques;330.43;600.57;1.82;9.53;0.05;0.08;2019-08-01;Pre-covid;Pre-covid
2019;08;Cataluña;Fresas/freson;177.09;698.39;3.94;7.62;0.02;0.1;2019-08-01;Pre-covid;Pre-covid
2019;08;Cataluña;Melon;15431.93;13439.25;0.87;68.25;2.16;1.88;2019-08-01;Pre-covid;Pre-covid
2019;08;Cataluña;Sandia;12914.25;10106.02;0.78;61.78;1.8;1.41;2019-08-01;Pre-covid;Pre-covid
2019;08;Cataluña;Ciruelas;1935.2;3286.13;1.7;36.26;0.27;0.46;2019-08-01;Pre-covid;Pre-covid
2019;08;Cataluña;Cerezas;379.59;2090.39;5.51;10.8;0.05;0.29;2019-08-01;Pre-covid;Pre-covid
2019;08;Cataluña;Uvas;1029.97;2853.85;2.77;24.16;0.14;0.4;2019-08-01;Pre-covid;Pre-covid
2019;08;Cataluña;Kiwi;1141.49;4141.35;3.63;26.65;0.16;0.58;2019-08-01;Pre-covid;Pre-covid
2019;08;Cataluña;Aguacate;718.86;3142.65;4.37;26.14;0.1;0.44;2019-08-01;Pre-covid;Pre-covid
2019;08;Cataluña;Piña;590.81;1051.24;1.78;12.97;0.08;0.15;2019-08-01;Pre-covid;Pre-covid
2019;08;Cataluña;Otras frutas frescas;2709.85;6620.18;2.44;46.18;0.38;0.92;2019-08-01;Pre-covid;Pre-covid
2019;08;Cataluña;Pomelo;86.48;182.84;2.11;2.75;0.01;0.03;2019-08-01;Pre-covid;Pre-covid
2019;08;Cataluña;Chirimoya;0.0;0.0;0.0;0.0;0.0;0.0;2019-08-01;Pre-covid;Pre-covid
2019;08;Cataluña;Mango;334.33;911.48;2.73;8.33;0.05;0.13;2019-08-01;Pre-covid;Pre-covid
2019;08;Cataluña;Frutas iv gama;2476.06;4029.47;1.63;29.55;0.35;0.56;2019-08-01;Pre-covid;Pre-covid
2019;08;Extremadura;Frutas frescas;10501.78;12017.61;1.14;92.46;8.92;10.21;2019-08-01;Pre-covid;Pre-covid
2019;08;Extremadura;Naranjas;493.43;479.77;0.97;24.46;0.42;0.41;2019-08-01;Pre-covid;Pre-covid
2019;08;Extremadura;Mandarinas;9.37;23.1;2.47;2.68;0.01;0.02;2019-08-01;Pre-covid;Pre-covid
2019;08;Extremadura;Limones;173.51;288.95;1.67;31.92;0.15;0.25;2019-08-01;Pre-covid;Pre-covid
2019;08;Extremadura;Platanos;538.41;691.21;1.28;61.69;0.46;0.59;2019-08-01;Pre-covid;Pre-covid
2019;08;Extremadura;Manzanas;375.95;578.89;1.54;47.32;0.32;0.49;2019-08-01;Pre-covid;Pre-covid
2019;08;Extremadura;Peras;526.74;841.76;1.6;27.87;0.45;0.72;2019-08-01;Pre-covid;Pre-covid
2019;08;Extremadura;Melocotones;647.68;958.19;1.48;47.86;0.55;0.81;2019-08-01;Pre-covid;Pre-covid
2019;08;Extremadura;Nectarinas;289.29;373.0;1.29;36.81;0.25;0.32;2019-08-01;Pre-covid;Pre-covid
2019;08;Extremadura;Albaricoques;29.19;44.26;1.52;7.28;0.02;0.04;2019-08-01;Pre-covid;Pre-covid
2019;08;Extremadura;Fresas/freson;41.85;194.27;4.64;12.38;0.04;0.17;2019-08-01;Pre-covid;Pre-covid
2019;08;Extremadura;Melon;2761.39;1869.84;0.68;63.65;2.35;1.59;2019-08-01;Pre-covid;Pre-covid
2019;08;Extremadura;Sandia;3154.5;2277.03;0.72;58.91;2.68;1.93;2019-08-01;Pre-covid;Pre-covid
2019;08;Extremadura;Ciruelas;631.56;1148.84;1.82;37.41;0.54;0.98;2019-08-01;Pre-covid;Pre-covid
2019;08;Extremadura;Cerezas;12.22;53.36;4.37;3.23;0.01;0.05;2019-08-01;Pre-covid;Pre-covid
2019;08;Extremadura;Uvas;100.23;234.86;2.34;12.62;0.09;0.2;2019-08-01;Pre-covid;Pre-covid
2019;08;Extremadura;Kiwi;109.27;401.7;3.68;29.18;0.09;0.34;2019-08-01;Pre-covid;Pre-covid
2019;08;Extremadura;Aguacate;81.57;285.85;3.5;18.24;0.07;0.24;2019-08-01;Pre-covid;Pre-covid
2019;08;Extremadura;Piña;44.05;83.17;1.89;6.21;0.04;0.07;2019-08-01;Pre-covid;Pre-covid
2019;08;Extremadura;Otras frutas frescas;481.58;1189.55;2.47;35.64;0.41;1.01;2019-08-01;Pre-covid;Pre-covid
2019;08;Extremadura;Pomelo;13.65;19.74;1.45;2.52;0.01;0.02;2019-08-01;Pre-covid;Pre-covid
2019;08;Extremadura;Chirimoya;0.0;0.0;0.0;0.0;0.0;0.0;2019-08-01;Pre-covid;Pre-covid
2019;08;Extremadura;Mango;25.67;69.07;2.69;7.02;0.02;0.06;2019-08-01;Pre-covid;Pre-covid
2019;08;Extremadura;Frutas iv gama;566.37;896.12;1.58;21.86;0.48;0.76;2019-08-01;Pre-covid;Pre-covid
2019;08;Galicia;Frutas frescas;26270.34;37755.95;1.44;92.96;9.67;13.9;2019-08-01;Pre-covid;Pre-covid
2019;08;Galicia;Naranjas;3122.31;3339.29;1.07;39.05;1.15;1.23;2019-08-01;Pre-covid;Pre-covid
2019;08;Galicia;Mandarinas;149.71;287.15;1.92;6.28;0.06;0.11;2019-08-01;Pre-covid;Pre-covid
2019;08;Galicia;Limones;417.37;760.75;1.82;31.9;0.15;0.28;2019-08-01;Pre-covid;Pre-covid
2019;08;Galicia;Platanos;2914.41;4697.82;1.61;73.21;1.07;1.73;2019-08-01;Pre-covid;Pre-covid
2019;08;Galicia;Manzanas;2093.63;3072.13;1.47;49.65;0.77;1.13;2019-08-01;Pre-covid;Pre-covid
2019;08;Galicia;Peras;1560.75;2536.82;1.63;38.99;0.57;0.93;2019-08-01;Pre-covid;Pre-covid
2019;08;Galicia;Melocotones;1440.07;2277.39;1.58;40.65;0.53;0.84;2019-08-01;Pre-covid;Pre-covid
2019;08;Galicia;Nectarinas;2063.34;2863.41;1.39;56.4;0.76;1.05;2019-08-01;Pre-covid;Pre-covid
2019;08;Galicia;Albaricoques;210.32;472.78;2.25;12.61;0.08;0.17;2019-08-01;Pre-covid;Pre-covid
2019;08;Galicia;Fresas/freson;218.93;1051.2;4.8;15.31;0.08;0.39;2019-08-01;Pre-covid;Pre-covid
2019;08;Galicia;Melon;4034.95;3228.68;0.8;55.16;1.49;1.19;2019-08-01;Pre-covid;Pre-covid
2019;08;Galicia;Sandia;3305.47;2646.79;0.8;43.67;1.22;0.97;2019-08-01;Pre-covid;Pre-covid
2019;08;Galicia;Ciruelas;1507.25;2317.38;1.54;41.7;0.55;0.85;2019-08-01;Pre-covid;Pre-covid
2019;08;Galicia;Cerezas;34.23;184.13;5.38;3.01;0.01;0.07;2019-08-01;Pre-covid;Pre-covid
2019;08;Galicia;Uvas;395.74;1009.9;2.55;22.27;0.15;0.37;2019-08-01;Pre-covid;Pre-covid
2019;08;Galicia;Kiwi;562.92;1874.19;3.33;28.25;0.21;0.69;2019-08-01;Pre-covid;Pre-covid
2019;08;Galicia;Aguacate;254.26;1180.73;4.64;23.89;0.09;0.43;2019-08-01;Pre-covid;Pre-covid
2019;08;Galicia;Piña;407.91;711.53;1.74;11.69;0.15;0.26;2019-08-01;Pre-covid;Pre-covid
2019;08;Galicia;Otras frutas frescas;1576.77;3243.86;2.06;57.03;0.58;1.19;2019-08-01;Pre-covid;Pre-covid
2019;08;Galicia;Pomelo;57.08;112.9;1.98;1.5;0.02;0.04;2019-08-01;Pre-covid;Pre-covid
2019;08;Galicia;Chirimoya;0.0;0.0;0.0;0.0;0.0;0.0;2019-08-01;Pre-covid;Pre-covid
2019;08;Galicia;Mango;94.72;238.31;2.52;8.4;0.03;0.09;2019-08-01;Pre-covid;Pre-covid
2019;08;Galicia;Frutas iv gama;930.82;1433.81;1.54;23.09;0.34;0.53;2019-08-01;Pre-covid;Pre-covid
2019;08;La rioja;Frutas frescas;2495.56;3868.58;1.55;88.06;7.7;11.94;2019-08-01;Pre-covid;Pre-covid
2019;08;La rioja;Naranjas;118.28;137.34;1.16;18.83;0.37;0.42;2019-08-01;Pre-covid;Pre-covid
2019;08;La rioja;Mandarinas;2.89;7.21;2.5;2.06;0.01;0.02;2019-08-01;Pre-covid;Pre-covid
2019;08;La rioja;Limones;74.63;133.86;1.79;29.35;0.23;0.41;2019-08-01;Pre-covid;Pre-covid
2019;08;La rioja;Platanos;212.43;338.63;1.59;56.02;0.66;1.05;2019-08-01;Pre-covid;Pre-covid
2019;08;La rioja;Manzanas;261.04;382.37;1.46;43.92;0.81;1.18;2019-08-01;Pre-covid;Pre-covid
2019;08;La rioja;Peras;111.54;149.95;1.34;29.91;0.34;0.46;2019-08-01;Pre-covid;Pre-covid
2019;08;La rioja;Melocotones;166.64;278.79;1.67;44.72;0.51;0.86;2019-08-01;Pre-covid;Pre-covid
2019;08;La rioja;Nectarinas;183.93;311.5;1.69;48.39;0.57;0.96;2019-08-01;Pre-covid;Pre-covid
2019;08;La rioja;Albaricoques;22.08;61.71;2.79;5.99;0.07;0.19;2019-08-01;Pre-covid;Pre-covid
2019;08;La rioja;Fresas/freson;10.11;53.4;5.28;4.07;0.03;0.16;2019-08-01;Pre-covid;Pre-covid
2019;08;La rioja;Melon;298.79;278.12;0.93;52.3;0.92;0.86;2019-08-01;Pre-covid;Pre-covid
2019;08;La rioja;Sandia;445.04;320.85;0.72;49.16;1.37;0.99;2019-08-01;Pre-covid;Pre-covid
2019;08;La rioja;Ciruelas;261.58;482.41;1.84;31.65;0.81;1.49;2019-08-01;Pre-covid;Pre-covid
2019;08;La rioja;Cerezas;6.13;6.13;1.0;1.46;0.02;0.02;2019-08-01;Pre-covid;Pre-covid
2019;08;La rioja;Uvas;9.57;26.99;2.82;4.25;0.03;0.08;2019-08-01;Pre-covid;Pre-covid
2019;08;La rioja;Kiwi;63.93;244.73;3.83;34.19;0.2;0.76;2019-08-01;Pre-covid;Pre-covid
2019;08;La rioja;Aguacate;17.07;91.29;5.35;27.72;0.05;0.28;2019-08-01;Pre-covid;Pre-covid
2019;08;La rioja;Piña;22.03;22.15;1.01;8.29;0.07;0.07;2019-08-01;Pre-covid;Pre-covid
2019;08;La rioja;Otras frutas frescas;207.85;541.13;2.6;37.09;0.64;1.67;2019-08-01;Pre-covid;Pre-covid
2019;08;La rioja;Pomelo;1.82;3.62;1.99;0.36;0.01;0.01;2019-08-01;Pre-covid;Pre-covid
2019;08;La rioja;Chirimoya;0.0;0.0;0.0;0.0;0.0;0.0;2019-08-01;Pre-covid;Pre-covid
2019;08;La rioja;Mango;7.6;20.88;2.75;7.06;0.02;0.06;2019-08-01;Pre-covid;Pre-covid
2019;08;La rioja;Frutas iv gama;122.05;177.88;1.46;22.99;0.38;0.55;2019-08-01;Pre-covid;Pre-covid
2019;08;Madrid;Frutas frescas;49229.04;64215.49;1.3;90.7;7.78;10.15;2019-08-01;Pre-covid;Pre-covid
2019;08;Madrid;Naranjas;3439.72;3371.11;0.98;27.56;0.54;0.53;2019-08-01;Pre-covid;Pre-covid
2019;08;Madrid;Mandarinas;170.83;273.6;1.6;4.82;0.03;0.04;2019-08-01;Pre-covid;Pre-covid
2019;08;Madrid;Limones;1119.87;1870.2;1.67;37.64;0.18;0.3;2019-08-01;Pre-covid;Pre-covid
2019;08;Madrid;Platanos;4466.06;6753.28;1.51;65.34;0.71;1.07;2019-08-01;Pre-covid;Pre-covid
2019;08;Madrid;Manzanas;2347.74;3490.41;1.49;44.3;0.37;0.55;2019-08-01;Pre-covid;Pre-covid
2019;08;Madrid;Peras;1580.53;2524.14;1.6;36.97;0.25;0.4;2019-08-01;Pre-covid;Pre-covid
2019;08;Madrid;Melocotones;3663.21;6041.97;1.65;54.18;0.58;0.95;2019-08-01;Pre-covid;Pre-covid
2019;08;Madrid;Nectarinas;2109.98;2812.33;1.33;36.61;0.33;0.44;2019-08-01;Pre-covid;Pre-covid
2019;08;Madrid;Albaricoques;340.24;720.79;2.12;11.05;0.05;0.11;2019-08-01;Pre-covid;Pre-covid
2019;08;Madrid;Fresas/freson;188.17;711.67;3.78;10.51;0.03;0.11;2019-08-01;Pre-covid;Pre-covid
2019;08;Madrid;Melon;10510.56;8290.84;0.79;64.63;1.66;1.31;2019-08-01;Pre-covid;Pre-covid
2019;08;Madrid;Sandia;10976.9;7856.6;0.72;53.83;1.73;1.24;2019-08-01;Pre-covid;Pre-covid
2019;08;Madrid;Ciruelas;2022.22;3401.67;1.68;38.93;0.32;0.54;2019-08-01;Pre-covid;Pre-covid
2019;08;Madrid;Cerezas;174.98;703.13;4.02;7.63;0.03;0.11;2019-08-01;Pre-covid;Pre-covid
2019;08;Madrid;Uvas;620.81;1553.66;2.5;20.03;0.1;0.25;2019-08-01;Pre-covid;Pre-covid
2019;08;Madrid;Kiwi;1073.39;3266.34;3.04;25.36;0.17;0.52;2019-08-01;Pre-covid;Pre-covid
2019;08;Madrid;Aguacate;532.11;2182.91;4.1;23.99;0.08;0.34;2019-08-01;Pre-covid;Pre-covid
2019;08;Madrid;Piña;614.89;1082.84;1.76;14.26;0.1;0.17;2019-08-01;Pre-covid;Pre-covid
2019;08;Madrid;Otras frutas frescas;3276.82;7307.99;2.23;50.58;0.52;1.15;2019-08-01;Pre-covid;Pre-covid
2019;08;Madrid;Pomelo;195.28;416.74;2.13;3.83;0.03;0.07;2019-08-01;Pre-covid;Pre-covid
2019;08;Madrid;Chirimoya;0.0;0.0;0.0;0.0;0.0;0.0;2019-08-01;Pre-covid;Pre-covid
2019;08;Madrid;Mango;164.77;430.63;2.61;7.85;0.03;0.07;2019-08-01;Pre-covid;Pre-covid
2019;08;Madrid;Frutas iv gama;1776.79;2529.7;1.42;24.03;0.28;0.4;2019-08-01;Pre-covid;Pre-covid
2019;08;Murcia;Frutas frescas;10745.54;14646.89;1.36;87.12;7.46;10.17;2019-08-01;Pre-covid;Pre-covid
2019;08;Murcia;Naranjas;693.7;655.15;0.94;24.81;0.48;0.45;2019-08-01;Pre-covid;Pre-covid
2019;08;Murcia;Mandarinas;46.25;116.77;2.52;8.1;0.03;0.08;2019-08-01;Pre-covid;Pre-covid
2019;08;Murcia;Limones;583.54;835.33;1.43;33.73;0.41;0.58;2019-08-01;Pre-covid;Pre-covid
2019;08;Murcia;Platanos;903.24;1259.76;1.39;68.85;0.63;0.87;2019-08-01;Pre-covid;Pre-covid
2019;08;Murcia;Manzanas;567.96;737.03;1.3;43.1;0.39;0.51;2019-08-01;Pre-covid;Pre-covid
2019;08;Murcia;Peras;410.29;700.37;1.71;44.45;0.28;0.49;2019-08-01;Pre-covid;Pre-covid
2019;08;Murcia;Melocotones;977.37;1512.32;1.55;54.02;0.68;1.05;2019-08-01;Pre-covid;Pre-covid
2019;08;Murcia;Nectarinas;274.05;368.85;1.35;24.92;0.19;0.26;2019-08-01;Pre-covid;Pre-covid
2019;08;Murcia;Albaricoques;32.54;86.55;2.66;5.3;0.02;0.06;2019-08-01;Pre-covid;Pre-covid
2019;08;Murcia;Fresas/freson;13.21;80.38;6.08;4.83;0.01;0.06;2019-08-01;Pre-covid;Pre-covid
2019;08;Murcia;Melon;2141.81;1549.68;0.72;50.88;1.49;1.08;2019-08-01;Pre-covid;Pre-covid
2019;08;Murcia;Sandia;2449.48;2016.09;0.82;60.95;1.7;1.4;2019-08-01;Pre-covid;Pre-covid
2019;08;Murcia;Ciruelas;196.55;365.48;1.86;26.34;0.14;0.25;2019-08-01;Pre-covid;Pre-covid
2019;08;Murcia;Cerezas;18.97;76.8;4.05;6.2;0.01;0.05;2019-08-01;Pre-covid;Pre-covid
2019;08;Murcia;Uvas;203.98;545.74;2.68;23.82;0.14;0.38;2019-08-01;Pre-covid;Pre-covid
2019;08;Murcia;Kiwi;119.93;407.78;3.4;14.65;0.08;0.28;2019-08-01;Pre-covid;Pre-covid
2019;08;Murcia;Aguacate;89.75;433.84;4.83;24.72;0.06;0.3;2019-08-01;Pre-covid;Pre-covid
2019;08;Murcia;Piña;198.05;284.04;1.43;11.3;0.14;0.2;2019-08-01;Pre-covid;Pre-covid
2019;08;Murcia;Otras frutas frescas;824.87;2614.92;3.17;31.63;0.57;1.82;2019-08-01;Pre-covid;Pre-covid
2019;08;Murcia;Pomelo;8.5;16.94;1.99;0.98;0.01;0.01;2019-08-01;Pre-covid;Pre-covid
2019;08;Murcia;Chirimoya;0.0;0.0;0.0;0.0;0.0;0.0;2019-08-01;Pre-covid;Pre-covid
2019;08;Murcia;Mango;30.31;76.4;2.52;5.24;0.02;0.05;2019-08-01;Pre-covid;Pre-covid
2019;08;Murcia;Frutas iv gama;432.33;538.33;1.25;29.67;0.3;0.37;2019-08-01;Pre-covid;Pre-covid
2019;08;Navarra;Frutas frescas;4741.41;6583.87;1.39;93.39;7.93;11.01;2019-08-01;Pre-covid;Pre-covid
2019;08;Navarra;Naranjas;241.9;262.86;1.09;24.68;0.4;0.44;2019-08-01;Pre-covid;Pre-covid
2019;08;Navarra;Mandarinas;14.35;36.53;2.55;5.62;0.02;0.06;2019-08-01;Pre-covid;Pre-covid
2019;08;Navarra;Limones;114.98;215.15;1.87;42.47;0.19;0.36;2019-08-01;Pre-covid;Pre-covid
2019;08;Navarra;Platanos;417.11;639.31;1.53;62.43;0.7;1.07;2019-08-01;Pre-covid;Pre-covid
2019;08;Navarra;Manzanas;323.76;413.17;1.28;50.74;0.54;0.69;2019-08-01;Pre-covid;Pre-covid
2019;08;Navarra;Peras;122.45;203.46;1.66;26.82;0.2;0.34;2019-08-01;Pre-covid;Pre-covid
2019;08;Navarra;Melocotones;257.22;429.13;1.67;53.61;0.43;0.72;2019-08-01;Pre-covid;Pre-covid
2019;08;Navarra;Nectarinas;284.01;396.66;1.4;48.08;0.48;0.66;2019-08-01;Pre-covid;Pre-covid
2019;08;Navarra;Albaricoques;33.81;62.77;1.86;20.61;0.06;0.1;2019-08-01;Pre-covid;Pre-covid
2019;08;Navarra;Fresas/freson;9.61;37.48;3.9;7.78;0.02;0.06;2019-08-01;Pre-covid;Pre-covid
2019;08;Navarra;Melon;1162.89;1012.19;0.87;66.77;1.95;1.69;2019-08-01;Pre-covid;Pre-covid
2019;08;Navarra;Sandia;861.94;599.93;0.7;43.29;1.44;1.0;2019-08-01;Pre-covid;Pre-covid
2019;08;Navarra;Ciruelas;236.16;377.7;1.6;22.8;0.4;0.63;2019-08-01;Pre-covid;Pre-covid
2019;08;Navarra;Cerezas;11.57;58.06;5.02;5.37;0.02;0.1;2019-08-01;Pre-covid;Pre-covid
2019;08;Navarra;Uvas;55.48;141.43;2.55;18.4;0.09;0.24;2019-08-01;Pre-covid;Pre-covid
2019;08;Navarra;Kiwi;211.91;713.34;3.37;42.69;0.35;1.19;2019-08-01;Pre-covid;Pre-covid
2019;08;Navarra;Aguacate;93.45;422.3;4.52;40.82;0.16;0.71;2019-08-01;Pre-covid;Pre-covid
2019;08;Navarra;Piña;56.71;113.02;1.99;6.44;0.09;0.19;2019-08-01;Pre-covid;Pre-covid
2019;08;Navarra;Otras frutas frescas;232.11;449.38;1.94;58.15;0.39;0.75;2019-08-01;Pre-covid;Pre-covid
2019;08;Navarra;Pomelo;1.86;5.57;3.0;3.35;0.0;0.01;2019-08-01;Pre-covid;Pre-covid
2019;08;Navarra;Chirimoya;0.0;0.0;0.0;0.0;0.0;0.0;2019-08-01;Pre-covid;Pre-covid
2019;08;Navarra;Mango;7.09;33.47;4.72;4.03;0.01;0.06;2019-08-01;Pre-covid;Pre-covid
2019;08;Navarra;Frutas iv gama;220.88;339.02;1.53;39.71;0.37;0.57;2019-08-01;Pre-covid;Pre-covid
2019;08;Pais vasco;Frutas frescas;19006.96;27723.92;1.46;91.1;8.99;13.12;2019-08-01;Pre-covid;Pre-covid
2019;08;Pais vasco;Naranjas;1734.32;1953.55;1.13;36.51;0.82;0.92;2019-08-01;Pre-covid;Pre-covid
2019;08;Pais vasco;Mandarinas;62.17;133.87;2.15;5.04;0.03;0.06;2019-08-01;Pre-covid;Pre-covid
2019;08;Pais vasco;Limones;357.23;636.73;1.78;34.15;0.17;0.3;2019-08-01;Pre-covid;Pre-covid
2019;08;Pais vasco;Platanos;1830.49;2912.3;1.59;68.95;0.87;1.38;2019-08-01;Pre-covid;Pre-covid
2019;08;Pais vasco;Manzanas;1603.21;2251.77;1.4;54.38;0.76;1.07;2019-08-01;Pre-covid;Pre-covid
2019;08;Pais vasco;Peras;621.69;884.88;1.42;48.89;0.29;0.42;2019-08-01;Pre-covid;Pre-covid
2019;08;Pais vasco;Melocotones;1455.77;2474.69;1.7;56.29;0.69;1.17;2019-08-01;Pre-covid;Pre-covid
2019;08;Pais vasco;Nectarinas;1708.35;2426.0;1.42;53.63;0.81;1.15;2019-08-01;Pre-covid;Pre-covid
2019;08;Pais vasco;Albaricoques;172.66;351.41;2.04;19.26;0.08;0.17;2019-08-01;Pre-covid;Pre-covid
2019;08;Pais vasco;Fresas/freson;64.62;306.97;4.75;11.08;0.03;0.15;2019-08-01;Pre-covid;Pre-covid
2019;08;Pais vasco;Melon;3220.45;2980.65;0.93;58.69;1.52;1.41;2019-08-01;Pre-covid;Pre-covid
2019;08;Pais vasco;Sandia;2888.74;2442.73;0.85;44.48;1.37;1.16;2019-08-01;Pre-covid;Pre-covid
2019;08;Pais vasco;Ciruelas;966.96;1719.18;1.78;39.18;0.46;0.81;2019-08-01;Pre-covid;Pre-covid
2019;08;Pais vasco;Cerezas;57.62;361.02;6.27;13.26;0.03;0.17;2019-08-01;Pre-covid;Pre-covid
2019;08;Pais vasco;Uvas;239.0;588.64;2.46;22.7;0.11;0.28;2019-08-01;Pre-covid;Pre-covid
2019;08;Pais vasco;Kiwi;458.7;1581.12;3.45;32.66;0.22;0.75;2019-08-01;Pre-covid;Pre-covid
2019;08;Pais vasco;Aguacate;144.63;696.07;4.81;21.37;0.07;0.33;2019-08-01;Pre-covid;Pre-covid
2019;08;Pais vasco;Piña;226.13;350.26;1.55;11.93;0.11;0.17;2019-08-01;Pre-covid;Pre-covid
2019;08;Pais vasco;Otras frutas frescas;1194.21;2672.09;2.24;50.64;0.56;1.26;2019-08-01;Pre-covid;Pre-covid
2019;08;Pais vasco;Pomelo;51.45;104.18;2.02;2.33;0.02;0.05;2019-08-01;Pre-covid;Pre-covid
2019;08;Pais vasco;Chirimoya;0.0;0.0;0.0;0.0;0.0;0.0;2019-08-01;Pre-covid;Pre-covid
2019;08;Pais vasco;Mango;92.12;238.69;2.59;6.76;0.04;0.11;2019-08-01;Pre-covid;Pre-covid
2019;08;Pais vasco;Frutas iv gama;1281.02;1583.63;1.24;23.67;0.61;0.75;2019-08-01;Pre-covid;Pre-covid
2019;08;Valencia;Frutas frescas;40336.69;48896.88;1.21;90.81;8.3;10.07;2019-08-01;Pre-covid;Pre-covid
2019;08;Valencia;Naranjas;1445.16;1498.55;1.04;19.11;0.3;0.31;2019-08-01;Pre-covid;Pre-covid
2019;08;Valencia;Mandarinas;39.11;76.34;1.95;2.82;0.01;0.02;2019-08-01;Pre-covid;Pre-covid
2019;08;Valencia;Limones;725.86;1244.24;1.71;29.73;0.15;0.26;2019-08-01;Pre-covid;Pre-covid
2019;08;Valencia;Platanos;3872.74;5449.1;1.41;70.46;0.8;1.12;2019-08-01;Pre-covid;Pre-covid
2019;08;Valencia;Manzanas;2114.82;3187.79;1.51;46.84;0.44;0.66;2019-08-01;Pre-covid;Pre-covid
2019;08;Valencia;Peras;1190.24;1938.72;1.63;33.22;0.25;0.4;2019-08-01;Pre-covid;Pre-covid
2019;08;Valencia;Melocotones;3482.69;5328.47;1.53;54.55;0.72;1.1;2019-08-01;Pre-covid;Pre-covid
2019;08;Valencia;Nectarinas;1377.89;1823.72;1.32;34.65;0.28;0.38;2019-08-01;Pre-covid;Pre-covid
2019;08;Valencia;Albaricoques;103.37;191.1;1.85;6.24;0.02;0.04;2019-08-01;Pre-covid;Pre-covid
2019;08;Valencia;Fresas/freson;56.8;260.13;4.58;4.92;0.01;0.05;2019-08-01;Pre-covid;Pre-covid
2019;08;Valencia;Melon;9742.21;7386.2;0.76;60.13;2.01;1.52;2019-08-01;Pre-covid;Pre-covid
2019;08;Valencia;Sandia;10408.49;7030.97;0.68;54.63;2.14;1.45;2019-08-01;Pre-covid;Pre-covid
2019;08;Valencia;Ciruelas;1649.56;2379.92;1.44;40.22;0.34;0.49;2019-08-01;Pre-covid;Pre-covid
2019;08;Valencia;Cerezas;147.85;410.03;2.77;7.8;0.03;0.08;2019-08-01;Pre-covid;Pre-covid
2019;08;Valencia;Uvas;653.89;1543.25;2.36;25.02;0.13;0.32;2019-08-01;Pre-covid;Pre-covid
2019;08;Valencia;Kiwi;642.99;2312.3;3.6;30.14;0.13;0.48;2019-08-01;Pre-covid;Pre-covid
2019;08;Valencia;Aguacate;467.56;2219.78;4.75;24.0;0.1;0.46;2019-08-01;Pre-covid;Pre-covid
2019;08;Valencia;Piña;392.37;608.45;1.55;12.39;0.08;0.13;2019-08-01;Pre-covid;Pre-covid
2019;08;Valencia;Otras frutas frescas;1823.09;4007.83;2.2;43.54;0.38;0.83;2019-08-01;Pre-covid;Pre-covid
2019;08;Valencia;Pomelo;136.56;266.6;1.95;2.13;0.03;0.05;2019-08-01;Pre-covid;Pre-covid
2019;08;Valencia;Chirimoya;0.0;0.0;0.0;0.0;0.0;0.0;2019-08-01;Pre-covid;Pre-covid
2019;08;Valencia;Mango;175.11;463.71;2.65;8.7;0.04;0.1;2019-08-01;Pre-covid;Pre-covid
2019;08;Valencia;Frutas iv gama;1800.87;2698.18;1.5;26.76;0.37;0.56;2019-08-01;Pre-covid;Pre-covid
2019;09;Nacional;Patatas;103605.26;97897.32;0.94;79.06;2.25;2.12;2019-09-01;Pre-covid;Pre-covid
2019;09;Nacional;Patatas frescas;76468.14;68093.78;0.89;66.88;1.66;1.48;2019-09-01;Pre-covid;Pre-covid
2019;09;Nacional;Patatas congeladas;3424.59;4533.92;1.32;10.83;0.07;0.1;2019-09-01;Pre-covid;Pre-covid
2019;09;Nacional;Patatas procesadas;4742.51;25269.62;5.33;45.27;0.1;0.55;2019-09-01;Pre-covid;Pre-covid
2019;09;Nacional;Patatas fritas;3906.92;24006.45;6.14;43.32;0.08;0.52;2019-09-01;Pre-covid;Pre-covid
2019;09;Nacional;Hortalizas frescas;229766.03;427987.18;1.86;94.94;4.98;9.28;2019-09-01;Pre-covid;Pre-covid
2019;09;Nacional;Omates;65359.45;107766.6;1.65;76.74;1.42;2.34;2019-09-01;Pre-covid;Pre-covid
2019;09;Nacional;Cebollas;25265.98;31535.72;1.25;65.95;0.55;0.68;2019-09-01;Pre-covid;Pre-covid
2019;09;Nacional;Ajos;2161.02;9106.42;4.21;29.92;0.05;0.2;2019-09-01;Pre-covid;Pre-covid
2019;09;Nacional;Coles;4782.05;5587.41;1.17;13.97;0.1;0.12;2019-09-01;Pre-covid;Pre-covid
2019;09;Nacional;Pepinos;9710.89;12765.66;1.31;39.62;0.21;0.28;2019-09-01;Pre-covid;Pre-covid
2019;09;Nacional;Judias verdes;7672.18;26729.83;3.48;30.63;0.17;0.58;2019-09-01;Pre-covid;Pre-covid
2019;09;Nacional;Pimientos;24479.66;46584.93;1.9;63.11;0.53;1.01;2019-09-01;Pre-covid;Pre-covid
2019;09;Nacional;Champiñoneso setas;4240.57;16436.15;3.88;36.44;0.09;0.36;2019-09-01;Pre-covid;Pre-covid
2019;09;Nacional;Lechuga/esc /endivia;14846.87;40898.1;2.75;64.47;0.32;0.89;2019-09-01;Pre-covid;Pre-covid
2019;09;Nacional;Esparragos;1637.9;4485.41;2.74;8.46;0.04;0.1;2019-09-01;Pre-covid;Pre-covid
2019;09;Nacional;Verduras de hoja;4641.36;11485.79;2.47;22.34;0.1;0.25;2019-09-01;Pre-covid;Pre-covid
2019;09;Nacional;Berenjenas;8181.43;12661.95;1.55;30.84;0.18;0.27;2019-09-01;Pre-covid;Pre-covid
2019;09;Nacional;Zanahorias;13766.86;13311.65;0.97;57.38;0.3;0.29;2019-09-01;Pre-covid;Pre-covid
2019;09;Nacional;Calabacines;15940.57;21323.91;1.34;50.38;0.35;0.46;2019-09-01;Pre-covid;Pre-covid
2019;09;Nacional;Otr hortalizas/verd ;27079.23;67307.65;2.49;68.05;0.59;1.46;2019-09-01;Pre-covid;Pre-covid
2019;09;Nacional;Brocoli;3494.81;7526.95;2.15;18.12;0.08;0.16;2019-09-01;Pre-covid;Pre-covid
2019;09;Nacional;Alcachofas;537.34;1548.0;2.88;2.95;0.01;0.03;2019-09-01;Pre-covid;Pre-covid
2019;09;Nacional;Apio;1436.15;2211.48;1.54;9.82;0.03;0.05;2019-09-01;Pre-covid;Pre-covid
2019;09;Nacional;Coliflor;1653.52;3526.34;2.13;6.77;0.04;0.08;2019-09-01;Pre-covid;Pre-covid
2019;09;Nacional;Verd /hort  iv gama;24558.46;63649.14;2.59;63.93;0.53;1.38;2019-09-01;Pre-covid;Pre-covid
2019;09;Nacional;Puerro;4024.82;11120.5;2.76;27.99;0.09;0.24;2019-09-01;Pre-covid;Pre-covid
2019;09;Andalucia;Patatas;19285.68;17833.78;0.92;83.13;2.22;2.05;2019-09-01;Pre-covid;Pre-covid
2019;09;Andalucia;Patatas frescas;13464.3;11637.38;0.86;67.81;1.55;1.34;2019-09-01;Pre-covid;Pre-covid
2019;09;Andalucia;Patatas congeladas;721.47;855.2;1.19;13.28;0.08;0.1;2019-09-01;Pre-covid;Pre-covid
2019;09;Andalucia;Patatas procesadas;1019.98;5341.21;5.24;50.56;0.12;0.62;2019-09-01;Pre-covid;Pre-covid
2019;09;Andalucia;Patatas fritas;873.51;5128.6;5.87;48.33;0.1;0.59;2019-09-01;Pre-covid;Pre-covid
2019;09;Andalucia;Hortalizas frescas;38676.86;67864.52;1.75;95.47;4.45;7.82;2019-09-01;Pre-covid;Pre-covid
2019;09;Andalucia;Omates;12373.18;19196.92;1.55;80.59;1.43;2.21;2019-09-01;Pre-covid;Pre-covid
2019;09;Andalucia;Cebollas;4656.72;5528.69;1.19;66.95;0.54;0.64;2019-09-01;Pre-covid;Pre-covid
2019;09;Andalucia;Ajos;499.3;1979.71;3.96;36.09;0.06;0.23;2019-09-01;Pre-covid;Pre-covid
2019;09;Andalucia;Coles;615.84;684.18;1.11;11.77;0.07;0.08;2019-09-01;Pre-covid;Pre-covid
2019;09;Andalucia;Pepinos;1756.63;2277.32;1.3;44.54;0.2;0.26;2019-09-01;Pre-covid;Pre-covid
2019;09;Andalucia;Judias verdes;818.03;2730.4;3.34;29.64;0.09;0.31;2019-09-01;Pre-covid;Pre-covid
2019;09;Andalucia;Pimientos;3678.81;6606.24;1.8;68.12;0.42;0.76;2019-09-01;Pre-covid;Pre-covid
2019;09;Andalucia;Champiñoneso setas;703.11;2617.42;3.72;33.42;0.08;0.3;2019-09-01;Pre-covid;Pre-covid
2019;09;Andalucia;Lechuga/esc /endivia;2308.82;6181.42;2.68;66.39;0.27;0.71;2019-09-01;Pre-covid;Pre-covid
2019;09;Andalucia;Esparragos;234.23;697.49;2.98;6.83;0.03;0.08;2019-09-01;Pre-covid;Pre-covid
2019;09;Andalucia;Verduras de hoja;574.98;1415.25;2.46;20.9;0.07;0.16;2019-09-01;Pre-covid;Pre-covid
2019;09;Andalucia;Berenjenas;1383.42;2060.46;1.49;35.58;0.16;0.24;2019-09-01;Pre-covid;Pre-covid
2019;09;Andalucia;Zanahorias;2369.93;2181.42;0.92;55.75;0.27;0.25;2019-09-01;Pre-covid;Pre-covid
2019;09;Andalucia;Calabacines;2566.52;3320.77;1.29;52.28;0.3;0.38;2019-09-01;Pre-covid;Pre-covid
2019;09;Andalucia;Otr hortalizas/verd ;4137.34;10386.84;2.51;67.29;0.48;1.2;2019-09-01;Pre-covid;Pre-covid
2019;09;Andalucia;Brocoli;512.45;1077.7;2.1;17.58;0.06;0.12;2019-09-01;Pre-covid;Pre-covid
2019;09;Andalucia;Alcachofas;84.48;250.85;2.97;4.17;0.01;0.03;2019-09-01;Pre-covid;Pre-covid
2019;09;Andalucia;Apio;239.12;425.06;1.78;12.4;0.03;0.05;2019-09-01;Pre-covid;Pre-covid
2019;09;Andalucia;Coliflor;353.38;756.36;2.14;8.48;0.04;0.09;2019-09-01;Pre-covid;Pre-covid
2019;09;Andalucia;Verd /hort  iv gama;4515.43;10609.91;2.35;64.93;0.52;1.22;2019-09-01;Pre-covid;Pre-covid
2019;09;Andalucia;Puerro;646.64;1631.09;2.52;26.46;0.07;0.19;2019-09-01;Pre-covid;Pre-covid
2019;09;Aragon;Patatas;2447.78;2302.6;0.94;79.18;1.87;1.76;2019-09-01;Pre-covid;Pre-covid
2019;09;Aragon;Patatas frescas;1935.64;1713.55;0.89;67.06;1.48;1.31;2019-09-01;Pre-covid;Pre-covid
2019;09;Aragon;Patatas congeladas;29.86;37.91;1.27;4.68;0.02;0.03;2019-09-01;Pre-covid;Pre-covid
2019;09;Aragon;Patatas procesadas;96.46;551.13;5.71;40.37;0.07;0.42;2019-09-01;Pre-covid;Pre-covid
2019;09;Aragon;Patatas fritas;81.59;533.6;6.54;39.68;0.06;0.41;2019-09-01;Pre-covid;Pre-covid
2019;09;Aragon;Hortalizas frescas;8665.48;16004.27;1.85;92.63;6.62;12.22;2019-09-01;Pre-covid;Pre-covid
2019;09;Aragon;Omates;2704.07;4070.34;1.51;79.17;2.06;3.11;2019-09-01;Pre-covid;Pre-covid
2019;09;Aragon;Cebollas;766.02;1110.98;1.45;62.06;0.58;0.85;2019-09-01;Pre-covid;Pre-covid
2019;09;Aragon;Ajos;43.61;214.3;4.91;28.82;0.03;0.16;2019-09-01;Pre-covid;Pre-covid
2019;09;Aragon;Coles;92.84;118.13;1.27;5.64;0.07;0.09;2019-09-01;Pre-covid;Pre-covid
2019;09;Aragon;Pepinos;439.5;625.47;1.42;39.41;0.34;0.48;2019-09-01;Pre-covid;Pre-covid
2019;09;Aragon;Judias verdes;487.61;1726.62;3.54;39.84;0.37;1.32;2019-09-01;Pre-covid;Pre-covid
2019;09;Aragon;Pimientos;770.9;1554.33;2.02;61.9;0.59;1.19;2019-09-01;Pre-covid;Pre-covid
2019;09;Aragon;Champiñoneso setas;141.92;425.55;3.0;40.01;0.11;0.32;2019-09-01;Pre-covid;Pre-covid
2019;09;Aragon;Lechuga/esc /endivia;579.07;1560.27;2.69;66.17;0.44;1.19;2019-09-01;Pre-covid;Pre-covid
2019;09;Aragon;Esparragos;32.07;199.08;6.21;12.99;0.02;0.15;2019-09-01;Pre-covid;Pre-covid
2019;09;Aragon;Verduras de hoja;271.0;449.03;1.66;27.13;0.21;0.34;2019-09-01;Pre-covid;Pre-covid
2019;09;Aragon;Berenjenas;319.55;452.81;1.42;26.4;0.24;0.35;2019-09-01;Pre-covid;Pre-covid
2019;09;Aragon;Zanahorias;328.63;278.74;0.85;47.84;0.25;0.21;2019-09-01;Pre-covid;Pre-covid
2019;09;Aragon;Calabacines;575.46;778.9;1.35;47.08;0.44;0.59;2019-09-01;Pre-covid;Pre-covid
2019;09;Aragon;Otr hortalizas/verd ;1113.23;2439.72;2.19;73.18;0.85;1.86;2019-09-01;Pre-covid;Pre-covid
2019;09;Aragon;Brocoli;106.89;220.7;2.06;24.56;0.08;0.17;2019-09-01;Pre-covid;Pre-covid
2019;09;Aragon;Alcachofas;2.64;7.37;2.8;2.99;0.0;0.01;2019-09-01;Pre-covid;Pre-covid
2019;09;Aragon;Apio;212.98;261.21;1.23;5.98;0.16;0.2;2019-09-01;Pre-covid;Pre-covid
2019;09;Aragon;Coliflor;42.26;62.59;1.48;3.89;0.03;0.05;2019-09-01;Pre-covid;Pre-covid
2019;09;Aragon;Verd /hort  iv gama;883.69;1850.1;2.09;56.6;0.67;1.41;2019-09-01;Pre-covid;Pre-covid
2019;09;Aragon;Puerro;138.64;526.59;3.8;26.06;0.11;0.4;2019-09-01;Pre-covid;Pre-covid
2019;09;Asturias;Patatas;2700.6;2470.64;0.91;71.65;2.51;2.3;2019-09-01;Pre-covid;Pre-covid
2019;09;Asturias;Patatas frescas;2167.77;1918.05;0.88;66.43;2.02;1.78;2019-09-01;Pre-covid;Pre-covid
2019;09;Asturias;Patatas congeladas;64.2;93.48;1.46;9.07;0.06;0.09;2019-09-01;Pre-covid;Pre-covid
2019;09;Asturias;Patatas procesadas;93.73;459.12;4.9;33.47;0.09;0.43;2019-09-01;Pre-covid;Pre-covid
2019;09;Asturias;Patatas fritas;64.81;416.61;6.43;30.58;0.06;0.39;2019-09-01;Pre-covid;Pre-covid
2019;09;Asturias;Hortalizas frescas;4548.82;8597.5;1.89;91.72;4.23;8.0;2019-09-01;Pre-covid;Pre-covid
2019;09;Asturias;Omates;1378.98;2416.2;1.75;59.91;1.28;2.25;2019-09-01;Pre-covid;Pre-covid
2019;09;Asturias;Cebollas;636.86;839.64;1.32;73.53;0.59;0.78;2019-09-01;Pre-covid;Pre-covid
2019;09;Asturias;Ajos;84.64;347.16;4.1;36.4;0.08;0.32;2019-09-01;Pre-covid;Pre-covid
2019;09;Asturias;Coles;88.04;88.52;1.01;12.68;0.08;0.08;2019-09-01;Pre-covid;Pre-covid
2019;09;Asturias;Pepinos;115.82;137.8;1.19;24.43;0.11;0.13;2019-09-01;Pre-covid;Pre-covid
2019;09;Asturias;Judias verdes;117.18;377.12;3.22;20.31;0.11;0.35;2019-09-01;Pre-covid;Pre-covid
2019;09;Asturias;Pimientos;697.16;1444.94;2.07;57.6;0.65;1.34;2019-09-01;Pre-covid;Pre-covid
2019;09;Asturias;Champiñoneso setas;89.29;265.7;2.98;23.65;0.08;0.25;2019-09-01;Pre-covid;Pre-covid
2019;09;Asturias;Lechuga/esc /endivia;296.36;707.87;2.39;57.33;0.28;0.66;2019-09-01;Pre-covid;Pre-covid
2019;09;Asturias;Esparragos;5.47;29.17;5.34;5.23;0.01;0.03;2019-09-01;Pre-covid;Pre-covid
2019;09;Asturias;Verduras de hoja;65.74;173.63;2.64;11.02;0.06;0.16;2019-09-01;Pre-covid;Pre-covid
2019;09;Asturias;Berenjenas;77.0;145.38;1.89;18.8;0.07;0.14;2019-09-01;Pre-covid;Pre-covid
2019;09;Asturias;Zanahorias;212.71;192.11;0.9;49.93;0.2;0.18;2019-09-01;Pre-covid;Pre-covid
2019;09;Asturias;Calabacines;225.6;313.46;1.39;36.88;0.21;0.29;2019-09-01;Pre-covid;Pre-covid
2019;09;Asturias;Otr hortalizas/verd ;457.96;1118.81;2.44;51.11;0.43;1.04;2019-09-01;Pre-covid;Pre-covid
2019;09;Asturias;Brocoli;42.63;107.88;2.53;13.95;0.04;0.1;2019-09-01;Pre-covid;Pre-covid
2019;09;Asturias;Alcachofas;9.53;33.25;3.49;1.95;0.01;0.03;2019-09-01;Pre-covid;Pre-covid
2019;09;Asturias;Apio;10.53;23.74;2.26;5.92;0.01;0.02;2019-09-01;Pre-covid;Pre-covid
2019;09;Asturias;Coliflor;29.59;36.35;1.23;1.88;0.03;0.03;2019-09-01;Pre-covid;Pre-covid
2019;09;Asturias;Verd /hort  iv gama;422.55;1063.44;2.52;49.47;0.39;0.99;2019-09-01;Pre-covid;Pre-covid
2019;09;Asturias;Puerro;55.58;174.86;3.15;30.57;0.05;0.16;2019-09-01;Pre-covid;Pre-covid
2019;09;Baleares;Patatas;2276.4;2409.5;1.06;81.46;2.16;2.28;2019-09-01;Pre-covid;Pre-covid
2019;09;Baleares;Patatas frescas;1580.5;1533.55;0.97;65.61;1.5;1.45;2019-09-01;Pre-covid;Pre-covid
2019;09;Baleares;Patatas congeladas;110.56;158.67;1.44;15.3;0.1;0.15;2019-09-01;Pre-covid;Pre-covid
2019;09;Baleares;Patatas procesadas;117.07;717.27;6.13;46.45;0.11;0.68;2019-09-01;Pre-covid;Pre-covid
2019;09;Baleares;Patatas fritas;105.29;691.97;6.57;45.59;0.1;0.66;2019-09-01;Pre-covid;Pre-covid
2019;09;Baleares;Hortalizas frescas;5697.75;11757.6;2.06;96.83;5.4;11.14;2019-09-01;Pre-covid;Pre-covid
2019;09;Baleares;Omates;1308.52;2552.34;1.95;84.98;1.24;2.42;2019-09-01;Pre-covid;Pre-covid
2019;09;Baleares;Cebollas;743.0;1056.78;1.42;71.85;0.7;1.0;2019-09-01;Pre-covid;Pre-covid
2019;09;Baleares;Ajos;36.12;214.38;5.93;23.65;0.03;0.2;2019-09-01;Pre-covid;Pre-covid
2019;09;Baleares;Coles;158.27;193.03;1.22;22.9;0.15;0.18;2019-09-01;Pre-covid;Pre-covid
2019;09;Baleares;Pepinos;205.59;296.68;1.44;43.21;0.19;0.28;2019-09-01;Pre-covid;Pre-covid
2019;09;Baleares;Judias verdes;124.83;476.01;3.81;38.89;0.12;0.45;2019-09-01;Pre-covid;Pre-covid
2019;09;Baleares;Pimientos;529.08;1101.63;2.08;69.58;0.5;1.04;2019-09-01;Pre-covid;Pre-covid
2019;09;Baleares;Champiñoneso setas;215.8;689.79;3.2;51.04;0.2;0.65;2019-09-01;Pre-covid;Pre-covid
2019;09;Baleares;Lechuga/esc /endivia;406.0;1262.62;3.11;73.37;0.38;1.2;2019-09-01;Pre-covid;Pre-covid
2019;09;Baleares;Esparragos;48.98;181.1;3.7;13.11;0.05;0.17;2019-09-01;Pre-covid;Pre-covid
2019;09;Baleares;Verduras de hoja;90.15;289.62;3.21;23.36;0.09;0.27;2019-09-01;Pre-covid;Pre-covid
2019;09;Baleares;Berenjenas;262.79;437.06;1.66;40.77;0.25;0.41;2019-09-01;Pre-covid;Pre-covid
2019;09;Baleares;Zanahorias;417.92;370.59;0.89;72.83;0.4;0.35;2019-09-01;Pre-covid;Pre-covid
2019;09;Baleares;Calabacines;289.48;409.9;1.42;50.83;0.27;0.39;2019-09-01;Pre-covid;Pre-covid
2019;09;Baleares;Otr hortalizas/verd ;861.22;2226.06;2.58;77.08;0.82;2.11;2019-09-01;Pre-covid;Pre-covid
2019;09;Baleares;Brocoli;122.74;302.44;2.46;32.26;0.12;0.29;2019-09-01;Pre-covid;Pre-covid
2019;09;Baleares;Alcachofas;46.78;146.85;3.14;9.55;0.04;0.14;2019-09-01;Pre-covid;Pre-covid
2019;09;Baleares;Apio;59.71;86.23;1.44;12.95;0.06;0.08;2019-09-01;Pre-covid;Pre-covid
2019;09;Baleares;Coliflor;83.23;181.89;2.19;11.14;0.08;0.17;2019-09-01;Pre-covid;Pre-covid
2019;09;Baleares;Verd /hort  iv gama;650.21;1972.37;3.03;74.89;0.62;1.87;2019-09-01;Pre-covid;Pre-covid
2019;09;Baleares;Puerro;91.21;286.75;3.14;29.85;0.09;0.27;2019-09-01;Pre-covid;Pre-covid
2019;09;Canarias;Patatas;5608.87;5151.97;0.92;75.7;2.54;2.33;2019-09-01;Pre-covid;Pre-covid
2019;09;Canarias;Patatas frescas;4525.21;4025.0;0.89;67.46;2.05;1.82;2019-09-01;Pre-covid;Pre-covid
2019;09;Canarias;Patatas congeladas;367.48;448.89;1.22;15.83;0.17;0.2;2019-09-01;Pre-covid;Pre-covid
2019;09;Canarias;Patatas procesadas;143.24;678.07;4.73;36.69;0.06;0.31;2019-09-01;Pre-covid;Pre-covid
2019;09;Canarias;Patatas fritas;109.84;634.56;5.78;34.18;0.05;0.29;2019-09-01;Pre-covid;Pre-covid
2019;09;Canarias;Hortalizas frescas;8273.26;16263.07;1.97;97.01;3.75;7.36;2019-09-01;Pre-covid;Pre-covid
2019;09;Canarias;Omates;1938.11;3219.9;1.66;78.86;0.88;1.46;2019-09-01;Pre-covid;Pre-covid
2019;09;Canarias;Cebollas;1116.34;1359.44;1.22;73.06;0.51;0.62;2019-09-01;Pre-covid;Pre-covid
2019;09;Canarias;Ajos;89.88;348.58;3.88;38.7;0.04;0.16;2019-09-01;Pre-covid;Pre-covid
2019;09;Canarias;Coles;188.92;270.25;1.43;18.38;0.09;0.12;2019-09-01;Pre-covid;Pre-covid
2019;09;Canarias;Pepinos;300.41;500.83;1.67;44.14;0.14;0.23;2019-09-01;Pre-covid;Pre-covid
2019;09;Canarias;Judias verdes;155.34;326.35;2.1;21.71;0.07;0.15;2019-09-01;Pre-covid;Pre-covid
2019;09;Canarias;Pimientos;684.31;1270.34;1.86;78.0;0.31;0.58;2019-09-01;Pre-covid;Pre-covid
2019;09;Canarias;Champiñoneso setas;150.11;720.75;4.8;38.44;0.07;0.33;2019-09-01;Pre-covid;Pre-covid
2019;09;Canarias;Lechuga/esc /endivia;455.53;1504.53;3.3;64.5;0.21;0.68;2019-09-01;Pre-covid;Pre-covid
2019;09;Canarias;Esparragos;6.51;40.71;6.25;2.12;0.0;0.02;2019-09-01;Pre-covid;Pre-covid
2019;09;Canarias;Verduras de hoja;62.31;211.35;3.39;16.39;0.03;0.1;2019-09-01;Pre-covid;Pre-covid
2019;09;Canarias;Berenjenas;195.12;275.4;1.41;18.95;0.09;0.12;2019-09-01;Pre-covid;Pre-covid
2019;09;Canarias;Zanahorias;613.91;646.02;1.05;66.26;0.28;0.29;2019-09-01;Pre-covid;Pre-covid
2019;09;Canarias;Calabacines;887.11;1444.44;1.63;58.54;0.4;0.65;2019-09-01;Pre-covid;Pre-covid
2019;09;Canarias;Otr hortalizas/verd ;1429.35;4124.17;2.89;77.32;0.65;1.87;2019-09-01;Pre-covid;Pre-covid
2019;09;Canarias;Brocoli;93.87;185.61;1.98;7.06;0.04;0.08;2019-09-01;Pre-covid;Pre-covid
2019;09;Canarias;Alcachofas;0.0;0.0;0.0;0.0;0.0;0.0;2019-09-01;Pre-covid;Pre-covid
2019;09;Canarias;Apio;79.7;147.9;1.86;7.35;0.04;0.07;2019-09-01;Pre-covid;Pre-covid
2019;09;Canarias;Coliflor;36.37;93.89;2.58;2.82;0.02;0.04;2019-09-01;Pre-covid;Pre-covid
2019;09;Canarias;Verd /hort  iv gama;1430.79;3658.41;2.56;70.39;0.65;1.66;2019-09-01;Pre-covid;Pre-covid
2019;09;Canarias;Puerro;103.69;269.82;2.6;29.68;0.05;0.12;2019-09-01;Pre-covid;Pre-covid
2019;09;Cantabria;Patatas;1379.45;1231.8;0.89;76.57;2.45;2.19;2019-09-01;Pre-covid;Pre-covid
2019;09;Cantabria;Patatas frescas;965.69;832.98;0.86;52.74;1.71;1.48;2019-09-01;Pre-covid;Pre-covid
2019;09;Cantabria;Patatas congeladas;96.31;129.41;1.34;12.58;0.17;0.23;2019-09-01;Pre-covid;Pre-covid
2019;09;Cantabria;Patatas procesadas;63.49;269.41;4.24;42.03;0.11;0.48;2019-09-01;Pre-covid;Pre-covid
2019;09;Cantabria;Patatas fritas;39.13;238.43;6.09;40.0;0.07;0.42;2019-09-01;Pre-covid;Pre-covid
2019;09;Cantabria;Hortalizas frescas;1948.92;3984.28;2.04;92.59;3.46;7.07;2019-09-01;Pre-covid;Pre-covid
2019;09;Cantabria;Omates;372.58;714.54;1.92;63.8;0.66;1.27;2019-09-01;Pre-covid;Pre-covid
2019;09;Cantabria;Cebollas;283.84;330.74;1.17;62.92;0.5;0.59;2019-09-01;Pre-covid;Pre-covid
2019;09;Cantabria;Ajos;23.62;99.42;4.21;22.24;0.04;0.18;2019-09-01;Pre-covid;Pre-covid
2019;09;Cantabria;Coles;8.18;49.21;6.02;8.42;0.01;0.09;2019-09-01;Pre-covid;Pre-covid
2019;09;Cantabria;Pepinos;129.91;141.94;1.09;40.58;0.23;0.25;2019-09-01;Pre-covid;Pre-covid
2019;09;Cantabria;Judias verdes;143.41;602.55;4.2;16.57;0.25;1.07;2019-09-01;Pre-covid;Pre-covid
2019;09;Cantabria;Pimientos;158.06;320.42;2.03;62.2;0.28;0.57;2019-09-01;Pre-covid;Pre-covid
2019;09;Cantabria;Champiñoneso setas;33.3;130.45;3.92;25.17;0.06;0.23;2019-09-01;Pre-covid;Pre-covid
2019;09;Cantabria;Lechuga/esc /endivia;127.68;352.15;2.76;56.24;0.23;0.62;2019-09-01;Pre-covid;Pre-covid
2019;09;Cantabria;Esparragos;2.22;10.31;4.64;2.77;0.0;0.02;2019-09-01;Pre-covid;Pre-covid
2019;09;Cantabria;Verduras de hoja;14.3;45.36;3.17;11.14;0.03;0.08;2019-09-01;Pre-covid;Pre-covid
2019;09;Cantabria;Berenjenas;37.02;63.64;1.72;17.98;0.07;0.11;2019-09-01;Pre-covid;Pre-covid
2019;09;Cantabria;Zanahorias;200.3;151.38;0.76;62.21;0.36;0.27;2019-09-01;Pre-covid;Pre-covid
2019;09;Cantabria;Calabacines;174.41;240.36;1.38;30.84;0.31;0.43;2019-09-01;Pre-covid;Pre-covid
2019;09;Cantabria;Otr hortalizas/verd ;240.08;731.79;3.05;63.5;0.43;1.3;2019-09-01;Pre-covid;Pre-covid
2019;09;Cantabria;Brocoli;17.02;42.55;2.5;5.94;0.03;0.08;2019-09-01;Pre-covid;Pre-covid
2019;09;Cantabria;Alcachofas;0.0;0.0;0.0;0.0;0.0;0.0;2019-09-01;Pre-covid;Pre-covid
2019;09;Cantabria;Apio;0.8;2.65;3.3;1.26;0.0;0.0;2019-09-01;Pre-covid;Pre-covid
2019;09;Cantabria;Coliflor;13.89;32.48;2.34;2.52;0.02;0.06;2019-09-01;Pre-covid;Pre-covid
2019;09;Cantabria;Verd /hort  iv gama;186.26;533.81;2.87;64.44;0.33;0.95;2019-09-01;Pre-covid;Pre-covid
2019;09;Cantabria;Puerro;39.88;157.46;3.95;34.03;0.07;0.28;2019-09-01;Pre-covid;Pre-covid
2019;09;Castilla la mancha;Patatas;3930.49;3698.38;0.94;72.04;1.88;1.76;2019-09-01;Pre-covid;Pre-covid
2019;09;Castilla la mancha;Patatas frescas;2870.36;2457.34;0.86;56.71;1.37;1.17;2019-09-01;Pre-covid;Pre-covid
2019;09;Castilla la mancha;Patatas congeladas;200.05;262.86;1.31;14.86;0.1;0.13;2019-09-01;Pre-covid;Pre-covid
2019;09;Castilla la mancha;Patatas procesadas;172.02;978.17;5.69;42.73;0.08;0.47;2019-09-01;Pre-covid;Pre-covid
2019;09;Castilla la mancha;Patatas fritas;160.29;951.39;5.94;42.44;0.08;0.45;2019-09-01;Pre-covid;Pre-covid
2019;09;Castilla la mancha;Hortalizas frescas;7020.13;12076.39;1.72;92.09;3.35;5.76;2019-09-01;Pre-covid;Pre-covid
2019;09;Castilla la mancha;Omates;2081.58;3159.39;1.52;77.4;0.99;1.51;2019-09-01;Pre-covid;Pre-covid
2019;09;Castilla la mancha;Cebollas;760.84;794.24;1.04;50.62;0.36;0.38;2019-09-01;Pre-covid;Pre-covid
2019;09;Castilla la mancha;Ajos;111.76;404.11;3.62;22.18;0.05;0.19;2019-09-01;Pre-covid;Pre-covid
2019;09;Castilla la mancha;Coles;134.57;150.07;1.12;11.65;0.06;0.07;2019-09-01;Pre-covid;Pre-covid
2019;09;Castilla la mancha;Pepinos;492.83;627.71;1.27;41.5;0.24;0.3;2019-09-01;Pre-covid;Pre-covid
2019;09;Castilla la mancha;Judias verdes;199.76;684.75;3.43;23.11;0.1;0.33;2019-09-01;Pre-covid;Pre-covid
2019;09;Castilla la mancha;Pimientos;774.54;1367.46;1.77;48.13;0.37;0.65;2019-09-01;Pre-covid;Pre-covid
2019;09;Castilla la mancha;Champiñoneso setas;156.88;580.78;3.7;36.39;0.07;0.28;2019-09-01;Pre-covid;Pre-covid
2019;09;Castilla la mancha;Lechuga/esc /endivia;328.45;860.01;2.62;50.79;0.16;0.41;2019-09-01;Pre-covid;Pre-covid
2019;09;Castilla la mancha;Esparragos;35.13;137.34;3.91;8.03;0.02;0.07;2019-09-01;Pre-covid;Pre-covid
2019;09;Castilla la mancha;Verduras de hoja;141.95;381.57;2.69;17.92;0.07;0.18;2019-09-01;Pre-covid;Pre-covid
2019;09;Castilla la mancha;Berenjenas;196.93;281.45;1.43;29.01;0.09;0.13;2019-09-01;Pre-covid;Pre-covid
2019;09;Castilla la mancha;Zanahorias;426.65;352.13;0.83;50.75;0.2;0.17;2019-09-01;Pre-covid;Pre-covid
2019;09;Castilla la mancha;Calabacines;427.1;541.5;1.27;45.06;0.2;0.26;2019-09-01;Pre-covid;Pre-covid
2019;09;Castilla la mancha;Otr hortalizas/verd ;751.15;1753.88;2.33;58.57;0.36;0.84;2019-09-01;Pre-covid;Pre-covid
2019;09;Castilla la mancha;Brocoli;77.07;193.63;2.51;12.75;0.04;0.09;2019-09-01;Pre-covid;Pre-covid
2019;09;Castilla la mancha;Alcachofas;11.5;40.09;3.49;1.57;0.01;0.02;2019-09-01;Pre-covid;Pre-covid
2019;09;Castilla la mancha;Apio;12.16;23.12;1.9;2.53;0.01;0.01;2019-09-01;Pre-covid;Pre-covid
2019;09;Castilla la mancha;Coliflor;61.7;132.81;2.15;5.31;0.03;0.06;2019-09-01;Pre-covid;Pre-covid
2019;09;Castilla la mancha;Verd /hort  iv gama;856.36;1832.27;2.14;52.83;0.41;0.87;2019-09-01;Pre-covid;Pre-covid
2019;09;Castilla la mancha;Puerro;116.18;323.72;2.79;30.2;0.06;0.15;2019-09-01;Pre-covid;Pre-covid
2019;09;Castilla leon;Patatas;5202.27;4662.28;0.9;70.18;2.16;1.94;2019-09-01;Pre-covid;Pre-covid
2019;09;Castilla leon;Patatas frescas;4169.45;3525.94;0.85;57.25;1.73;1.47;2019-09-01;Pre-covid;Pre-covid
2019;09;Castilla leon;Patatas congeladas;90.81;119.9;1.32;6.25;0.04;0.05;2019-09-01;Pre-covid;Pre-covid
2019;09;Castilla leon;Patatas procesadas;188.4;1016.44;5.4;38.92;0.08;0.42;2019-09-01;Pre-covid;Pre-covid
2019;09;Castilla leon;Patatas fritas;160.3;978.78;6.11;37.85;0.07;0.41;2019-09-01;Pre-covid;Pre-covid
2019;09;Castilla leon;Hortalizas frescas;14863.8;26344.6;1.77;93.1;6.18;10.96;2019-09-01;Pre-covid;Pre-covid
2019;09;Castilla leon;Omates;3980.79;6143.53;1.54;65.67;1.66;2.56;2019-09-01;Pre-covid;Pre-covid
2019;09;Castilla leon;Cebollas;1636.14;1923.68;1.18;67.84;0.68;0.8;2019-09-01;Pre-covid;Pre-covid
2019;09;Castilla leon;Ajos;118.02;499.18;4.23;28.58;0.05;0.21;2019-09-01;Pre-covid;Pre-covid
2019;09;Castilla leon;Coles;477.0;474.88;1.0;10.29;0.2;0.2;2019-09-01;Pre-covid;Pre-covid
2019;09;Castilla leon;Pepinos;442.82;520.03;1.17;31.61;0.18;0.22;2019-09-01;Pre-covid;Pre-covid
2019;09;Castilla leon;Judias verdes;673.87;2315.21;3.44;30.91;0.28;0.96;2019-09-01;Pre-covid;Pre-covid
2019;09;Castilla leon;Pimientos;3014.97;5657.14;1.88;56.6;1.25;2.35;2019-09-01;Pre-covid;Pre-covid
2019;09;Castilla leon;Champiñoneso setas;222.61;695.26;3.12;32.48;0.09;0.29;2019-09-01;Pre-covid;Pre-covid
2019;09;Castilla leon;Lechuga/esc /endivia;766.45;1902.68;2.48;52.16;0.32;0.79;2019-09-01;Pre-covid;Pre-covid
2019;09;Castilla leon;Esparragos;23.92;101.76;4.25;3.38;0.01;0.04;2019-09-01;Pre-covid;Pre-covid
2019;09;Castilla leon;Verduras de hoja;149.71;375.27;2.51;15.67;0.06;0.16;2019-09-01;Pre-covid;Pre-covid
2019;09;Castilla leon;Berenjenas;331.81;492.01;1.48;19.12;0.14;0.2;2019-09-01;Pre-covid;Pre-covid
2019;09;Castilla leon;Zanahorias;890.19;747.8;0.84;60.06;0.37;0.31;2019-09-01;Pre-covid;Pre-covid
2019;09;Castilla leon;Calabacines;1073.49;1555.92;1.45;43.06;0.45;0.65;2019-09-01;Pre-covid;Pre-covid
2019;09;Castilla leon;Otr hortalizas/verd ;1062.0;2940.24;2.77;56.03;0.44;1.22;2019-09-01;Pre-covid;Pre-covid
2019;09;Castilla leon;Brocoli;133.55;342.15;2.56;14.76;0.06;0.14;2019-09-01;Pre-covid;Pre-covid
2019;09;Castilla leon;Alcachofas;6.83;24.67;3.61;0.65;0.0;0.01;2019-09-01;Pre-covid;Pre-covid
2019;09;Castilla leon;Apio;38.62;67.15;1.74;8.16;0.02;0.03;2019-09-01;Pre-covid;Pre-covid
2019;09;Castilla leon;Coliflor;80.24;169.54;2.11;6.35;0.03;0.07;2019-09-01;Pre-covid;Pre-covid
2019;09;Castilla leon;Verd /hort  iv gama;1094.72;2666.65;2.44;55.83;0.46;1.11;2019-09-01;Pre-covid;Pre-covid
2019;09;Castilla leon;Puerro;326.42;904.54;2.77;25.16;0.14;0.38;2019-09-01;Pre-covid;Pre-covid
2019;09;Cataluña;Patatas;17074.46;16950.02;0.99;85.2;2.39;2.37;2019-09-01;Pre-covid;Pre-covid
2019;09;Cataluña;Patatas frescas;12130.29;11256.45;0.93;75.71;1.69;1.57;2019-09-01;Pre-covid;Pre-covid
2019;09;Cataluña;Patatas congeladas;459.68;724.67;1.58;10.95;0.06;0.1;2019-09-01;Pre-covid;Pre-covid
2019;09;Cataluña;Patatas procesadas;896.9;4968.9;5.54;50.8;0.13;0.69;2019-09-01;Pre-covid;Pre-covid
2019;09;Cataluña;Patatas fritas;729.29;4694.58;6.44;48.02;0.1;0.66;2019-09-01;Pre-covid;Pre-covid
2019;09;Cataluña;Hortalizas frescas;42030.01;81558.25;1.94;96.52;5.87;11.39;2019-09-01;Pre-covid;Pre-covid
2019;09;Cataluña;Omates;11922.52;20812.48;1.75;81.21;1.67;2.91;2019-09-01;Pre-covid;Pre-covid
2019;09;Cataluña;Cebollas;4531.51;5903.62;1.3;69.91;0.63;0.82;2019-09-01;Pre-covid;Pre-covid
2019;09;Cataluña;Ajos;347.49;1549.08;4.46;31.96;0.05;0.22;2019-09-01;Pre-covid;Pre-covid
2019;09;Cataluña;Coles;915.45;1164.25;1.27;17.06;0.13;0.16;2019-09-01;Pre-covid;Pre-covid
2019;09;Cataluña;Pepinos;1805.57;2416.46;1.34;41.17;0.25;0.34;2019-09-01;Pre-covid;Pre-covid
2019;09;Cataluña;Judias verdes;1526.68;5937.67;3.89;33.41;0.21;0.83;2019-09-01;Pre-covid;Pre-covid
2019;09;Cataluña;Pimientos;3582.33;6931.52;1.93;64.35;0.5;0.97;2019-09-01;Pre-covid;Pre-covid
2019;09;Cataluña;Champiñoneso setas;698.06;2884.31;4.13;39.67;0.1;0.4;2019-09-01;Pre-covid;Pre-covid
2019;09;Cataluña;Lechuga/esc /endivia;3132.85;8860.21;2.83;74.47;0.44;1.24;2019-09-01;Pre-covid;Pre-covid
2019;09;Cataluña;Esparragos;694.43;1173.92;1.69;12.24;0.1;0.16;2019-09-01;Pre-covid;Pre-covid
2019;09;Cataluña;Verduras de hoja;879.86;2273.03;2.58;29.01;0.12;0.32;2019-09-01;Pre-covid;Pre-covid
2019;09;Cataluña;Berenjenas;1930.84;2971.78;1.54;38.95;0.27;0.42;2019-09-01;Pre-covid;Pre-covid
2019;09;Cataluña;Zanahorias;2052.78;2235.06;1.09;56.91;0.29;0.31;2019-09-01;Pre-covid;Pre-covid
2019;09;Cataluña;Calabacines;2995.77;3793.32;1.27;56.52;0.42;0.53;2019-09-01;Pre-covid;Pre-covid
2019;09;Cataluña;Otr hortalizas/verd ;5013.86;12651.55;2.52;75.39;0.7;1.77;2019-09-01;Pre-covid;Pre-covid
2019;09;Cataluña;Brocoli;770.79;1646.08;2.14;21.51;0.11;0.23;2019-09-01;Pre-covid;Pre-covid
2019;09;Cataluña;Alcachofas;146.59;361.02;2.46;4.05;0.02;0.05;2019-09-01;Pre-covid;Pre-covid
2019;09;Cataluña;Apio;329.31;477.54;1.45;13.75;0.05;0.07;2019-09-01;Pre-covid;Pre-covid
2019;09;Cataluña;Coliflor;234.14;506.79;2.16;5.61;0.03;0.07;2019-09-01;Pre-covid;Pre-covid
2019;09;Cataluña;Verd /hort  iv gama;4859.98;13039.85;2.68;70.66;0.68;1.82;2019-09-01;Pre-covid;Pre-covid
2019;09;Cataluña;Puerro;587.71;1596.55;2.72;29.35;0.08;0.22;2019-09-01;Pre-covid;Pre-covid
2019;09;Extremadura;Patatas;2265.79;2289.47;1.01;73.16;1.92;1.95;2019-09-01;Pre-covid;Pre-covid
2019;09;Extremadura;Patatas frescas;1708.98;1659.14;0.97;62.21;1.45;1.41;2019-09-01;Pre-covid;Pre-covid
2019;09;Extremadura;Patatas congeladas;94.31;118.2;1.25;10.78;0.08;0.1;2019-09-01;Pre-covid;Pre-covid
2019;09;Extremadura;Patatas procesadas;92.5;512.12;5.54;47.58;0.08;0.44;2019-09-01;Pre-covid;Pre-covid
2019;09;Extremadura;Patatas fritas;84.66;500.48;5.91;45.91;0.07;0.43;2019-09-01;Pre-covid;Pre-covid
2019;09;Extremadura;Hortalizas frescas;8830.91;16082.21;1.82;96.2;7.5;13.66;2019-09-01;Pre-covid;Pre-covid
2019;09;Extremadura;Omates;3005.41;5243.31;1.74;79.02;2.55;4.45;2019-09-01;Pre-covid;Pre-covid
2019;09;Extremadura;Cebollas;714.27;903.9;1.27;60.33;0.61;0.77;2019-09-01;Pre-covid;Pre-covid
2019;09;Extremadura;Ajos;71.42;233.78;3.27;31.45;0.06;0.2;2019-09-01;Pre-covid;Pre-covid
2019;09;Extremadura;Coles;119.39;120.63;1.01;18.27;0.1;0.1;2019-09-01;Pre-covid;Pre-covid
2019;09;Extremadura;Pepinos;413.84;593.5;1.43;36.45;0.35;0.5;2019-09-01;Pre-covid;Pre-covid
2019;09;Extremadura;Judias verdes;243.01;747.19;3.07;23.01;0.21;0.63;2019-09-01;Pre-covid;Pre-covid
2019;09;Extremadura;Pimientos;1146.19;2338.51;2.04;51.63;0.97;1.99;2019-09-01;Pre-covid;Pre-covid
2019;09;Extremadura;Champiñoneso setas;79.15;342.73;4.33;31.41;0.07;0.29;2019-09-01;Pre-covid;Pre-covid
2019;09;Extremadura;Lechuga/esc /endivia;387.9;957.59;2.47;61.09;0.33;0.81;2019-09-01;Pre-covid;Pre-covid
2019;09;Extremadura;Esparragos;15.52;59.1;3.81;4.86;0.01;0.05;2019-09-01;Pre-covid;Pre-covid
2019;09;Extremadura;Verduras de hoja;267.61;515.9;1.93;29.62;0.23;0.44;2019-09-01;Pre-covid;Pre-covid
2019;09;Extremadura;Berenjenas;310.76;483.8;1.56;21.95;0.26;0.41;2019-09-01;Pre-covid;Pre-covid
2019;09;Extremadura;Zanahorias;490.34;588.34;1.2;48.87;0.42;0.5;2019-09-01;Pre-covid;Pre-covid
2019;09;Extremadura;Calabacines;580.29;832.18;1.43;45.83;0.49;0.71;2019-09-01;Pre-covid;Pre-covid
2019;09;Extremadura;Otr hortalizas/verd ;985.81;2121.74;2.15;60.36;0.84;1.8;2019-09-01;Pre-covid;Pre-covid
2019;09;Extremadura;Brocoli;60.81;114.84;1.89;10.57;0.05;0.1;2019-09-01;Pre-covid;Pre-covid
2019;09;Extremadura;Alcachofas;0.0;0.0;0.0;0.0;0.0;0.0;2019-09-01;Pre-covid;Pre-covid
2019;09;Extremadura;Apio;15.47;25.2;1.63;6.67;0.01;0.02;2019-09-01;Pre-covid;Pre-covid
2019;09;Extremadura;Coliflor;74.2;169.78;2.29;13.31;0.06;0.14;2019-09-01;Pre-covid;Pre-covid
2019;09;Extremadura;Verd /hort  iv gama;506.8;1191.53;2.35;69.14;0.43;1.01;2019-09-01;Pre-covid;Pre-covid
2019;09;Extremadura;Puerro;331.46;828.02;2.5;26.42;0.28;0.7;2019-09-01;Pre-covid;Pre-covid
2019;09;Galicia;Patatas;7165.2;6690.96;0.93;61.46;2.64;2.46;2019-09-01;Pre-covid;Pre-covid
2019;09;Galicia;Patatas frescas;5903.11;5323.56;0.9;46.72;2.17;1.96;2019-09-01;Pre-covid;Pre-covid
2019;09;Galicia;Patatas congeladas;171.21;235.78;1.38;8.49;0.06;0.09;2019-09-01;Pre-covid;Pre-covid
2019;09;Galicia;Patatas procesadas;218.18;1131.62;5.19;31.92;0.08;0.42;2019-09-01;Pre-covid;Pre-covid
2019;09;Galicia;Patatas fritas;162.51;1051.56;6.47;29.72;0.06;0.39;2019-09-01;Pre-covid;Pre-covid
2019;09;Galicia;Hortalizas frescas;16543.57;29860.31;1.8;91.75;6.09;10.99;2019-09-01;Pre-covid;Pre-covid
2019;09;Galicia;Omates;4961.22;7920.69;1.6;61.27;1.83;2.92;2019-09-01;Pre-covid;Pre-covid
2019;09;Galicia;Cebollas;1293.69;1671.22;1.29;52.41;0.48;0.62;2019-09-01;Pre-covid;Pre-covid
2019;09;Galicia;Ajos;148.58;614.34;4.13;29.28;0.05;0.23;2019-09-01;Pre-covid;Pre-covid
2019;09;Galicia;Coles;728.11;706.27;0.97;17.09;0.27;0.26;2019-09-01;Pre-covid;Pre-covid
2019;09;Galicia;Pepinos;384.22;500.34;1.3;23.03;0.14;0.18;2019-09-01;Pre-covid;Pre-covid
2019;09;Galicia;Judias verdes;605.64;1876.97;3.1;26.36;0.22;0.69;2019-09-01;Pre-covid;Pre-covid
2019;09;Galicia;Pimientos;2574.94;4919.93;1.91;51.71;0.95;1.81;2019-09-01;Pre-covid;Pre-covid
2019;09;Galicia;Champiñoneso setas;156.96;733.06;4.67;26.74;0.06;0.27;2019-09-01;Pre-covid;Pre-covid
2019;09;Galicia;Lechuga/esc /endivia;1063.19;2645.03;2.49;53.51;0.39;0.97;2019-09-01;Pre-covid;Pre-covid
2019;09;Galicia;Esparragos;44.83;115.79;2.58;4.32;0.02;0.04;2019-09-01;Pre-covid;Pre-covid
2019;09;Galicia;Verduras de hoja;578.78;1270.42;2.2;11.67;0.21;0.47;2019-09-01;Pre-covid;Pre-covid
2019;09;Galicia;Berenjenas;711.57;1129.87;1.59;19.9;0.26;0.42;2019-09-01;Pre-covid;Pre-covid
2019;09;Galicia;Zanahorias;839.98;880.0;1.05;56.55;0.31;0.32;2019-09-01;Pre-covid;Pre-covid
2019;09;Galicia;Calabacines;894.32;1426.81;1.6;30.25;0.33;0.53;2019-09-01;Pre-covid;Pre-covid
2019;09;Galicia;Otr hortalizas/verd ;1557.53;3449.59;2.21;57.23;0.57;1.27;2019-09-01;Pre-covid;Pre-covid
2019;09;Galicia;Brocoli;301.98;714.69;2.37;20.18;0.11;0.26;2019-09-01;Pre-covid;Pre-covid
2019;09;Galicia;Alcachofas;9.78;30.4;3.11;1.97;0.0;0.01;2019-09-01;Pre-covid;Pre-covid
2019;09;Galicia;Apio;31.01;38.94;1.26;2.75;0.01;0.01;2019-09-01;Pre-covid;Pre-covid
2019;09;Galicia;Coliflor;96.13;180.0;1.87;4.75;0.04;0.07;2019-09-01;Pre-covid;Pre-covid
2019;09;Galicia;Verd /hort  iv gama;1135.09;2766.83;2.44;43.59;0.42;1.02;2019-09-01;Pre-covid;Pre-covid
2019;09;Galicia;Puerro;296.73;817.09;2.75;21.99;0.11;0.3;2019-09-01;Pre-covid;Pre-covid
2019;09;La rioja;Patatas;420.54;441.38;1.05;58.08;1.3;1.36;2019-09-01;Pre-covid;Pre-covid
2019;09;La rioja;Patatas frescas;322.93;316.37;0.98;41.44;1.0;0.98;2019-09-01;Pre-covid;Pre-covid
2019;09;La rioja;Patatas congeladas;1.73;1.6;0.93;0.62;0.01;0.0;2019-09-01;Pre-covid;Pre-covid
2019;09;La rioja;Patatas procesadas;19.18;123.42;6.44;31.67;0.06;0.38;2019-09-01;Pre-covid;Pre-covid
2019;09;La rioja;Patatas fritas;19.18;123.42;6.44;31.67;0.06;0.38;2019-09-01;Pre-covid;Pre-covid
2019;09;La rioja;Hortalizas frescas;1642.8;3202.48;1.95;94.41;5.07;9.88;2019-09-01;Pre-covid;Pre-covid
2019;09;La rioja;Omates;628.12;767.67;1.22;47.58;1.94;2.37;2019-09-01;Pre-covid;Pre-covid
2019;09;La rioja;Cebollas;140.09;203.34;1.45;41.43;0.43;0.63;2019-09-01;Pre-covid;Pre-covid
2019;09;La rioja;Ajos;14.75;68.73;4.66;18.89;0.05;0.21;2019-09-01;Pre-covid;Pre-covid
2019;09;La rioja;Coles;7.31;7.31;1.0;2.58;0.02;0.02;2019-09-01;Pre-covid;Pre-covid
2019;09;La rioja;Pepinos;50.8;70.73;1.39;23.66;0.16;0.22;2019-09-01;Pre-covid;Pre-covid
2019;09;La rioja;Judias verdes;113.22;474.47;4.19;34.46;0.35;1.46;2019-09-01;Pre-covid;Pre-covid
2019;09;La rioja;Pimientos;124.52;278.45;2.24;52.45;0.38;0.86;2019-09-01;Pre-covid;Pre-covid
2019;09;La rioja;Champiñoneso setas;30.14;129.29;4.29;40.36;0.09;0.4;2019-09-01;Pre-covid;Pre-covid
2019;09;La rioja;Lechuga/esc /endivia;145.45;394.7;2.71;69.69;0.45;1.22;2019-09-01;Pre-covid;Pre-covid
2019;09;La rioja;Esparragos;2.6;6.49;2.5;5.76;0.01;0.02;2019-09-01;Pre-covid;Pre-covid
2019;09;La rioja;Verduras de hoja;35.55;102.25;2.88;11.91;0.11;0.32;2019-09-01;Pre-covid;Pre-covid
2019;09;La rioja;Berenjenas;47.54;74.19;1.56;13.73;0.15;0.23;2019-09-01;Pre-covid;Pre-covid
2019;09;La rioja;Zanahorias;58.69;54.12;0.92;46.44;0.18;0.17;2019-09-01;Pre-covid;Pre-covid
2019;09;La rioja;Calabacines;93.92;131.4;1.4;39.1;0.29;0.41;2019-09-01;Pre-covid;Pre-covid
2019;09;La rioja;Otr hortalizas/verd ;150.11;439.34;2.93;52.79;0.46;1.36;2019-09-01;Pre-covid;Pre-covid
2019;09;La rioja;Brocoli;4.51;13.03;2.89;3.62;0.01;0.04;2019-09-01;Pre-covid;Pre-covid
2019;09;La rioja;Alcachofas;0.0;0.0;0.0;0.0;0.0;0.0;2019-09-01;Pre-covid;Pre-covid
2019;09;La rioja;Apio;7.44;12.37;1.66;4.96;0.02;0.04;2019-09-01;Pre-covid;Pre-covid
2019;09;La rioja;Coliflor;0.0;0.0;0.0;0.0;0.0;0.0;2019-09-01;Pre-covid;Pre-covid
2019;09;La rioja;Verd /hort  iv gama;43.75;199.81;4.57;39.21;0.14;0.62;2019-09-01;Pre-covid;Pre-covid
2019;09;La rioja;Puerro;18.72;61.48;3.28;26.9;0.06;0.19;2019-09-01;Pre-covid;Pre-covid
2019;09;Madrid;Patatas;13475.61;12418.83;0.92;79.57;2.13;1.96;2019-09-01;Pre-covid;Pre-covid
2019;09;Madrid;Patatas frescas;9602.09;8318.4;0.87;67.97;1.52;1.31;2019-09-01;Pre-covid;Pre-covid
2019;09;Madrid;Patatas congeladas;362.73;501.75;1.38;8.8;0.06;0.08;2019-09-01;Pre-covid;Pre-covid
2019;09;Madrid;Patatas procesadas;702.16;3598.68;5.13;47.03;0.11;0.57;2019-09-01;Pre-covid;Pre-covid
2019;09;Madrid;Patatas fritas;545.66;3345.25;6.13;44.73;0.09;0.53;2019-09-01;Pre-covid;Pre-covid
2019;09;Madrid;Hortalizas frescas;27354.06;50809.77;1.86;95.14;4.32;8.03;2019-09-01;Pre-covid;Pre-covid
2019;09;Madrid;Omates;6941.13;11325.57;1.63;80.05;1.1;1.79;2019-09-01;Pre-covid;Pre-covid
2019;09;Madrid;Cebollas;3075.67;3921.45;1.27;66.58;0.49;0.62;2019-09-01;Pre-covid;Pre-covid
2019;09;Madrid;Ajos;253.3;1159.71;4.58;29.7;0.04;0.18;2019-09-01;Pre-covid;Pre-covid
2019;09;Madrid;Coles;648.06;813.42;1.26;19.42;0.1;0.13;2019-09-01;Pre-covid;Pre-covid
2019;09;Madrid;Pepinos;1299.88;1612.42;1.24;38.89;0.21;0.25;2019-09-01;Pre-covid;Pre-covid
2019;09;Madrid;Judias verdes;806.95;2426.34;3.01;31.15;0.13;0.38;2019-09-01;Pre-covid;Pre-covid
2019;09;Madrid;Pimientos;2433.22;4586.39;1.88;65.69;0.38;0.72;2019-09-01;Pre-covid;Pre-covid
2019;09;Madrid;Champiñoneso setas;582.38;2264.54;3.89;37.84;0.09;0.36;2019-09-01;Pre-covid;Pre-covid
2019;09;Madrid;Lechuga/esc /endivia;1606.91;4871.8;3.03;64.06;0.25;0.77;2019-09-01;Pre-covid;Pre-covid
2019;09;Madrid;Esparragos;194.51;700.34;3.6;10.35;0.03;0.11;2019-09-01;Pre-covid;Pre-covid
2019;09;Madrid;Verduras de hoja;627.15;1707.9;2.72;29.47;0.1;0.27;2019-09-01;Pre-covid;Pre-covid
2019;09;Madrid;Berenjenas;700.91;1106.37;1.58;31.86;0.11;0.17;2019-09-01;Pre-covid;Pre-covid
2019;09;Madrid;Zanahorias;2209.41;2169.31;0.98;61.14;0.35;0.34;2019-09-01;Pre-covid;Pre-covid
2019;09;Madrid;Calabacines;2282.76;2822.98;1.24;57.55;0.36;0.45;2019-09-01;Pre-covid;Pre-covid
2019;09;Madrid;Otr hortalizas/verd ;3691.82;9321.2;2.52;70.62;0.58;1.47;2019-09-01;Pre-covid;Pre-covid
2019;09;Madrid;Brocoli;494.2;1097.68;2.22;20.87;0.08;0.17;2019-09-01;Pre-covid;Pre-covid
2019;09;Madrid;Alcachofas;37.16;111.56;3.0;2.35;0.01;0.02;2019-09-01;Pre-covid;Pre-covid
2019;09;Madrid;Apio;102.21;188.27;1.84;8.05;0.02;0.03;2019-09-01;Pre-covid;Pre-covid
2019;09;Madrid;Coliflor;202.64;449.0;2.22;6.86;0.03;0.07;2019-09-01;Pre-covid;Pre-covid
2019;09;Madrid;Verd /hort  iv gama;3060.42;9098.98;2.97;68.45;0.48;1.44;2019-09-01;Pre-covid;Pre-covid
2019;09;Madrid;Puerro;714.04;1738.76;2.44;33.58;0.11;0.27;2019-09-01;Pre-covid;Pre-covid
2019;09;Murcia;Patatas;2889.66;2646.36;0.92;80.0;2.01;1.84;2019-09-01;Pre-covid;Pre-covid
2019;09;Murcia;Patatas frescas;2054.09;1680.77;0.82;65.25;1.43;1.17;2019-09-01;Pre-covid;Pre-covid
2019;09;Murcia;Patatas congeladas;126.29;144.65;1.15;12.07;0.09;0.1;2019-09-01;Pre-covid;Pre-covid
2019;09;Murcia;Patatas procesadas;141.86;820.94;5.79;54.29;0.1;0.57;2019-09-01;Pre-covid;Pre-covid
2019;09;Murcia;Patatas fritas;129.34;798.4;6.17;54.15;0.09;0.55;2019-09-01;Pre-covid;Pre-covid
2019;09;Murcia;Hortalizas frescas;5911.91;10594.79;1.79;94.47;4.11;7.36;2019-09-01;Pre-covid;Pre-covid
2019;09;Murcia;Omates;1630.86;2554.57;1.57;78.36;1.13;1.77;2019-09-01;Pre-covid;Pre-covid
2019;09;Murcia;Cebollas;675.12;742.53;1.1;70.83;0.47;0.52;2019-09-01;Pre-covid;Pre-covid
2019;09;Murcia;Ajos;56.13;186.52;3.32;22.39;0.04;0.13;2019-09-01;Pre-covid;Pre-covid
2019;09;Murcia;Coles;85.82;111.18;1.3;13.13;0.06;0.08;2019-09-01;Pre-covid;Pre-covid
2019;09;Murcia;Pepinos;333.46;423.38;1.27;47.6;0.23;0.29;2019-09-01;Pre-covid;Pre-covid
2019;09;Murcia;Judias verdes;109.35;454.85;4.16;34.35;0.08;0.32;2019-09-01;Pre-covid;Pre-covid
2019;09;Murcia;Pimientos;572.06;960.65;1.68;55.33;0.4;0.67;2019-09-01;Pre-covid;Pre-covid
2019;09;Murcia;Champiñoneso setas;129.36;606.21;4.69;37.46;0.09;0.42;2019-09-01;Pre-covid;Pre-covid
2019;09;Murcia;Lechuga/esc /endivia;442.45;1181.59;2.67;61.3;0.31;0.82;2019-09-01;Pre-covid;Pre-covid
2019;09;Murcia;Esparragos;36.99;138.2;3.74;10.62;0.03;0.1;2019-09-01;Pre-covid;Pre-covid
2019;09;Murcia;Verduras de hoja;86.38;214.5;2.48;18.26;0.06;0.15;2019-09-01;Pre-covid;Pre-covid
2019;09;Murcia;Berenjenas;340.1;555.35;1.63;38.01;0.24;0.39;2019-09-01;Pre-covid;Pre-covid
2019;09;Murcia;Zanahorias;329.96;292.29;0.89;48.53;0.23;0.2;2019-09-01;Pre-covid;Pre-covid
2019;09;Murcia;Calabacines;452.65;608.55;1.34;54.63;0.31;0.42;2019-09-01;Pre-covid;Pre-covid
2019;09;Murcia;Otr hortalizas/verd ;631.21;1564.42;2.48;66.28;0.44;1.09;2019-09-01;Pre-covid;Pre-covid
2019;09;Murcia;Brocoli;128.32;220.49;1.72;20.09;0.09;0.15;2019-09-01;Pre-covid;Pre-covid
2019;09;Murcia;Alcachofas;21.43;61.19;2.86;4.88;0.01;0.04;2019-09-01;Pre-covid;Pre-covid
2019;09;Murcia;Apio;46.38;74.81;1.61;17.09;0.03;0.05;2019-09-01;Pre-covid;Pre-covid
2019;09;Murcia;Coliflor;49.78;119.86;2.41;9.06;0.03;0.08;2019-09-01;Pre-covid;Pre-covid
2019;09;Murcia;Verd /hort  iv gama;691.03;1741.35;2.52;62.27;0.48;1.21;2019-09-01;Pre-covid;Pre-covid
2019;09;Murcia;Puerro;49.82;157.16;3.15;23.73;0.03;0.11;2019-09-01;Pre-covid;Pre-covid
2019;09;Navarra;Patatas;2238.34;2223.35;0.99;79.68;3.74;3.72;2019-09-01;Pre-covid;Pre-covid
2019;09;Navarra;Patatas frescas;1928.67;1821.97;0.94;61.37;3.23;3.05;2019-09-01;Pre-covid;Pre-covid
2019;09;Navarra;Patatas congeladas;12.27;12.54;1.02;2.71;0.02;0.02;2019-09-01;Pre-covid;Pre-covid
2019;09;Navarra;Patatas procesadas;59.48;388.85;6.54;41.33;0.1;0.65;2019-09-01;Pre-covid;Pre-covid
2019;09;Navarra;Patatas fritas;48.87;373.76;7.65;39.69;0.08;0.63;2019-09-01;Pre-covid;Pre-covid
2019;09;Navarra;Hortalizas frescas;3008.2;5829.55;1.94;91.76;5.03;9.75;2019-09-01;Pre-covid;Pre-covid
2019;09;Navarra;Omates;879.3;1564.13;1.78;50.66;1.47;2.62;2019-09-01;Pre-covid;Pre-covid
2019;09;Navarra;Cebollas;227.28;328.73;1.45;56.95;0.38;0.55;2019-09-01;Pre-covid;Pre-covid
2019;09;Navarra;Ajos;18.41;88.12;4.79;23.93;0.03;0.15;2019-09-01;Pre-covid;Pre-covid
2019;09;Navarra;Coles;42.28;80.92;1.91;12.68;0.07;0.14;2019-09-01;Pre-covid;Pre-covid
2019;09;Navarra;Pepinos;146.16;198.41;1.36;25.08;0.24;0.33;2019-09-01;Pre-covid;Pre-covid
2019;09;Navarra;Judias verdes;157.76;583.89;3.7;36.24;0.26;0.98;2019-09-01;Pre-covid;Pre-covid
2019;09;Navarra;Pimientos;347.52;699.63;2.01;51.31;0.58;1.17;2019-09-01;Pre-covid;Pre-covid
2019;09;Navarra;Champiñoneso setas;46.73;229.68;4.91;38.55;0.08;0.38;2019-09-01;Pre-covid;Pre-covid
2019;09;Navarra;Lechuga/esc /endivia;190.9;490.51;2.57;59.84;0.32;0.82;2019-09-01;Pre-covid;Pre-covid
2019;09;Navarra;Esparragos;16.74;21.29;1.27;1.87;0.03;0.04;2019-09-01;Pre-covid;Pre-covid
2019;09;Navarra;Verduras de hoja;44.63;91.58;2.05;18.71;0.07;0.15;2019-09-01;Pre-covid;Pre-covid
2019;09;Navarra;Berenjenas;80.09;107.58;1.34;23.65;0.13;0.18;2019-09-01;Pre-covid;Pre-covid
2019;09;Navarra;Zanahorias;153.57;139.78;0.91;47.23;0.26;0.23;2019-09-01;Pre-covid;Pre-covid
2019;09;Navarra;Calabacines;250.88;361.19;1.44;51.82;0.42;0.6;2019-09-01;Pre-covid;Pre-covid
2019;09;Navarra;Otr hortalizas/verd ;405.93;844.11;2.08;57.46;0.68;1.41;2019-09-01;Pre-covid;Pre-covid
2019;09;Navarra;Brocoli;105.6;115.66;1.1;21.71;0.18;0.19;2019-09-01;Pre-covid;Pre-covid
2019;09;Navarra;Alcachofas;1.89;6.61;3.49;1.0;0.0;0.01;2019-09-01;Pre-covid;Pre-covid
2019;09;Navarra;Apio;6.67;11.78;1.77;3.13;0.01;0.02;2019-09-01;Pre-covid;Pre-covid
2019;09;Navarra;Coliflor;3.29;4.1;1.25;1.27;0.01;0.01;2019-09-01;Pre-covid;Pre-covid
2019;09;Navarra;Verd /hort  iv gama;301.23;751.46;2.49;58.42;0.5;1.26;2019-09-01;Pre-covid;Pre-covid
2019;09;Navarra;Puerro;59.55;160.32;2.69;16.37;0.1;0.27;2019-09-01;Pre-covid;Pre-covid
2019;09;Pais vasco;Patatas;4795.15;4442.95;0.93;81.89;2.27;2.1;2019-09-01;Pre-covid;Pre-covid
2019;09;Pais vasco;Patatas frescas;3631.76;3338.56;0.92;68.66;1.72;1.58;2019-09-01;Pre-covid;Pre-covid
2019;09;Pais vasco;Patatas congeladas;91.77;124.68;1.36;6.41;0.04;0.06;2019-09-01;Pre-covid;Pre-covid
2019;09;Pais vasco;Patatas procesadas;214.32;979.72;4.57;35.38;0.1;0.46;2019-09-01;Pre-covid;Pre-covid
2019;09;Pais vasco;Patatas fritas;132.76;871.46;6.56;32.43;0.06;0.41;2019-09-01;Pre-covid;Pre-covid
2019;09;Pais vasco;Hortalizas frescas;9998.24;20777.96;2.08;94.83;4.73;9.83;2019-09-01;Pre-covid;Pre-covid
2019;09;Pais vasco;Omates;2667.23;5241.75;1.97;68.98;1.26;2.48;2019-09-01;Pre-covid;Pre-covid
2019;09;Pais vasco;Cebollas;1287.16;1758.79;1.37;73.15;0.61;0.83;2019-09-01;Pre-covid;Pre-covid
2019;09;Pais vasco;Ajos;84.59;444.19;5.25;29.49;0.04;0.21;2019-09-01;Pre-covid;Pre-covid
2019;09;Pais vasco;Coles;159.0;200.26;1.26;11.03;0.08;0.09;2019-09-01;Pre-covid;Pre-covid
2019;09;Pais vasco;Pepinos;213.52;302.07;1.41;21.85;0.1;0.14;2019-09-01;Pre-covid;Pre-covid
2019;09;Pais vasco;Judias verdes;365.27;1295.76;3.55;33.59;0.17;0.61;2019-09-01;Pre-covid;Pre-covid
2019;09;Pais vasco;Pimientos;1228.05;2446.56;1.99;69.07;0.58;1.16;2019-09-01;Pre-covid;Pre-covid
2019;09;Pais vasco;Champiñoneso setas;210.75;986.2;4.68;42.17;0.1;0.47;2019-09-01;Pre-covid;Pre-covid
2019;09;Pais vasco;Lechuga/esc /endivia;869.23;2207.95;2.54;63.79;0.41;1.04;2019-09-01;Pre-covid;Pre-covid
2019;09;Pais vasco;Esparragos;34.85;201.26;5.78;4.86;0.02;0.1;2019-09-01;Pre-covid;Pre-covid
2019;09;Pais vasco;Verduras de hoja;169.28;455.84;2.69;16.33;0.08;0.22;2019-09-01;Pre-covid;Pre-covid
2019;09;Pais vasco;Berenjenas;171.45;321.91;1.88;22.31;0.08;0.15;2019-09-01;Pre-covid;Pre-covid
2019;09;Pais vasco;Zanahorias;692.29;638.61;0.92;66.91;0.33;0.3;2019-09-01;Pre-covid;Pre-covid
2019;09;Pais vasco;Calabacines;750.95;935.25;1.25;46.68;0.36;0.44;2019-09-01;Pre-covid;Pre-covid
2019;09;Pais vasco;Otr hortalizas/verd ;1094.63;3341.57;3.05;62.1;0.52;1.58;2019-09-01;Pre-covid;Pre-covid
2019;09;Pais vasco;Brocoli;209.08;380.73;1.82;18.53;0.1;0.18;2019-09-01;Pre-covid;Pre-covid
2019;09;Pais vasco;Alcachofas;1.13;3.46;3.05;0.42;0.0;0.0;2019-09-01;Pre-covid;Pre-covid
2019;09;Pais vasco;Apio;36.51;76.77;2.1;4.45;0.02;0.04;2019-09-01;Pre-covid;Pre-covid
2019;09;Pais vasco;Coliflor;106.72;230.81;2.16;10.96;0.05;0.11;2019-09-01;Pre-covid;Pre-covid
2019;09;Pais vasco;Verd /hort  iv gama;1028.11;3028.62;2.95;53.85;0.49;1.43;2019-09-01;Pre-covid;Pre-covid
2019;09;Pais vasco;Puerro;179.73;688.24;3.83;33.31;0.09;0.33;2019-09-01;Pre-covid;Pre-covid
2019;09;Valencia;Patatas;10448.96;10033.04;0.96;82.82;2.15;2.07;2019-09-01;Pre-covid;Pre-covid
2019;09;Valencia;Patatas frescas;7507.31;6734.76;0.9;75.23;1.55;1.39;2019-09-01;Pre-covid;Pre-covid
2019;09;Valencia;Patatas congeladas;423.88;563.73;1.33;13.48;0.09;0.12;2019-09-01;Pre-covid;Pre-covid
2019;09;Valencia;Patatas procesadas;503.55;2734.55;5.43;48.68;0.1;0.56;2019-09-01;Pre-covid;Pre-covid
2019;09;Valencia;Patatas fritas;459.88;2673.61;5.81;47.59;0.09;0.55;2019-09-01;Pre-covid;Pre-covid
2019;09;Valencia;Hortalizas frescas;24751.33;46379.65;1.87;95.99;5.1;9.55;2019-09-01;Pre-covid;Pre-covid
2019;09;Valencia;Omates;6585.86;10863.27;1.65;82.92;1.36;2.24;2019-09-01;Pre-covid;Pre-covid
2019;09;Valencia;Cebollas;2721.44;3157.94;1.16;66.92;0.56;0.65;2019-09-01;Pre-covid;Pre-covid
2019;09;Valencia;Ajos;159.39;655.13;4.11;22.95;0.03;0.13;2019-09-01;Pre-covid;Pre-covid
2019;09;Valencia;Coles;312.95;354.92;1.13;8.83;0.06;0.07;2019-09-01;Pre-covid;Pre-covid
2019;09;Valencia;Pepinos;1179.92;1520.57;1.29;53.58;0.24;0.31;2019-09-01;Pre-covid;Pre-covid
2019;09;Valencia;Judias verdes;1024.28;3693.67;3.61;38.34;0.21;0.76;2019-09-01;Pre-covid;Pre-covid
2019;09;Valencia;Pimientos;2163.0;4100.78;1.9;64.38;0.45;0.84;2019-09-01;Pre-covid;Pre-covid
2019;09;Valencia;Champiñoneso setas;594.01;2134.43;3.59;40.91;0.12;0.44;2019-09-01;Pre-covid;Pre-covid
2019;09;Valencia;Lechuga/esc /endivia;1739.63;4957.16;2.85;66.87;0.36;1.02;2019-09-01;Pre-covid;Pre-covid
2019;09;Valencia;Esparragos;208.91;672.05;3.22;12.73;0.04;0.14;2019-09-01;Pre-covid;Pre-covid
2019;09;Valencia;Verduras de hoja;581.97;1513.3;2.6;25.18;0.12;0.31;2019-09-01;Pre-covid;Pre-covid
2019;09;Valencia;Berenjenas;1084.52;1702.89;1.57;38.59;0.22;0.35;2019-09-01;Pre-covid;Pre-covid
2019;09;Valencia;Zanahorias;1479.6;1393.95;0.94;55.57;0.3;0.29;2019-09-01;Pre-covid;Pre-covid
2019;09;Valencia;Calabacines;1419.85;1806.97;1.27;52.09;0.29;0.37;2019-09-01;Pre-covid;Pre-covid
2019;09;Valencia;Otr hortalizas/verd ;3496.0;7852.62;2.25;74.18;0.72;1.62;2019-09-01;Pre-covid;Pre-covid
2019;09;Valencia;Brocoli;313.29;751.09;2.4;18.63;0.06;0.15;2019-09-01;Pre-covid;Pre-covid
2019;09;Valencia;Alcachofas;157.59;470.67;2.99;5.15;0.03;0.1;2019-09-01;Pre-covid;Pre-covid
2019;09;Valencia;Apio;207.52;268.75;1.3;14.07;0.04;0.06;2019-09-01;Pre-covid;Pre-covid
2019;09;Valencia;Coliflor;185.95;400.08;2.15;6.99;0.04;0.08;2019-09-01;Pre-covid;Pre-covid
2019;09;Valencia;Verd /hort  iv gama;2892.05;7643.73;2.64;71.64;0.6;1.57;2019-09-01;Pre-covid;Pre-covid
2019;09;Valencia;Puerro;268.82;798.05;2.97;26.44;0.06;0.16;2019-09-01;Pre-covid;Pre-covid
2019;09;Nacional;Frutas frescas;368526.43;550008.06;1.49;93.62;7.99;11.92;2019-09-01;Pre-covid;Pre-covid
2019;09;Nacional;Naranjas;27671.7;36293.66;1.31;30.6;0.6;0.79;2019-09-01;Pre-covid;Pre-covid
2019;09;Nacional;Mandarinas;3883.99;7310.99;1.88;16.44;0.08;0.16;2019-09-01;Pre-covid;Pre-covid
2019;09;Nacional;Limones;8766.0;15689.23;1.79;38.57;0.19;0.34;2019-09-01;Pre-covid;Pre-covid
2019;09;Nacional;Platanos;42305.7;65223.74;1.54;74.71;0.92;1.41;2019-09-01;Pre-covid;Pre-covid
2019;09;Nacional;Manzanas;32013.49;48397.38;1.51;58.91;0.69;1.05;2019-09-01;Pre-covid;Pre-covid
2019;09;Nacional;Peras;17765.1;28840.47;1.62;45.21;0.39;0.63;2019-09-01;Pre-covid;Pre-covid
2019;09;Nacional;Melocotones;30408.48;49953.17;1.64;52.5;0.66;1.08;2019-09-01;Pre-covid;Pre-covid
2019;09;Nacional;Nectarinas;18241.83;24546.66;1.35;42.99;0.4;0.53;2019-09-01;Pre-covid;Pre-covid
2019;09;Nacional;Albaricoques;690.31;1274.68;1.85;4.24;0.01;0.03;2019-09-01;Pre-covid;Pre-covid
2019;09;Nacional;Fresas/freson;1285.03;5327.0;4.15;6.8;0.03;0.12;2019-09-01;Pre-covid;Pre-covid
2019;09;Nacional;Melon;72376.22;63575.32;0.88;54.85;1.57;1.38;2019-09-01;Pre-covid;Pre-covid
2019;09;Nacional;Sandia;44201.5;34386.1;0.78;37.87;0.96;0.75;2019-09-01;Pre-covid;Pre-covid
2019;09;Nacional;Ciruelas;12280.22;20882.58;1.7;37.64;0.27;0.45;2019-09-01;Pre-covid;Pre-covid
2019;09;Nacional;Cerezas;231.87;766.81;3.31;1.65;0.01;0.02;2019-09-01;Pre-covid;Pre-covid
2019;09;Nacional;Uvas;16682.68;40126.76;2.41;39.19;0.36;0.87;2019-09-01;Pre-covid;Pre-covid
2019;09;Nacional;Kiwi;8352.27;29080.39;3.48;30.28;0.18;0.63;2019-09-01;Pre-covid;Pre-covid
2019;09;Nacional;Aguacate;4362.85;18114.93;4.15;24.81;0.09;0.39;2019-09-01;Pre-covid;Pre-covid
2019;09;Nacional;Piña;5233.46;7753.05;1.48;14.88;0.11;0.17;2019-09-01;Pre-covid;Pre-covid
2019;09;Nacional;Otras frutas frescas;21773.72;52465.14;2.41;49.56;0.47;1.14;2019-09-01;Pre-covid;Pre-covid
2019;09;Nacional;Pomelo;1140.69;2348.57;2.06;2.99;0.02;0.05;2019-09-01;Pre-covid;Pre-covid
2019;09;Nacional;Chirimoya;2.54;18.25;7.19;0.03;0.0;0.0;2019-09-01;Pre-covid;Pre-covid
2019;09;Nacional;Mango;4029.05;9294.81;2.31;15.46;0.09;0.2;2019-09-01;Pre-covid;Pre-covid
2019;09;Nacional;Frutas iv gama;15922.13;26625.57;1.67;27.54;0.35;0.58;2019-09-01;Pre-covid;Pre-covid
2019;09;Andalucia;Frutas frescas;62734.39;86738.06;1.38;92.76;7.23;9.99;2019-09-01;Pre-covid;Pre-covid
2019;09;Andalucia;Naranjas;3497.44;4493.13;1.28;28.36;0.4;0.52;2019-09-01;Pre-covid;Pre-covid
2019;09;Andalucia;Mandarinas;628.8;1244.63;1.98;16.78;0.07;0.14;2019-09-01;Pre-covid;Pre-covid
2019;09;Andalucia;Limones;1421.83;2532.67;1.78;37.19;0.16;0.29;2019-09-01;Pre-covid;Pre-covid
2019;09;Andalucia;Platanos;6900.45;10037.03;1.45;73.67;0.79;1.16;2019-09-01;Pre-covid;Pre-covid
2019;09;Andalucia;Manzanas;4961.19;7388.83;1.49;57.33;0.57;0.85;2019-09-01;Pre-covid;Pre-covid
2019;09;Andalucia;Peras;2380.96;3702.48;1.56;44.9;0.27;0.43;2019-09-01;Pre-covid;Pre-covid
2019;09;Andalucia;Melocotones;4203.36;6784.88;1.61;51.51;0.48;0.78;2019-09-01;Pre-covid;Pre-covid
2019;09;Andalucia;Nectarinas;2738.65;3581.23;1.31;37.51;0.32;0.41;2019-09-01;Pre-covid;Pre-covid
2019;09;Andalucia;Albaricoques;78.69;121.02;1.54;2.6;0.01;0.01;2019-09-01;Pre-covid;Pre-covid
2019;09;Andalucia;Fresas/freson;126.37;484.61;3.83;4.1;0.01;0.06;2019-09-01;Pre-covid;Pre-covid
2019;09;Andalucia;Melon;14980.22;12307.25;0.82;57.21;1.73;1.42;2019-09-01;Pre-covid;Pre-covid
2019;09;Andalucia;Sandia;9917.02;7572.3;0.76;38.86;1.14;0.87;2019-09-01;Pre-covid;Pre-covid
2019;09;Andalucia;Ciruelas;1839.78;2859.2;1.55;35.78;0.21;0.33;2019-09-01;Pre-covid;Pre-covid
2019;09;Andalucia;Cerezas;17.61;32.86;1.87;0.51;0.0;0.0;2019-09-01;Pre-covid;Pre-covid
2019;09;Andalucia;Uvas;2729.42;6593.68;2.42;40.63;0.31;0.76;2019-09-01;Pre-covid;Pre-covid
2019;09;Andalucia;Kiwi;1171.47;4217.61;3.6;25.08;0.13;0.49;2019-09-01;Pre-covid;Pre-covid
2019;09;Andalucia;Aguacate;660.65;2736.82;4.14;23.04;0.08;0.32;2019-09-01;Pre-covid;Pre-covid
2019;09;Andalucia;Piña;944.81;1279.15;1.35;15.58;0.11;0.15;2019-09-01;Pre-covid;Pre-covid
2019;09;Andalucia;Otras frutas frescas;3535.64;8768.7;2.48;51.9;0.41;1.01;2019-09-01;Pre-covid;Pre-covid
2019;09;Andalucia;Pomelo;120.8;229.3;1.9;2.07;0.01;0.03;2019-09-01;Pre-covid;Pre-covid
2019;09;Andalucia;Chirimoya;0.0;0.0;0.0;0.0;0.0;0.0;2019-09-01;Pre-covid;Pre-covid
2019;09;Andalucia;Mango;1003.3;2188.23;2.18;18.37;0.12;0.25;2019-09-01;Pre-covid;Pre-covid
2019;09;Andalucia;Frutas iv gama;2489.26;3934.91;1.58;28.0;0.29;0.45;2019-09-01;Pre-covid;Pre-covid
2019;09;Aragon;Frutas frescas;9921.38;13757.52;1.39;91.61;7.58;10.5;2019-09-01;Pre-covid;Pre-covid
2019;09;Aragon;Naranjas;691.03;916.83;1.33;26.63;0.53;0.7;2019-09-01;Pre-covid;Pre-covid
2019;09;Aragon;Mandarinas;102.61;203.57;1.98;13.28;0.08;0.16;2019-09-01;Pre-covid;Pre-covid
2019;09;Aragon;Limones;164.16;293.28;1.79;28.94;0.13;0.22;2019-09-01;Pre-covid;Pre-covid
2019;09;Aragon;Platanos;997.75;1487.08;1.49;68.33;0.76;1.14;2019-09-01;Pre-covid;Pre-covid
2019;09;Aragon;Manzanas;600.8;860.5;1.43;52.91;0.46;0.66;2019-09-01;Pre-covid;Pre-covid
2019;09;Aragon;Peras;415.31;620.51;1.49;45.64;0.32;0.47;2019-09-01;Pre-covid;Pre-covid
2019;09;Aragon;Melocotones;1194.76;1796.51;1.5;58.32;0.91;1.37;2019-09-01;Pre-covid;Pre-covid
2019;09;Aragon;Nectarinas;440.07;540.45;1.23;33.3;0.34;0.41;2019-09-01;Pre-covid;Pre-covid
2019;09;Aragon;Albaricoques;5.87;12.96;2.21;2.88;0.0;0.01;2019-09-01;Pre-covid;Pre-covid
2019;09;Aragon;Fresas/freson;14.81;54.4;3.67;3.01;0.01;0.04;2019-09-01;Pre-covid;Pre-covid
2019;09;Aragon;Melon;2626.63;2433.3;0.93;53.88;2.01;1.86;2019-09-01;Pre-covid;Pre-covid
2019;09;Aragon;Sandia;1223.36;977.94;0.8;30.12;0.93;0.75;2019-09-01;Pre-covid;Pre-covid
2019;09;Aragon;Ciruelas;211.45;348.94;1.65;28.54;0.16;0.27;2019-09-01;Pre-covid;Pre-covid
2019;09;Aragon;Cerezas;0.94;2.43;2.57;0.39;0.0;0.0;2019-09-01;Pre-covid;Pre-covid
2019;09;Aragon;Uvas;434.88;1041.58;2.4;42.38;0.33;0.8;2019-09-01;Pre-covid;Pre-covid
2019;09;Aragon;Kiwi;216.85;723.89;3.34;35.28;0.17;0.55;2019-09-01;Pre-covid;Pre-covid
2019;09;Aragon;Aguacate;97.42;433.13;4.45;27.84;0.07;0.33;2019-09-01;Pre-covid;Pre-covid
2019;09;Aragon;Piña;95.9;117.8;1.23;12.86;0.07;0.09;2019-09-01;Pre-covid;Pre-covid
2019;09;Aragon;Otras frutas frescas;386.77;892.42;2.31;45.32;0.3;0.68;2019-09-01;Pre-covid;Pre-covid
2019;09;Aragon;Pomelo;11.43;24.73;2.16;3.21;0.01;0.02;2019-09-01;Pre-covid;Pre-covid
2019;09;Aragon;Chirimoya;0.0;0.0;0.0;0.0;0.0;0.0;2019-09-01;Pre-covid;Pre-covid
2019;09;Aragon;Mango;48.18;145.18;3.01;14.47;0.04;0.11;2019-09-01;Pre-covid;Pre-covid
2019;09;Aragon;Frutas iv gama;400.04;577.59;1.44;19.61;0.31;0.44;2019-09-01;Pre-covid;Pre-covid
2019;09;Asturias;Frutas frescas;9433.73;14372.67;1.52;95.49;8.78;13.37;2019-09-01;Pre-covid;Pre-covid
2019;09;Asturias;Naranjas;928.4;1140.98;1.23;35.88;0.86;1.06;2019-09-01;Pre-covid;Pre-covid
2019;09;Asturias;Mandarinas;88.2;170.87;1.94;14.15;0.08;0.16;2019-09-01;Pre-covid;Pre-covid
2019;09;Asturias;Limones;148.66;317.09;2.13;24.87;0.14;0.3;2019-09-01;Pre-covid;Pre-covid
2019;09;Asturias;Platanos;1279.52;1884.31;1.47;80.17;1.19;1.75;2019-09-01;Pre-covid;Pre-covid
2019;09;Asturias;Manzanas;1252.92;1935.01;1.54;61.76;1.17;1.8;2019-09-01;Pre-covid;Pre-covid
2019;09;Asturias;Peras;524.58;839.92;1.6;43.05;0.49;0.78;2019-09-01;Pre-covid;Pre-covid
2019;09;Asturias;Melocotones;655.68;884.94;1.35;59.76;0.61;0.82;2019-09-01;Pre-covid;Pre-covid
2019;09;Asturias;Nectarinas;803.91;1122.33;1.4;56.61;0.75;1.04;2019-09-01;Pre-covid;Pre-covid
2019;09;Asturias;Albaricoques;26.62;35.64;1.34;6.51;0.02;0.03;2019-09-01;Pre-covid;Pre-covid
2019;09;Asturias;Fresas/freson;59.95;287.66;4.8;9.01;0.06;0.27;2019-09-01;Pre-covid;Pre-covid
2019;09;Asturias;Melon;1225.74;1184.61;0.97;46.31;1.14;1.1;2019-09-01;Pre-covid;Pre-covid
2019;09;Asturias;Sandia;802.51;668.38;0.83;34.41;0.75;0.62;2019-09-01;Pre-covid;Pre-covid
2019;09;Asturias;Ciruelas;331.63;616.78;1.86;42.53;0.31;0.57;2019-09-01;Pre-covid;Pre-covid
2019;09;Asturias;Cerezas;6.08;22.44;3.69;2.54;0.01;0.02;2019-09-01;Pre-covid;Pre-covid
2019;09;Asturias;Uvas;417.9;908.83;2.17;34.92;0.39;0.85;2019-09-01;Pre-covid;Pre-covid
2019;09;Asturias;Kiwi;246.52;780.4;3.17;30.83;0.23;0.73;2019-09-01;Pre-covid;Pre-covid
2019;09;Asturias;Aguacate;38.72;185.76;4.8;13.61;0.04;0.17;2019-09-01;Pre-covid;Pre-covid
2019;09;Asturias;Piña;133.46;337.06;2.53;14.09;0.12;0.31;2019-09-01;Pre-covid;Pre-covid
2019;09;Asturias;Otras frutas frescas;462.72;1049.67;2.27;59.06;0.43;0.98;2019-09-01;Pre-covid;Pre-covid
2019;09;Asturias;Pomelo;11.46;21.41;1.87;3.98;0.01;0.02;2019-09-01;Pre-covid;Pre-covid
2019;09;Asturias;Chirimoya;0.0;0.0;0.0;0.0;0.0;0.0;2019-09-01;Pre-covid;Pre-covid
2019;09;Asturias;Mango;35.15;111.22;3.16;10.8;0.03;0.1;2019-09-01;Pre-covid;Pre-covid
2019;09;Asturias;Frutas iv gama;368.96;625.12;1.69;33.86;0.34;0.58;2019-09-01;Pre-covid;Pre-covid
2019;09;Baleares;Frutas frescas;10393.88;15194.35;1.46;95.15;9.85;14.4;2019-09-01;Pre-covid;Pre-covid
2019;09;Baleares;Naranjas;405.25;501.69;1.24;25.3;0.38;0.48;2019-09-01;Pre-covid;Pre-covid
2019;09;Baleares;Mandarinas;31.74;71.11;2.24;8.62;0.03;0.07;2019-09-01;Pre-covid;Pre-covid
2019;09;Baleares;Limones;218.65;443.8;2.03;39.49;0.21;0.42;2019-09-01;Pre-covid;Pre-covid
2019;09;Baleares;Platanos;1180.39;1914.11;1.62;77.36;1.12;1.81;2019-09-01;Pre-covid;Pre-covid
2019;09;Baleares;Manzanas;836.69;1218.47;1.46;59.5;0.79;1.15;2019-09-01;Pre-covid;Pre-covid
2019;09;Baleares;Peras;377.57;609.61;1.61;44.76;0.36;0.58;2019-09-01;Pre-covid;Pre-covid
2019;09;Baleares;Melocotones;570.31;1099.51;1.93;50.69;0.54;1.04;2019-09-01;Pre-covid;Pre-covid
2019;09;Baleares;Nectarinas;434.28;603.11;1.39;43.25;0.41;0.57;2019-09-01;Pre-covid;Pre-covid
2019;09;Baleares;Albaricoques;24.58;39.66;1.61;9.42;0.02;0.04;2019-09-01;Pre-covid;Pre-covid
2019;09;Baleares;Fresas/freson;33.95;145.74;4.29;7.84;0.03;0.14;2019-09-01;Pre-covid;Pre-covid
2019;09;Baleares;Melon;2797.11;2213.73;0.79;64.13;2.65;2.1;2019-09-01;Pre-covid;Pre-covid
2019;09;Baleares;Sandia;1505.98;1125.33;0.75;36.25;1.43;1.07;2019-09-01;Pre-covid;Pre-covid
2019;09;Baleares;Ciruelas;462.82;1020.56;2.21;41.38;0.44;0.97;2019-09-01;Pre-covid;Pre-covid
2019;09;Baleares;Cerezas;10.12;58.48;5.78;3.63;0.01;0.06;2019-09-01;Pre-covid;Pre-covid
2019;09;Baleares;Uvas;428.81;1057.21;2.47;47.62;0.41;1.0;2019-09-01;Pre-covid;Pre-covid
2019;09;Baleares;Kiwi;268.79;1009.93;3.76;33.1;0.25;0.96;2019-09-01;Pre-covid;Pre-covid
2019;09;Baleares;Aguacate;160.47;662.85;4.13;31.81;0.15;0.63;2019-09-01;Pre-covid;Pre-covid
2019;09;Baleares;Piña;118.14;154.9;1.31;17.93;0.11;0.15;2019-09-01;Pre-covid;Pre-covid
2019;09;Baleares;Otras frutas frescas;528.24;1244.56;2.36;55.5;0.5;1.18;2019-09-01;Pre-covid;Pre-covid
2019;09;Baleares;Pomelo;31.31;63.08;2.01;3.03;0.03;0.06;2019-09-01;Pre-covid;Pre-covid
2019;09;Baleares;Chirimoya;0.0;0.0;0.0;0.0;0.0;0.0;2019-09-01;Pre-covid;Pre-covid
2019;09;Baleares;Mango;145.87;326.05;2.24;24.26;0.14;0.31;2019-09-01;Pre-covid;Pre-covid
2019;09;Baleares;Frutas iv gama;588.3;908.48;1.54;22.83;0.56;0.86;2019-09-01;Pre-covid;Pre-covid
2019;09;Canarias;Frutas frescas;16616.78;25876.62;1.56;94.57;7.52;11.71;2019-09-01;Pre-covid;Pre-covid
2019;09;Canarias;Naranjas;1664.29;2362.09;1.42;40.46;0.75;1.07;2019-09-01;Pre-covid;Pre-covid
2019;09;Canarias;Mandarinas;46.82;109.45;2.34;5.15;0.02;0.05;2019-09-01;Pre-covid;Pre-covid
2019;09;Canarias;Limones;470.79;737.03;1.57;52.17;0.21;0.33;2019-09-01;Pre-covid;Pre-covid
2019;09;Canarias;Platanos;2684.15;3541.02;1.32;79.64;1.22;1.6;2019-09-01;Pre-covid;Pre-covid
2019;09;Canarias;Manzanas;1791.1;2794.99;1.56;69.32;0.81;1.27;2019-09-01;Pre-covid;Pre-covid
2019;09;Canarias;Peras;1054.12;1639.54;1.56;60.54;0.48;0.74;2019-09-01;Pre-covid;Pre-covid
2019;09;Canarias;Melocotones;513.52;686.69;1.34;31.04;0.23;0.31;2019-09-01;Pre-covid;Pre-covid
2019;09;Canarias;Nectarinas;737.28;1012.18;1.37;41.62;0.33;0.46;2019-09-01;Pre-covid;Pre-covid
2019;09;Canarias;Albaricoques;2.55;5.18;2.03;0.67;0.0;0.0;2019-09-01;Pre-covid;Pre-covid
2019;09;Canarias;Fresas/freson;36.6;179.62;4.91;9.45;0.02;0.08;2019-09-01;Pre-covid;Pre-covid
2019;09;Canarias;Melon;1765.77;1799.57;1.02;50.12;0.8;0.81;2019-09-01;Pre-covid;Pre-covid
2019;09;Canarias;Sandia;2069.57;1501.84;0.73;49.29;0.94;0.68;2019-09-01;Pre-covid;Pre-covid
2019;09;Canarias;Ciruelas;649.3;946.75;1.46;38.49;0.29;0.43;2019-09-01;Pre-covid;Pre-covid
2019;09;Canarias;Cerezas;2.13;5.15;2.42;0.21;0.0;0.0;2019-09-01;Pre-covid;Pre-covid
2019;09;Canarias;Uvas;392.25;1059.55;2.7;36.07;0.18;0.48;2019-09-01;Pre-covid;Pre-covid
2019;09;Canarias;Kiwi;415.78;1375.12;3.31;28.72;0.19;0.62;2019-09-01;Pre-covid;Pre-covid
2019;09;Canarias;Aguacate;321.47;1483.02;4.61;29.24;0.15;0.67;2019-09-01;Pre-covid;Pre-covid
2019;09;Canarias;Piña;25.92;86.52;3.34;3.03;0.01;0.04;2019-09-01;Pre-covid;Pre-covid
2019;09;Canarias;Otras frutas frescas;1973.37;4551.32;2.31;53.25;0.89;2.06;2019-09-01;Pre-covid;Pre-covid
2019;09;Canarias;Pomelo;61.43;150.72;2.45;4.85;0.03;0.07;2019-09-01;Pre-covid;Pre-covid
2019;09;Canarias;Chirimoya;0.0;0.0;0.0;0.0;0.0;0.0;2019-09-01;Pre-covid;Pre-covid
2019;09;Canarias;Mango;554.7;1309.84;2.36;23.23;0.25;0.59;2019-09-01;Pre-covid;Pre-covid
2019;09;Canarias;Frutas iv gama;1224.42;1651.15;1.35;37.01;0.55;0.75;2019-09-01;Pre-covid;Pre-covid
2019;09;Cantabria;Frutas frescas;2998.26;4603.24;1.54;89.44;5.32;8.17;2019-09-01;Pre-covid;Pre-covid
2019;09;Cantabria;Naranjas;386.61;503.26;1.3;35.73;0.69;0.89;2019-09-01;Pre-covid;Pre-covid
2019;09;Cantabria;Mandarinas;56.64;97.56;1.72;21.98;0.1;0.17;2019-09-01;Pre-covid;Pre-covid
2019;09;Cantabria;Limones;55.47;114.88;2.07;29.06;0.1;0.2;2019-09-01;Pre-covid;Pre-covid
2019;09;Cantabria;Platanos;320.19;491.61;1.54;58.61;0.57;0.87;2019-09-01;Pre-covid;Pre-covid
2019;09;Cantabria;Manzanas;319.48;443.92;1.39;63.93;0.57;0.79;2019-09-01;Pre-covid;Pre-covid
2019;09;Cantabria;Peras;125.4;196.04;1.56;37.71;0.22;0.35;2019-09-01;Pre-covid;Pre-covid
2019;09;Cantabria;Melocotones;186.41;295.7;1.59;39.42;0.33;0.52;2019-09-01;Pre-covid;Pre-covid
2019;09;Cantabria;Nectarinas;284.71;349.73;1.23;68.53;0.51;0.62;2019-09-01;Pre-covid;Pre-covid
2019;09;Cantabria;Albaricoques;8.08;16.03;1.98;4.18;0.01;0.03;2019-09-01;Pre-covid;Pre-covid
2019;09;Cantabria;Fresas/freson;7.52;22.47;2.99;4.05;0.01;0.04;2019-09-01;Pre-covid;Pre-covid
2019;09;Cantabria;Melon;486.13;476.85;0.98;35.25;0.86;0.85;2019-09-01;Pre-covid;Pre-covid
2019;09;Cantabria;Sandia;230.07;165.39;0.72;23.7;0.41;0.29;2019-09-01;Pre-covid;Pre-covid
2019;09;Cantabria;Ciruelas;55.94;118.2;2.11;21.36;0.1;0.21;2019-09-01;Pre-covid;Pre-covid
2019;09;Cantabria;Cerezas;14.29;62.81;4.4;7.84;0.03;0.11;2019-09-01;Pre-covid;Pre-covid
2019;09;Cantabria;Uvas;94.52;227.34;2.41;27.98;0.17;0.4;2019-09-01;Pre-covid;Pre-covid
2019;09;Cantabria;Kiwi;135.72;499.6;3.68;35.43;0.24;0.89;2019-09-01;Pre-covid;Pre-covid
2019;09;Cantabria;Aguacate;36.5;138.76;3.8;23.43;0.06;0.25;2019-09-01;Pre-covid;Pre-covid
2019;09;Cantabria;Piña;46.75;64.7;1.38;13.15;0.08;0.11;2019-09-01;Pre-covid;Pre-covid
2019;09;Cantabria;Otras frutas frescas;147.83;318.38;2.15;36.79;0.26;0.56;2019-09-01;Pre-covid;Pre-covid
2019;09;Cantabria;Pomelo;7.37;17.47;2.37;3.07;0.01;0.03;2019-09-01;Pre-covid;Pre-covid
2019;09;Cantabria;Chirimoya;0.0;0.0;0.0;0.0;0.0;0.0;2019-09-01;Pre-covid;Pre-covid
2019;09;Cantabria;Mango;13.83;40.41;2.92;7.53;0.02;0.07;2019-09-01;Pre-covid;Pre-covid
2019;09;Cantabria;Frutas iv gama;205.75;242.25;1.18;22.85;0.37;0.43;2019-09-01;Pre-covid;Pre-covid
2019;09;Castilla la mancha;Frutas frescas;12860.63;17651.36;1.37;92.58;6.14;8.42;2019-09-01;Pre-covid;Pre-covid
2019;09;Castilla la mancha;Naranjas;880.01;1195.59;1.36;27.66;0.42;0.57;2019-09-01;Pre-covid;Pre-covid
2019;09;Castilla la mancha;Mandarinas;88.33;195.94;2.22;14.41;0.04;0.09;2019-09-01;Pre-covid;Pre-covid
2019;09;Castilla la mancha;Limones;353.5;584.05;1.65;38.14;0.17;0.28;2019-09-01;Pre-covid;Pre-covid
2019;09;Castilla la mancha;Platanos;1606.4;2620.16;1.63;71.14;0.77;1.25;2019-09-01;Pre-covid;Pre-covid
2019;09;Castilla la mancha;Manzanas;919.89;1327.15;1.44;60.46;0.44;0.63;2019-09-01;Pre-covid;Pre-covid
2019;09;Castilla la mancha;Peras;561.44;876.63;1.56;43.15;0.27;0.42;2019-09-01;Pre-covid;Pre-covid
2019;09;Castilla la mancha;Melocotones;1229.23;1909.84;1.55;49.63;0.59;0.91;2019-09-01;Pre-covid;Pre-covid
2019;09;Castilla la mancha;Nectarinas;570.35;784.54;1.38;42.26;0.27;0.37;2019-09-01;Pre-covid;Pre-covid
2019;09;Castilla la mancha;Albaricoques;26.52;58.15;2.19;2.93;0.01;0.03;2019-09-01;Pre-covid;Pre-covid
2019;09;Castilla la mancha;Fresas/freson;22.99;106.92;4.65;3.63;0.01;0.05;2019-09-01;Pre-covid;Pre-covid
2019;09;Castilla la mancha;Melon;2953.93;2410.36;0.82;52.65;1.41;1.15;2019-09-01;Pre-covid;Pre-covid
2019;09;Castilla la mancha;Sandia;1934.91;1389.86;0.72;42.41;0.92;0.66;2019-09-01;Pre-covid;Pre-covid
2019;09;Castilla la mancha;Ciruelas;366.51;548.16;1.5;32.32;0.17;0.26;2019-09-01;Pre-covid;Pre-covid
2019;09;Castilla la mancha;Cerezas;5.63;19.15;3.4;1.07;0.0;0.01;2019-09-01;Pre-covid;Pre-covid
2019;09;Castilla la mancha;Uvas;313.26;736.18;2.35;24.87;0.15;0.35;2019-09-01;Pre-covid;Pre-covid
2019;09;Castilla la mancha;Kiwi;274.67;938.2;3.42;23.06;0.13;0.45;2019-09-01;Pre-covid;Pre-covid
2019;09;Castilla la mancha;Aguacate;150.71;674.56;4.48;22.33;0.07;0.32;2019-09-01;Pre-covid;Pre-covid
2019;09;Castilla la mancha;Piña;119.51;179.23;1.5;10.75;0.06;0.09;2019-09-01;Pre-covid;Pre-covid
2019;09;Castilla la mancha;Otras frutas frescas;482.85;1096.69;2.27;40.63;0.23;0.52;2019-09-01;Pre-covid;Pre-covid
2019;09;Castilla la mancha;Pomelo;12.73;14.07;1.11;1.35;0.01;0.01;2019-09-01;Pre-covid;Pre-covid
2019;09;Castilla la mancha;Chirimoya;0.0;0.0;0.0;0.0;0.0;0.0;2019-09-01;Pre-covid;Pre-covid
2019;09;Castilla la mancha;Mango;38.2;91.12;2.39;5.33;0.02;0.04;2019-09-01;Pre-covid;Pre-covid
2019;09;Castilla la mancha;Frutas iv gama;379.46;636.69;1.68;35.09;0.18;0.3;2019-09-01;Pre-covid;Pre-covid
2019;09;Castilla leon;Frutas frescas;23888.0;35370.68;1.48;93.93;9.94;14.72;2019-09-01;Pre-covid;Pre-covid
2019;09;Castilla leon;Naranjas;1771.73;2183.34;1.23;38.59;0.74;0.91;2019-09-01;Pre-covid;Pre-covid
2019;09;Castilla leon;Mandarinas;161.92;307.86;1.9;16.39;0.07;0.13;2019-09-01;Pre-covid;Pre-covid
2019;09;Castilla leon;Limones;437.35;836.1;1.91;36.41;0.18;0.35;2019-09-01;Pre-covid;Pre-covid
2019;09;Castilla leon;Platanos;2174.6;3188.95;1.47;71.29;0.9;1.33;2019-09-01;Pre-covid;Pre-covid
2019;09;Castilla leon;Manzanas;2314.48;3300.55;1.43;56.91;0.96;1.37;2019-09-01;Pre-covid;Pre-covid
2019;09;Castilla leon;Peras;2114.01;3373.05;1.6;39.48;0.88;1.4;2019-09-01;Pre-covid;Pre-covid
2019;09;Castilla leon;Melocotones;2222.11;4396.91;1.98;50.3;0.92;1.83;2019-09-01;Pre-covid;Pre-covid
2019;09;Castilla leon;Nectarinas;1458.76;1806.14;1.24;54.64;0.61;0.75;2019-09-01;Pre-covid;Pre-covid
2019;09;Castilla leon;Albaricoques;60.3;90.9;1.51;4.31;0.03;0.04;2019-09-01;Pre-covid;Pre-covid
2019;09;Castilla leon;Fresas/freson;93.61;373.83;3.99;5.41;0.04;0.16;2019-09-01;Pre-covid;Pre-covid
2019;09;Castilla leon;Melon;3884.21;3254.02;0.84;52.4;1.62;1.35;2019-09-01;Pre-covid;Pre-covid
2019;09;Castilla leon;Sandia;2932.41;2275.91;0.78;47.04;1.22;0.95;2019-09-01;Pre-covid;Pre-covid
2019;09;Castilla leon;Ciruelas;791.92;1375.4;1.74;30.91;0.33;0.57;2019-09-01;Pre-covid;Pre-covid
2019;09;Castilla leon;Cerezas;17.6;28.06;1.59;0.78;0.01;0.01;2019-09-01;Pre-covid;Pre-covid
2019;09;Castilla leon;Uvas;1293.69;3355.15;2.59;42.05;0.54;1.4;2019-09-01;Pre-covid;Pre-covid
2019;09;Castilla leon;Kiwi;528.1;1664.08;3.15;27.79;0.22;0.69;2019-09-01;Pre-covid;Pre-covid
2019;09;Castilla leon;Aguacate;219.22;759.31;3.46;18.19;0.09;0.32;2019-09-01;Pre-covid;Pre-covid
2019;09;Castilla leon;Piña;345.12;419.37;1.22;14.53;0.14;0.17;2019-09-01;Pre-covid;Pre-covid
2019;09;Castilla leon;Otras frutas frescas;1066.85;2381.73;2.23;46.13;0.44;0.99;2019-09-01;Pre-covid;Pre-covid
2019;09;Castilla leon;Pomelo;76.54;156.38;2.04;2.28;0.03;0.07;2019-09-01;Pre-covid;Pre-covid
2019;09;Castilla leon;Chirimoya;0.35;2.42;6.89;0.06;0.0;0.0;2019-09-01;Pre-covid;Pre-covid
2019;09;Castilla leon;Mango;101.71;263.92;2.59;11.03;0.04;0.11;2019-09-01;Pre-covid;Pre-covid
2019;09;Castilla leon;Frutas iv gama;759.98;1231.37;1.62;20.44;0.32;0.51;2019-09-01;Pre-covid;Pre-covid
2019;09;Cataluña;Frutas frescas;62618.89;96024.82;1.53;94.01;8.75;13.41;2019-09-01;Pre-covid;Pre-covid
2019;09;Cataluña;Naranjas;4686.08;6430.15;1.37;28.8;0.65;0.9;2019-09-01;Pre-covid;Pre-covid
2019;09;Cataluña;Mandarinas;648.16;1329.58;2.05;16.5;0.09;0.19;2019-09-01;Pre-covid;Pre-covid
2019;09;Cataluña;Limones;1433.3;2713.99;1.89;41.83;0.2;0.38;2019-09-01;Pre-covid;Pre-covid
2019;09;Cataluña;Platanos;6586.44;10725.43;1.63;75.67;0.92;1.5;2019-09-01;Pre-covid;Pre-covid
2019;09;Cataluña;Manzanas;4700.54;7164.77;1.52;57.3;0.66;1.0;2019-09-01;Pre-covid;Pre-covid
2019;09;Cataluña;Peras;2879.06;4720.35;1.64;47.42;0.4;0.66;2019-09-01;Pre-covid;Pre-covid
2019;09;Cataluña;Melocotones;6945.69;11439.56;1.65;64.21;0.97;1.6;2019-09-01;Pre-covid;Pre-covid
2019;09;Cataluña;Nectarinas;2708.82;3719.82;1.37;42.75;0.38;0.52;2019-09-01;Pre-covid;Pre-covid
2019;09;Cataluña;Albaricoques;82.71;143.56;1.74;3.89;0.01;0.02;2019-09-01;Pre-covid;Pre-covid
2019;09;Cataluña;Fresas/freson;156.48;739.98;4.73;7.04;0.02;0.1;2019-09-01;Pre-covid;Pre-covid
2019;09;Cataluña;Melon;13306.96;12187.12;0.92;58.02;1.86;1.7;2019-09-01;Pre-covid;Pre-covid
2019;09;Cataluña;Sandia;7177.59;5799.52;0.81;40.58;1.0;0.81;2019-09-01;Pre-covid;Pre-covid
2019;09;Cataluña;Ciruelas;2003.83;3466.61;1.73;43.67;0.28;0.48;2019-09-01;Pre-covid;Pre-covid
2019;09;Cataluña;Cerezas;53.9;196.6;3.65;2.57;0.01;0.03;2019-09-01;Pre-covid;Pre-covid
2019;09;Cataluña;Uvas;2798.3;7243.06;2.59;42.86;0.39;1.01;2019-09-01;Pre-covid;Pre-covid
2019;09;Cataluña;Kiwi;1362.63;4925.49;3.61;30.94;0.19;0.69;2019-09-01;Pre-covid;Pre-covid
2019;09;Cataluña;Aguacate;878.16;3463.25;3.94;26.32;0.12;0.48;2019-09-01;Pre-covid;Pre-covid
2019;09;Cataluña;Piña;879.47;1328.44;1.51;16.55;0.12;0.19;2019-09-01;Pre-covid;Pre-covid
2019;09;Cataluña;Otras frutas frescas;3330.78;8287.53;2.49;51.02;0.47;1.16;2019-09-01;Pre-covid;Pre-covid
2019;09;Cataluña;Pomelo;201.73;414.75;2.06;3.78;0.03;0.06;2019-09-01;Pre-covid;Pre-covid
2019;09;Cataluña;Chirimoya;0.0;0.0;0.0;0.0;0.0;0.0;2019-09-01;Pre-covid;Pre-covid
2019;09;Cataluña;Mango;705.66;1517.1;2.15;16.31;0.1;0.21;2019-09-01;Pre-covid;Pre-covid
2019;09;Cataluña;Frutas iv gama;2603.4;5081.77;1.95;26.03;0.36;0.71;2019-09-01;Pre-covid;Pre-covid
2019;09;Extremadura;Frutas frescas;8389.92;12717.82;1.52;92.77;7.13;10.8;2019-09-01;Pre-covid;Pre-covid
2019;09;Extremadura;Naranjas;564.69;738.44;1.31;31.9;0.48;0.63;2019-09-01;Pre-covid;Pre-covid
2019;09;Extremadura;Mandarinas;57.42;112.51;1.96;8.74;0.05;0.1;2019-09-01;Pre-covid;Pre-covid
2019;09;Extremadura;Limones;153.24;258.62;1.69;20.87;0.13;0.22;2019-09-01;Pre-covid;Pre-covid
2019;09;Extremadura;Platanos;687.83;1016.0;1.48;72.64;0.58;0.86;2019-09-01;Pre-covid;Pre-covid
2019;09;Extremadura;Manzanas;794.29;1141.77;1.44;60.87;0.67;0.97;2019-09-01;Pre-covid;Pre-covid
2019;09;Extremadura;Peras;534.29;1066.33;2.0;41.59;0.45;0.91;2019-09-01;Pre-covid;Pre-covid
2019;09;Extremadura;Melocotones;865.87;1543.85;1.78;51.17;0.74;1.31;2019-09-01;Pre-covid;Pre-covid
2019;09;Extremadura;Nectarinas;331.51;413.34;1.25;38.45;0.28;0.35;2019-09-01;Pre-covid;Pre-covid
2019;09;Extremadura;Albaricoques;1.19;2.69;2.26;0.22;0.0;0.0;2019-09-01;Pre-covid;Pre-covid
2019;09;Extremadura;Fresas/freson;104.66;409.75;3.92;9.03;0.09;0.35;2019-09-01;Pre-covid;Pre-covid
2019;09;Extremadura;Melon;1453.7;1164.13;0.8;60.42;1.23;0.99;2019-09-01;Pre-covid;Pre-covid
2019;09;Extremadura;Sandia;1288.68;1038.64;0.81;41.76;1.09;0.88;2019-09-01;Pre-covid;Pre-covid
2019;09;Extremadura;Ciruelas;222.07;371.4;1.67;43.58;0.19;0.32;2019-09-01;Pre-covid;Pre-covid
2019;09;Extremadura;Cerezas;2.58;11.62;4.5;0.22;0.0;0.01;2019-09-01;Pre-covid;Pre-covid
2019;09;Extremadura;Uvas;326.93;832.44;2.55;25.82;0.28;0.71;2019-09-01;Pre-covid;Pre-covid
2019;09;Extremadura;Kiwi;121.38;346.28;2.85;25.06;0.1;0.29;2019-09-01;Pre-covid;Pre-covid
2019;09;Extremadura;Aguacate;67.45;305.95;4.54;16.13;0.06;0.26;2019-09-01;Pre-covid;Pre-covid
2019;09;Extremadura;Piña;135.78;191.54;1.41;20.35;0.12;0.16;2019-09-01;Pre-covid;Pre-covid
2019;09;Extremadura;Otras frutas frescas;676.35;1752.51;2.59;41.54;0.57;1.49;2019-09-01;Pre-covid;Pre-covid
2019;09;Extremadura;Pomelo;12.65;24.47;1.93;2.91;0.01;0.02;2019-09-01;Pre-covid;Pre-covid
2019;09;Extremadura;Chirimoya;0.0;0.0;0.0;0.0;0.0;0.0;2019-09-01;Pre-covid;Pre-covid
2019;09;Extremadura;Mango;45.1;92.96;2.06;10.94;0.04;0.08;2019-09-01;Pre-covid;Pre-covid
2019;09;Extremadura;Frutas iv gama;569.54;848.3;1.49;25.4;0.48;0.72;2019-09-01;Pre-covid;Pre-covid
2019;09;Galicia;Frutas frescas;26517.38;42817.82;1.61;95.63;9.76;15.76;2019-09-01;Pre-covid;Pre-covid
2019;09;Galicia;Naranjas;3084.32;3873.36;1.26;47.34;1.14;1.43;2019-09-01;Pre-covid;Pre-covid
2019;09;Galicia;Mandarinas;446.47;757.56;1.7;25.45;0.16;0.28;2019-09-01;Pre-covid;Pre-covid
2019;09;Galicia;Limones;599.68;988.65;1.65;36.53;0.22;0.36;2019-09-01;Pre-covid;Pre-covid
2019;09;Galicia;Platanos;3153.63;4961.73;1.57;77.59;1.16;1.83;2019-09-01;Pre-covid;Pre-covid
2019;09;Galicia;Manzanas;2781.91;4315.31;1.55;52.5;1.02;1.59;2019-09-01;Pre-covid;Pre-covid
2019;09;Galicia;Peras;1544.94;2672.66;1.73;40.46;0.57;0.98;2019-09-01;Pre-covid;Pre-covid
2019;09;Galicia;Melocotones;1520.16;2368.11;1.56;44.61;0.56;0.87;2019-09-01;Pre-covid;Pre-covid
2019;09;Galicia;Nectarinas;1600.58;2306.38;1.44;48.8;0.59;0.85;2019-09-01;Pre-covid;Pre-covid
2019;09;Galicia;Albaricoques;94.96;183.44;1.93;5.91;0.03;0.07;2019-09-01;Pre-covid;Pre-covid
2019;09;Galicia;Fresas/freson;204.94;937.46;4.57;14.99;0.08;0.35;2019-09-01;Pre-covid;Pre-covid
2019;09;Galicia;Melon;3298.4;3051.13;0.93;47.07;1.21;1.12;2019-09-01;Pre-covid;Pre-covid
2019;09;Galicia;Sandia;1741.33;1553.68;0.89;27.11;0.64;0.57;2019-09-01;Pre-covid;Pre-covid
2019;09;Galicia;Ciruelas;1172.82;1984.48;1.69;36.72;0.43;0.73;2019-09-01;Pre-covid;Pre-covid
2019;09;Galicia;Cerezas;31.34;88.41;2.82;2.4;0.01;0.03;2019-09-01;Pre-covid;Pre-covid
2019;09;Galicia;Uvas;2024.93;4480.37;2.21;36.59;0.75;1.65;2019-09-01;Pre-covid;Pre-covid
2019;09;Galicia;Kiwi;653.56;2203.94;3.37;39.58;0.24;0.81;2019-09-01;Pre-covid;Pre-covid
2019;09;Galicia;Aguacate;229.78;956.08;4.16;19.72;0.08;0.35;2019-09-01;Pre-covid;Pre-covid
2019;09;Galicia;Piña;420.54;730.43;1.74;12.43;0.15;0.27;2019-09-01;Pre-covid;Pre-covid
2019;09;Galicia;Otras frutas frescas;1913.09;4404.62;2.3;50.51;0.7;1.62;2019-09-01;Pre-covid;Pre-covid
2019;09;Galicia;Pomelo;265.21;532.58;2.01;5.83;0.1;0.2;2019-09-01;Pre-covid;Pre-covid
2019;09;Galicia;Chirimoya;0.0;0.0;0.0;0.0;0.0;0.0;2019-09-01;Pre-covid;Pre-covid
2019;09;Galicia;Mango;132.14;339.02;2.57;10.19;0.05;0.12;2019-09-01;Pre-covid;Pre-covid
2019;09;Galicia;Frutas iv gama;1079.27;2011.17;1.86;21.07;0.4;0.74;2019-09-01;Pre-covid;Pre-covid
2019;09;La rioja;Frutas frescas;2939.9;5629.06;1.91;96.18;9.07;17.37;2019-09-01;Pre-covid;Pre-covid
2019;09;La rioja;Naranjas;174.76;356.75;2.04;41.21;0.54;1.1;2019-09-01;Pre-covid;Pre-covid
2019;09;La rioja;Mandarinas;10.9;20.11;1.85;12.01;0.03;0.06;2019-09-01;Pre-covid;Pre-covid
2019;09;La rioja;Limones;63.83;120.49;1.89;31.18;0.2;0.37;2019-09-01;Pre-covid;Pre-covid
2019;09;La rioja;Platanos;163.58;284.67;1.74;71.69;0.5;0.88;2019-09-01;Pre-covid;Pre-covid
2019;09;La rioja;Manzanas;788.65;1416.25;1.8;52.31;2.43;4.37;2019-09-01;Pre-covid;Pre-covid
2019;09;La rioja;Peras;181.42;357.7;1.97;35.26;0.56;1.1;2019-09-01;Pre-covid;Pre-covid
2019;09;La rioja;Melocotones;171.33;266.15;1.55;52.87;0.53;0.82;2019-09-01;Pre-covid;Pre-covid
2019;09;La rioja;Nectarinas;224.67;353.86;1.58;50.18;0.69;1.09;2019-09-01;Pre-covid;Pre-covid
2019;09;La rioja;Albaricoques;1.73;7.2;4.15;3.64;0.01;0.02;2019-09-01;Pre-covid;Pre-covid
2019;09;La rioja;Fresas/freson;13.86;45.0;3.25;7.71;0.04;0.14;2019-09-01;Pre-covid;Pre-covid
2019;09;La rioja;Melon;300.46;341.76;1.14;55.06;0.93;1.05;2019-09-01;Pre-covid;Pre-covid
2019;09;La rioja;Sandia;168.52;170.31;1.01;47.52;0.52;0.53;2019-09-01;Pre-covid;Pre-covid
2019;09;La rioja;Ciruelas;42.38;73.97;1.75;29.71;0.13;0.23;2019-09-01;Pre-covid;Pre-covid
2019;09;La rioja;Cerezas;0.0;0.0;0.0;0.0;0.0;0.0;2019-09-01;Pre-covid;Pre-covid
2019;09;La rioja;Uvas;473.47;1296.36;2.74;37.68;1.46;4.0;2019-09-01;Pre-covid;Pre-covid
2019;09;La rioja;Kiwi;50.29;212.34;4.22;26.96;0.16;0.66;2019-09-01;Pre-covid;Pre-covid
2019;09;La rioja;Aguacate;15.77;77.27;4.9;30.75;0.05;0.24;2019-09-01;Pre-covid;Pre-covid
2019;09;La rioja;Piña;22.59;31.63;1.4;11.02;0.07;0.1;2019-09-01;Pre-covid;Pre-covid
2019;09;La rioja;Otras frutas frescas;71.67;197.23;2.75;34.96;0.22;0.61;2019-09-01;Pre-covid;Pre-covid
2019;09;La rioja;Pomelo;0.0;0.0;0.0;0.0;0.0;0.0;2019-09-01;Pre-covid;Pre-covid
2019;09;La rioja;Chirimoya;0.7;5.61;7.98;1.22;0.0;0.02;2019-09-01;Pre-covid;Pre-covid
2019;09;La rioja;Mango;4.2;9.47;2.25;6.25;0.01;0.03;2019-09-01;Pre-covid;Pre-covid
2019;09;La rioja;Frutas iv gama;43.05;182.36;4.24;18.52;0.13;0.56;2019-09-01;Pre-covid;Pre-covid
2019;09;Madrid;Frutas frescas;48523.89;73928.68;1.52;93.51;7.67;11.68;2019-09-01;Pre-covid;Pre-covid
2019;09;Madrid;Naranjas;4514.59;5747.19;1.27;34.14;0.71;0.91;2019-09-01;Pre-covid;Pre-covid
2019;09;Madrid;Mandarinas;670.9;1218.79;1.82;19.26;0.11;0.19;2019-09-01;Pre-covid;Pre-covid
2019;09;Madrid;Limones;1255.61;2337.2;1.86;46.06;0.2;0.37;2019-09-01;Pre-covid;Pre-covid
2019;09;Madrid;Platanos;5537.75;8884.41;1.6;74.95;0.88;1.4;2019-09-01;Pre-covid;Pre-covid
2019;09;Madrid;Manzanas;4032.36;6295.82;1.56;62.33;0.64;1.0;2019-09-01;Pre-covid;Pre-covid
2019;09;Madrid;Peras;2493.53;3985.93;1.6;50.36;0.39;0.63;2019-09-01;Pre-covid;Pre-covid
2019;09;Madrid;Melocotones;4165.9;6933.18;1.66;56.57;0.66;1.1;2019-09-01;Pre-covid;Pre-covid
2019;09;Madrid;Nectarinas;2369.08;3136.57;1.32;45.62;0.37;0.5;2019-09-01;Pre-covid;Pre-covid
2019;09;Madrid;Albaricoques;119.94;233.23;1.94;4.13;0.02;0.04;2019-09-01;Pre-covid;Pre-covid
2019;09;Madrid;Fresas/freson;159.87;675.38;4.22;7.51;0.03;0.11;2019-09-01;Pre-covid;Pre-covid
2019;09;Madrid;Melon;8855.68;8074.07;0.91;57.03;1.4;1.28;2019-09-01;Pre-covid;Pre-covid
2019;09;Madrid;Sandia;5163.19;4135.24;0.8;39.78;0.82;0.65;2019-09-01;Pre-covid;Pre-covid
2019;09;Madrid;Ciruelas;1767.68;2983.72;1.69;40.68;0.28;0.47;2019-09-01;Pre-covid;Pre-covid
2019;09;Madrid;Cerezas;31.2;107.11;3.43;2.1;0.0;0.02;2019-09-01;Pre-covid;Pre-covid
2019;09;Madrid;Uvas;1899.83;4466.23;2.35;36.96;0.3;0.71;2019-09-01;Pre-covid;Pre-covid
2019;09;Madrid;Kiwi;1210.81;4186.33;3.46;33.01;0.19;0.66;2019-09-01;Pre-covid;Pre-covid
2019;09;Madrid;Aguacate;578.09;2431.08;4.21;27.92;0.09;0.38;2019-09-01;Pre-covid;Pre-covid
2019;09;Madrid;Piña;820.84;1244.93;1.52;18.32;0.13;0.2;2019-09-01;Pre-covid;Pre-covid
2019;09;Madrid;Otras frutas frescas;2877.05;6852.27;2.38;53.63;0.45;1.08;2019-09-01;Pre-covid;Pre-covid
2019;09;Madrid;Pomelo;126.07;284.97;2.26;2.95;0.02;0.05;2019-09-01;Pre-covid;Pre-covid
2019;09;Madrid;Chirimoya;0.0;0.0;0.0;0.0;0.0;0.0;2019-09-01;Pre-covid;Pre-covid
2019;09;Madrid;Mango;597.75;1384.24;2.32;21.87;0.09;0.22;2019-09-01;Pre-covid;Pre-covid
2019;09;Madrid;Frutas iv gama;1812.63;3141.85;1.73;34.2;0.29;0.5;2019-09-01;Pre-covid;Pre-covid
2019;09;Murcia;Frutas frescas;10410.35;15151.41;1.46;93.33;7.23;10.52;2019-09-01;Pre-covid;Pre-covid
2019;09;Murcia;Naranjas;706.79;779.02;1.1;22.61;0.49;0.54;2019-09-01;Pre-covid;Pre-covid
2019;09;Murcia;Mandarinas;62.93;115.24;1.83;9.28;0.04;0.08;2019-09-01;Pre-covid;Pre-covid
2019;09;Murcia;Limones;592.73;874.64;1.48;46.37;0.41;0.61;2019-09-01;Pre-covid;Pre-covid
2019;09;Murcia;Platanos;1390.8;1981.45;1.42;79.55;0.97;1.38;2019-09-01;Pre-covid;Pre-covid
2019;09;Murcia;Manzanas;689.51;999.43;1.45;49.83;0.48;0.69;2019-09-01;Pre-covid;Pre-covid
2019;09;Murcia;Peras;443.99;758.26;1.71;46.76;0.31;0.53;2019-09-01;Pre-covid;Pre-covid
2019;09;Murcia;Melocotones;809.56;1189.01;1.47;51.88;0.56;0.83;2019-09-01;Pre-covid;Pre-covid
2019;09;Murcia;Nectarinas;290.15;372.04;1.28;22.7;0.2;0.26;2019-09-01;Pre-covid;Pre-covid
2019;09;Murcia;Albaricoques;0.0;0.0;0.0;0.0;0.0;0.0;2019-09-01;Pre-covid;Pre-covid
2019;09;Murcia;Fresas/freson;29.87;70.86;2.37;4.36;0.02;0.05;2019-09-01;Pre-covid;Pre-covid
2019;09;Murcia;Melon;2203.25;1754.41;0.8;51.02;1.53;1.22;2019-09-01;Pre-covid;Pre-covid
2019;09;Murcia;Sandia;1052.83;756.18;0.72;34.16;0.73;0.53;2019-09-01;Pre-covid;Pre-covid
2019;09;Murcia;Ciruelas;293.14;491.94;1.68;31.32;0.2;0.34;2019-09-01;Pre-covid;Pre-covid
2019;09;Murcia;Cerezas;18.09;47.78;2.64;3.86;0.01;0.03;2019-09-01;Pre-covid;Pre-covid
2019;09;Murcia;Uvas;390.07;901.83;2.31;46.82;0.27;0.63;2019-09-01;Pre-covid;Pre-covid
2019;09;Murcia;Kiwi;137.56;510.89;3.71;21.01;0.1;0.35;2019-09-01;Pre-covid;Pre-covid
2019;09;Murcia;Aguacate;121.59;578.77;4.76;31.09;0.08;0.4;2019-09-01;Pre-covid;Pre-covid
2019;09;Murcia;Piña;140.06;219.64;1.57;9.32;0.1;0.15;2019-09-01;Pre-covid;Pre-covid
2019;09;Murcia;Otras frutas frescas;1037.44;2750.04;2.65;45.11;0.72;1.91;2019-09-01;Pre-covid;Pre-covid
2019;09;Murcia;Pomelo;13.21;26.51;2.01;2.71;0.01;0.02;2019-09-01;Pre-covid;Pre-covid
2019;09;Murcia;Chirimoya;0.0;0.0;0.0;0.0;0.0;0.0;2019-09-01;Pre-covid;Pre-covid
2019;09;Murcia;Mango;88.85;217.78;2.45;13.89;0.06;0.15;2019-09-01;Pre-covid;Pre-covid
2019;09;Murcia;Frutas iv gama;271.88;458.43;1.69;24.61;0.19;0.32;2019-09-01;Pre-covid;Pre-covid
2019;09;Navarra;Frutas frescas;5383.53;8431.23;1.57;89.56;9.01;14.1;2019-09-01;Pre-covid;Pre-covid
2019;09;Navarra;Naranjas;512.12;666.22;1.3;24.78;0.86;1.11;2019-09-01;Pre-covid;Pre-covid
2019;09;Navarra;Mandarinas;111.09;175.03;1.58;32.06;0.19;0.29;2019-09-01;Pre-covid;Pre-covid
2019;09;Navarra;Limones;177.4;378.4;2.13;39.22;0.3;0.63;2019-09-01;Pre-covid;Pre-covid
2019;09;Navarra;Platanos;693.37;1106.24;1.6;75.24;1.16;1.85;2019-09-01;Pre-covid;Pre-covid
2019;09;Navarra;Manzanas;438.54;602.91;1.37;66.6;0.73;1.01;2019-09-01;Pre-covid;Pre-covid
2019;09;Navarra;Peras;161.86;253.14;1.56;40.85;0.27;0.42;2019-09-01;Pre-covid;Pre-covid
2019;09;Navarra;Melocotones;380.79;593.78;1.56;37.49;0.64;0.99;2019-09-01;Pre-covid;Pre-covid
2019;09;Navarra;Nectarinas;315.8;475.92;1.51;53.79;0.53;0.8;2019-09-01;Pre-covid;Pre-covid
2019;09;Navarra;Albaricoques;20.54;54.85;2.67;15.41;0.03;0.09;2019-09-01;Pre-covid;Pre-covid
2019;09;Navarra;Fresas/freson;12.51;55.21;4.41;12.92;0.02;0.09;2019-09-01;Pre-covid;Pre-covid
2019;09;Navarra;Melon;1044.32;1075.43;1.03;44.34;1.75;1.8;2019-09-01;Pre-covid;Pre-covid
2019;09;Navarra;Sandia;607.59;530.86;0.87;27.91;1.02;0.89;2019-09-01;Pre-covid;Pre-covid
2019;09;Navarra;Ciruelas;108.05;239.02;2.21;31.34;0.18;0.4;2019-09-01;Pre-covid;Pre-covid
2019;09;Navarra;Cerezas;0.0;0.0;0.0;0.0;0.0;0.0;2019-09-01;Pre-covid;Pre-covid
2019;09;Navarra;Uvas;208.33;532.18;2.55;26.99;0.35;0.89;2019-09-01;Pre-covid;Pre-covid
2019;09;Navarra;Kiwi;139.52;457.9;3.28;25.9;0.23;0.77;2019-09-01;Pre-covid;Pre-covid
2019;09;Navarra;Aguacate;65.4;316.49;4.84;38.76;0.11;0.53;2019-09-01;Pre-covid;Pre-covid
2019;09;Navarra;Piña;133.6;192.23;1.44;10.18;0.22;0.32;2019-09-01;Pre-covid;Pre-covid
2019;09;Navarra;Otras frutas frescas;252.7;725.42;2.87;43.31;0.42;1.21;2019-09-01;Pre-covid;Pre-covid
2019;09;Navarra;Pomelo;5.82;12.18;2.09;2.61;0.01;0.02;2019-09-01;Pre-covid;Pre-covid
2019;09;Navarra;Chirimoya;0.0;0.0;0.0;0.0;0.0;0.0;2019-09-01;Pre-covid;Pre-covid
2019;09;Navarra;Mango;29.99;88.12;2.94;15.42;0.05;0.15;2019-09-01;Pre-covid;Pre-covid
2019;09;Navarra;Frutas iv gama;274.18;421.82;1.54;36.82;0.46;0.71;2019-09-01;Pre-covid;Pre-covid
2019;09;Pais vasco;Frutas frescas;18411.72;29763.87;1.62;93.18;8.71;14.08;2019-09-01;Pre-covid;Pre-covid
2019;09;Pais vasco;Naranjas;1560.63;2197.69;1.41;30.71;0.74;1.04;2019-09-01;Pre-covid;Pre-covid
2019;09;Pais vasco;Mandarinas;420.34;739.96;1.76;32.52;0.2;0.35;2019-09-01;Pre-covid;Pre-covid
2019;09;Pais vasco;Limones;411.22;812.21;1.98;45.26;0.19;0.38;2019-09-01;Pre-covid;Pre-covid
2019;09;Pais vasco;Platanos;2337.97;4048.93;1.73;71.42;1.11;1.92;2019-09-01;Pre-covid;Pre-covid
2019;09;Pais vasco;Manzanas;1877.56;2763.59;1.47;67.14;0.89;1.31;2019-09-01;Pre-covid;Pre-covid
2019;09;Pais vasco;Peras;833.15;1381.33;1.66;49.51;0.39;0.65;2019-09-01;Pre-covid;Pre-covid
2019;09;Pais vasco;Melocotones;1769.06;2808.52;1.59;48.02;0.84;1.33;2019-09-01;Pre-covid;Pre-covid
2019;09;Pais vasco;Nectarinas;1423.64;1942.72;1.36;51.3;0.67;0.92;2019-09-01;Pre-covid;Pre-covid
2019;09;Pais vasco;Albaricoques;90.96;167.03;1.84;11.45;0.04;0.08;2019-09-01;Pre-covid;Pre-covid
2019;09;Pais vasco;Fresas/freson;117.05;333.24;2.85;10.68;0.06;0.16;2019-09-01;Pre-covid;Pre-covid
2019;09;Pais vasco;Melon;2627.83;2641.98;1.01;53.75;1.24;1.25;2019-09-01;Pre-covid;Pre-covid
2019;09;Pais vasco;Sandia;1258.22;937.96;0.75;34.38;0.6;0.44;2019-09-01;Pre-covid;Pre-covid
2019;09;Pais vasco;Ciruelas;816.61;1460.61;1.79;44.33;0.39;0.69;2019-09-01;Pre-covid;Pre-covid
2019;09;Pais vasco;Cerezas;12.59;49.38;3.92;2.07;0.01;0.02;2019-09-01;Pre-covid;Pre-covid
2019;09;Pais vasco;Uvas;655.97;1517.09;2.31;39.48;0.31;0.72;2019-09-01;Pre-covid;Pre-covid
2019;09;Pais vasco;Kiwi;518.28;1855.83;3.58;36.24;0.25;0.88;2019-09-01;Pre-covid;Pre-covid
2019;09;Pais vasco;Aguacate;151.4;638.23;4.22;25.82;0.07;0.3;2019-09-01;Pre-covid;Pre-covid
2019;09;Pais vasco;Piña;381.94;535.36;1.4;27.97;0.18;0.25;2019-09-01;Pre-covid;Pre-covid
2019;09;Pais vasco;Otras frutas frescas;1147.29;2932.21;2.56;51.64;0.54;1.39;2019-09-01;Pre-covid;Pre-covid
2019;09;Pais vasco;Pomelo;93.09;197.55;2.12;4.82;0.04;0.09;2019-09-01;Pre-covid;Pre-covid
2019;09;Pais vasco;Chirimoya;0.0;0.0;0.0;0.0;0.0;0.0;2019-09-01;Pre-covid;Pre-covid
2019;09;Pais vasco;Mango;213.82;554.14;2.59;13.84;0.1;0.26;2019-09-01;Pre-covid;Pre-covid
2019;09;Pais vasco;Frutas iv gama;831.46;1266.76;1.52;25.09;0.39;0.6;2019-09-01;Pre-covid;Pre-covid
2019;09;Valencia;Frutas frescas;36483.81;51978.83;1.42;94.89;7.51;10.7;2019-09-01;Pre-covid;Pre-covid
2019;09;Valencia;Naranjas;1642.94;2207.93;1.34;20.62;0.34;0.45;2019-09-01;Pre-covid;Pre-covid
2019;09;Valencia;Mandarinas;250.72;441.21;1.76;11.62;0.05;0.09;2019-09-01;Pre-covid;Pre-covid
2019;09;Valencia;Limones;808.59;1346.15;1.66;30.18;0.17;0.28;2019-09-01;Pre-covid;Pre-covid
2019;09;Valencia;Platanos;4610.88;7050.63;1.53;77.89;0.95;1.45;2019-09-01;Pre-covid;Pre-covid
2019;09;Valencia;Manzanas;2913.58;4428.12;1.52;59.5;0.6;0.91;2019-09-01;Pre-covid;Pre-covid
2019;09;Valencia;Peras;1139.46;1786.98;1.57;38.53;0.23;0.37;2019-09-01;Pre-covid;Pre-covid
2019;09;Valencia;Melocotones;3004.75;4956.04;1.65;51.73;0.62;1.02;2019-09-01;Pre-covid;Pre-covid
2019;09;Valencia;Nectarinas;1509.54;2026.29;1.34;40.49;0.31;0.42;2019-09-01;Pre-covid;Pre-covid
2019;09;Valencia;Albaricoques;45.06;103.12;2.29;3.2;0.01;0.02;2019-09-01;Pre-covid;Pre-covid
2019;09;Valencia;Fresas/freson;89.98;404.88;4.5;5.09;0.02;0.08;2019-09-01;Pre-covid;Pre-covid
2019;09;Valencia;Melon;8565.86;7205.59;0.84;57.72;1.76;1.48;2019-09-01;Pre-covid;Pre-covid
2019;09;Valencia;Sandia;5127.73;3786.79;0.74;37.01;1.06;0.78;2019-09-01;Pre-covid;Pre-covid
2019;09;Valencia;Ciruelas;1144.3;1976.82;1.73;36.86;0.24;0.41;2019-09-01;Pre-covid;Pre-covid
2019;09;Valencia;Cerezas;7.78;34.53;4.44;0.84;0.0;0.01;2019-09-01;Pre-covid;Pre-covid
2019;09;Valencia;Uvas;1800.12;3877.67;2.15;46.37;0.37;0.8;2019-09-01;Pre-covid;Pre-covid
2019;09;Valencia;Kiwi;900.35;3172.55;3.52;34.07;0.19;0.65;2019-09-01;Pre-covid;Pre-covid
2019;09;Valencia;Aguacate;570.06;2273.59;3.99;27.67;0.12;0.47;2019-09-01;Pre-covid;Pre-covid
2019;09;Valencia;Piña;469.02;640.11;1.36;14.25;0.1;0.13;2019-09-01;Pre-covid;Pre-covid
2019;09;Valencia;Otras frutas frescas;1883.09;4259.85;2.26;47.19;0.39;0.88;2019-09-01;Pre-covid;Pre-covid
2019;09;Valencia;Pomelo;89.87;178.39;1.99;1.88;0.02;0.04;2019-09-01;Pre-covid;Pre-covid
2019;09;Valencia;Chirimoya;1.48;10.22;6.89;0.17;0.0;0.0;2019-09-01;Pre-covid;Pre-covid
2019;09;Valencia;Mango;270.6;616.02;2.28;11.5;0.06;0.13;2019-09-01;Pre-covid;Pre-covid
2019;09;Valencia;Frutas iv gama;2020.55;3405.54;1.69;28.1;0.42;0.7;2019-09-01;Pre-covid;Pre-covid
2019;10;Nacional;Patatas;109126.01;101831.78;0.93;79.06;2.37;2.21;2019-10-01;Pre-covid;Pre-covid
2019;10;Nacional;Patatas frescas;80084.23;70668.9;0.88;66.79;1.74;1.53;2019-10-01;Pre-covid;Pre-covid
2019;10;Nacional;Patatas congeladas;3320.42;4268.94;1.29;10.09;0.07;0.09;2019-10-01;Pre-covid;Pre-covid
2019;10;Nacional;Patatas procesadas;5144.27;26893.94;5.23;46.34;0.11;0.58;2019-10-01;Pre-covid;Pre-covid
2019;10;Nacional;Patatas fritas;4067.17;25207.32;6.2;44.22;0.09;0.55;2019-10-01;Pre-covid;Pre-covid
2019;10;Nacional;Hortalizas frescas;231953.35;439834.42;1.9;96.26;5.03;9.54;2019-10-01;Pre-covid;Pre-covid
2019;10;Nacional;Omates;54632.81;95707.3;1.75;78.05;1.18;2.08;2019-10-01;Pre-covid;Pre-covid
2019;10;Nacional;Cebollas;26908.03;32171.39;1.2;63.6;0.58;0.7;2019-10-01;Pre-covid;Pre-covid
2019;10;Nacional;Ajos;2792.07;11758.84;4.21;30.91;0.06;0.25;2019-10-01;Pre-covid;Pre-covid
2019;10;Nacional;Coles;5827.54;6942.43;1.19;19.09;0.13;0.15;2019-10-01;Pre-covid;Pre-covid
2019;10;Nacional;Pepinos;8042.06;10410.59;1.29;34.94;0.17;0.23;2019-10-01;Pre-covid;Pre-covid
2019;10;Nacional;Judias verdes;7891.55;25887.18;3.28;33.31;0.17;0.56;2019-10-01;Pre-covid;Pre-covid
2019;10;Nacional;Pimientos;23010.85;40940.3;1.78;64.95;0.5;0.89;2019-10-01;Pre-covid;Pre-covid
2019;10;Nacional;Champiñoneso setas;5400.26;23894.55;4.42;40.5;0.12;0.52;2019-10-01;Pre-covid;Pre-covid
2019;10;Nacional;Lechuga/esc /endivia;16034.35;44852.88;2.8;64.84;0.35;0.97;2019-10-01;Pre-covid;Pre-covid
2019;10;Nacional;Esparragos;1581.75;4751.49;3.0;8.54;0.03;0.1;2019-10-01;Pre-covid;Pre-covid
2019;10;Nacional;Verduras de hoja;4740.27;12245.59;2.58;25.37;0.1;0.27;2019-10-01;Pre-covid;Pre-covid
2019;10;Nacional;Berenjenas;8067.71;11854.52;1.47;32.08;0.17;0.26;2019-10-01;Pre-covid;Pre-covid
2019;10;Nacional;Zanahorias;13492.22;12649.64;0.94;57.19;0.29;0.27;2019-10-01;Pre-covid;Pre-covid
2019;10;Nacional;Calabacines;17150.78;22950.52;1.34;53.48;0.37;0.5;2019-10-01;Pre-covid;Pre-covid
2019;10;Nacional;Otr hortalizas/verd ;36381.1;82817.2;2.28;75.91;0.79;1.8;2019-10-01;Pre-covid;Pre-covid
2019;10;Nacional;Brocoli;5709.06;10156.23;1.78;24.21;0.12;0.22;2019-10-01;Pre-covid;Pre-covid
2019;10;Nacional;Alcachofas;1196.02;3115.88;2.61;7.26;0.03;0.07;2019-10-01;Pre-covid;Pre-covid
2019;10;Nacional;Apio;1883.52;2896.18;1.54;11.31;0.04;0.06;2019-10-01;Pre-covid;Pre-covid
2019;10;Nacional;Coliflor;2219.56;4325.16;1.95;9.53;0.05;0.09;2019-10-01;Pre-covid;Pre-covid
2019;10;Nacional;Verd /hort  iv gama;26761.08;70269.06;2.63;65.56;0.58;1.52;2019-10-01;Pre-covid;Pre-covid
2019;10;Nacional;Puerro;4301.56;11433.48;2.66;30.92;0.09;0.25;2019-10-01;Pre-covid;Pre-covid
2019;10;Andalucia;Patatas;20979.21;18638.9;0.89;83.07;2.42;2.15;2019-10-01;Pre-covid;Pre-covid
2019;10;Andalucia;Patatas frescas;14926.87;12314.35;0.82;68.18;1.72;1.42;2019-10-01;Pre-covid;Pre-covid
2019;10;Andalucia;Patatas congeladas;743.46;884.02;1.19;12.17;0.09;0.1;2019-10-01;Pre-covid;Pre-covid
2019;10;Andalucia;Patatas procesadas;1061.78;5440.53;5.12;51.3;0.12;0.63;2019-10-01;Pre-covid;Pre-covid
2019;10;Andalucia;Patatas fritas;882.02;5165.81;5.86;49.35;0.1;0.6;2019-10-01;Pre-covid;Pre-covid
2019;10;Andalucia;Hortalizas frescas;38518.85;69621.92;1.81;96.47;4.44;8.02;2019-10-01;Pre-covid;Pre-covid
2019;10;Andalucia;Omates;9927.32;16050.3;1.62;78.12;1.14;1.85;2019-10-01;Pre-covid;Pre-covid
2019;10;Andalucia;Cebollas;4554.87;5019.13;1.1;65.11;0.52;0.58;2019-10-01;Pre-covid;Pre-covid
2019;10;Andalucia;Ajos;584.44;2289.13;3.92;33.74;0.07;0.26;2019-10-01;Pre-covid;Pre-covid
2019;10;Andalucia;Coles;610.77;660.22;1.08;15.07;0.07;0.08;2019-10-01;Pre-covid;Pre-covid
2019;10;Andalucia;Pepinos;1414.38;1823.25;1.29;37.4;0.16;0.21;2019-10-01;Pre-covid;Pre-covid
2019;10;Andalucia;Judias verdes;1059.03;3162.67;2.99;30.68;0.12;0.36;2019-10-01;Pre-covid;Pre-covid
2019;10;Andalucia;Pimientos;3555.52;6284.49;1.77;67.62;0.41;0.72;2019-10-01;Pre-covid;Pre-covid
2019;10;Andalucia;Champiñoneso setas;844.2;3547.66;4.2;39.1;0.1;0.41;2019-10-01;Pre-covid;Pre-covid
2019;10;Andalucia;Lechuga/esc /endivia;2673.06;7326.28;2.74;68.9;0.31;0.84;2019-10-01;Pre-covid;Pre-covid
2019;10;Andalucia;Esparragos;253.2;706.89;2.79;8.64;0.03;0.08;2019-10-01;Pre-covid;Pre-covid
2019;10;Andalucia;Verduras de hoja;481.2;1296.64;2.69;21.5;0.06;0.15;2019-10-01;Pre-covid;Pre-covid
2019;10;Andalucia;Berenjenas;1620.59;2367.12;1.46;37.21;0.19;0.27;2019-10-01;Pre-covid;Pre-covid
2019;10;Andalucia;Zanahorias;2370.36;2238.75;0.94;57.3;0.27;0.26;2019-10-01;Pre-covid;Pre-covid
2019;10;Andalucia;Calabacines;2806.16;3780.5;1.35;52.52;0.32;0.44;2019-10-01;Pre-covid;Pre-covid
2019;10;Andalucia;Otr hortalizas/verd ;5763.74;13068.87;2.27;75.08;0.66;1.51;2019-10-01;Pre-covid;Pre-covid
2019;10;Andalucia;Brocoli;675.21;1339.88;1.98;21.69;0.08;0.15;2019-10-01;Pre-covid;Pre-covid
2019;10;Andalucia;Alcachofas;224.33;579.5;2.58;9.69;0.03;0.07;2019-10-01;Pre-covid;Pre-covid
2019;10;Andalucia;Apio;356.87;577.38;1.62;14.12;0.04;0.07;2019-10-01;Pre-covid;Pre-covid
2019;10;Andalucia;Coliflor;503.45;964.68;1.92;11.46;0.06;0.11;2019-10-01;Pre-covid;Pre-covid
2019;10;Andalucia;Verd /hort  iv gama;5051.81;12141.11;2.4;68.15;0.58;1.4;2019-10-01;Pre-covid;Pre-covid
2019;10;Andalucia;Puerro;639.86;1607.69;2.51;28.63;0.07;0.19;2019-10-01;Pre-covid;Pre-covid
2019;10;Aragon;Patatas;2751.74;2511.41;0.91;84.05;2.1;1.92;2019-10-01;Pre-covid;Pre-covid
2019;10;Aragon;Patatas frescas;2209.17;1846.0;0.84;73.91;1.69;1.41;2019-10-01;Pre-covid;Pre-covid
2019;10;Aragon;Patatas congeladas;55.13;91.14;1.65;10.87;0.04;0.07;2019-10-01;Pre-covid;Pre-covid
2019;10;Aragon;Patatas procesadas;97.49;574.27;5.89;37.55;0.07;0.44;2019-10-01;Pre-covid;Pre-covid
2019;10;Aragon;Patatas fritas;88.63;564.2;6.37;36.44;0.07;0.43;2019-10-01;Pre-covid;Pre-covid
2019;10;Aragon;Hortalizas frescas;8722.27;16347.62;1.87;96.69;6.66;12.48;2019-10-01;Pre-covid;Pre-covid
2019;10;Aragon;Omates;2452.51;4192.84;1.71;76.72;1.87;3.2;2019-10-01;Pre-covid;Pre-covid
2019;10;Aragon;Cebollas;815.98;1012.08;1.24;53.05;0.62;0.77;2019-10-01;Pre-covid;Pre-covid
2019;10;Aragon;Ajos;50.57;218.57;4.32;25.41;0.04;0.17;2019-10-01;Pre-covid;Pre-covid
2019;10;Aragon;Coles;174.33;321.41;1.84;14.95;0.13;0.25;2019-10-01;Pre-covid;Pre-covid
2019;10;Aragon;Pepinos;266.82;342.34;1.28;37.37;0.2;0.26;2019-10-01;Pre-covid;Pre-covid
2019;10;Aragon;Judias verdes;574.93;1735.7;3.02;44.16;0.44;1.33;2019-10-01;Pre-covid;Pre-covid
2019;10;Aragon;Pimientos;707.35;1235.39;1.75;60.96;0.54;0.94;2019-10-01;Pre-covid;Pre-covid
2019;10;Aragon;Champiñoneso setas;173.62;744.51;4.29;41.66;0.13;0.57;2019-10-01;Pre-covid;Pre-covid
2019;10;Aragon;Lechuga/esc /endivia;623.31;1638.53;2.63;65.24;0.48;1.25;2019-10-01;Pre-covid;Pre-covid
2019;10;Aragon;Esparragos;53.02;184.3;3.48;7.76;0.04;0.14;2019-10-01;Pre-covid;Pre-covid
2019;10;Aragon;Verduras de hoja;422.23;748.36;1.77;31.5;0.32;0.57;2019-10-01;Pre-covid;Pre-covid
2019;10;Aragon;Berenjenas;296.04;437.6;1.48;33.71;0.23;0.33;2019-10-01;Pre-covid;Pre-covid
2019;10;Aragon;Zanahorias;336.87;294.88;0.88;56.01;0.26;0.23;2019-10-01;Pre-covid;Pre-covid
2019;10;Aragon;Calabacines;487.25;606.19;1.24;47.72;0.37;0.46;2019-10-01;Pre-covid;Pre-covid
2019;10;Aragon;Otr hortalizas/verd ;1287.44;2634.92;2.05;74.47;0.98;2.01;2019-10-01;Pre-covid;Pre-covid
2019;10;Aragon;Brocoli;199.23;354.02;1.78;35.28;0.15;0.27;2019-10-01;Pre-covid;Pre-covid
2019;10;Aragon;Alcachofas;20.11;39.36;1.96;5.32;0.02;0.03;2019-10-01;Pre-covid;Pre-covid
2019;10;Aragon;Apio;92.73;148.59;1.6;9.48;0.07;0.11;2019-10-01;Pre-covid;Pre-covid
2019;10;Aragon;Coliflor;72.68;129.11;1.78;7.86;0.06;0.1;2019-10-01;Pre-covid;Pre-covid
2019;10;Aragon;Verd /hort  iv gama;1043.1;2511.86;2.41;67.22;0.8;1.92;2019-10-01;Pre-covid;Pre-covid
2019;10;Aragon;Puerro;95.4;272.75;2.86;20.68;0.07;0.21;2019-10-01;Pre-covid;Pre-covid
2019;10;Asturias;Patatas;2797.98;2336.58;0.84;67.79;2.6;2.17;2019-10-01;Pre-covid;Pre-covid
2019;10;Asturias;Patatas frescas;2365.61;1815.64;0.77;62.74;2.2;1.69;2019-10-01;Pre-covid;Pre-covid
2019;10;Asturias;Patatas congeladas;83.11;103.71;1.25;9.78;0.08;0.1;2019-10-01;Pre-covid;Pre-covid
2019;10;Asturias;Patatas procesadas;69.85;417.23;5.97;26.23;0.06;0.39;2019-10-01;Pre-covid;Pre-covid
2019;10;Asturias;Patatas fritas;54.55;392.71;7.2;24.0;0.05;0.37;2019-10-01;Pre-covid;Pre-covid
2019;10;Asturias;Hortalizas frescas;4120.82;8231.64;2.0;94.56;3.83;7.66;2019-10-01;Pre-covid;Pre-covid
2019;10;Asturias;Omates;1029.21;2084.13;2.02;67.64;0.96;1.94;2019-10-01;Pre-covid;Pre-covid
2019;10;Asturias;Cebollas;635.14;782.32;1.23;65.67;0.59;0.73;2019-10-01;Pre-covid;Pre-covid
2019;10;Asturias;Ajos;82.92;417.6;5.04;42.14;0.08;0.39;2019-10-01;Pre-covid;Pre-covid
2019;10;Asturias;Coles;72.5;82.78;1.14;13.04;0.07;0.08;2019-10-01;Pre-covid;Pre-covid
2019;10;Asturias;Pepinos;60.78;80.4;1.32;21.17;0.06;0.07;2019-10-01;Pre-covid;Pre-covid
2019;10;Asturias;Judias verdes;96.5;277.24;2.87;19.89;0.09;0.26;2019-10-01;Pre-covid;Pre-covid
2019;10;Asturias;Pimientos;536.66;1004.68;1.87;57.42;0.5;0.93;2019-10-01;Pre-covid;Pre-covid
2019;10;Asturias;Champiñoneso setas;92.96;427.41;4.6;26.89;0.09;0.4;2019-10-01;Pre-covid;Pre-covid
2019;10;Asturias;Lechuga/esc /endivia;277.47;745.15;2.69;60.04;0.26;0.69;2019-10-01;Pre-covid;Pre-covid
2019;10;Asturias;Esparragos;31.6;54.73;1.73;4.69;0.03;0.05;2019-10-01;Pre-covid;Pre-covid
2019;10;Asturias;Verduras de hoja;37.35;96.71;2.59;14.45;0.03;0.09;2019-10-01;Pre-covid;Pre-covid
2019;10;Asturias;Berenjenas;95.13;144.54;1.52;17.74;0.09;0.13;2019-10-01;Pre-covid;Pre-covid
2019;10;Asturias;Zanahorias;264.45;254.16;0.96;54.12;0.25;0.24;2019-10-01;Pre-covid;Pre-covid
2019;10;Asturias;Calabacines;270.44;355.81;1.32;44.12;0.25;0.33;2019-10-01;Pre-covid;Pre-covid
2019;10;Asturias;Otr hortalizas/verd ;537.71;1423.98;2.65;66.87;0.5;1.32;2019-10-01;Pre-covid;Pre-covid
2019;10;Asturias;Brocoli;102.69;198.43;1.93;17.4;0.1;0.18;2019-10-01;Pre-covid;Pre-covid
2019;10;Asturias;Alcachofas;1.68;5.64;3.37;1.05;0.0;0.01;2019-10-01;Pre-covid;Pre-covid
2019;10;Asturias;Apio;21.47;28.98;1.35;2.7;0.02;0.03;2019-10-01;Pre-covid;Pre-covid
2019;10;Asturias;Coliflor;36.27;61.52;1.7;6.82;0.03;0.06;2019-10-01;Pre-covid;Pre-covid
2019;10;Asturias;Verd /hort  iv gama;553.7;1408.58;2.54;54.82;0.52;1.31;2019-10-01;Pre-covid;Pre-covid
2019;10;Asturias;Puerro;109.36;325.09;2.97;32.54;0.1;0.3;2019-10-01;Pre-covid;Pre-covid
2019;10;Baleares;Patatas;2697.75;2531.5;0.94;78.18;2.56;2.4;2019-10-01;Pre-covid;Pre-covid
2019;10;Baleares;Patatas frescas;1667.07;1601.49;0.96;67.79;1.58;1.52;2019-10-01;Pre-covid;Pre-covid
2019;10;Baleares;Patatas congeladas;72.06;89.37;1.24;9.91;0.07;0.08;2019-10-01;Pre-covid;Pre-covid
2019;10;Baleares;Patatas procesadas;191.72;840.65;4.38;40.66;0.18;0.8;2019-10-01;Pre-covid;Pre-covid
2019;10;Baleares;Patatas fritas;113.09;708.34;6.26;37.08;0.11;0.67;2019-10-01;Pre-covid;Pre-covid
2019;10;Baleares;Hortalizas frescas;5866.54;12651.66;2.16;99.56;5.56;11.99;2019-10-01;Pre-covid;Pre-covid
2019;10;Baleares;Omates;1243.47;2291.19;1.84;84.6;1.18;2.17;2019-10-01;Pre-covid;Pre-covid
2019;10;Baleares;Cebollas;665.81;845.5;1.27;61.77;0.63;0.8;2019-10-01;Pre-covid;Pre-covid
2019;10;Baleares;Ajos;58.12;279.12;4.8;30.4;0.06;0.26;2019-10-01;Pre-covid;Pre-covid
2019;10;Baleares;Coles;149.81;154.9;1.03;15.05;0.14;0.15;2019-10-01;Pre-covid;Pre-covid
2019;10;Baleares;Pepinos;173.36;254.19;1.47;33.45;0.16;0.24;2019-10-01;Pre-covid;Pre-covid
2019;10;Baleares;Judias verdes;153.2;449.49;2.93;33.06;0.15;0.43;2019-10-01;Pre-covid;Pre-covid
2019;10;Baleares;Pimientos;499.91;989.81;1.98;70.6;0.47;0.94;2019-10-01;Pre-covid;Pre-covid
2019;10;Baleares;Champiñoneso setas;205.44;1073.43;5.23;59.12;0.19;1.02;2019-10-01;Pre-covid;Pre-covid
2019;10;Baleares;Lechuga/esc /endivia;430.84;1407.12;3.27;76.26;0.41;1.33;2019-10-01;Pre-covid;Pre-covid
2019;10;Baleares;Esparragos;117.81;261.3;2.22;14.12;0.11;0.25;2019-10-01;Pre-covid;Pre-covid
2019;10;Baleares;Verduras de hoja;142.23;544.84;3.83;29.62;0.13;0.52;2019-10-01;Pre-covid;Pre-covid
2019;10;Baleares;Berenjenas;211.65;325.92;1.54;39.47;0.2;0.31;2019-10-01;Pre-covid;Pre-covid
2019;10;Baleares;Zanahorias;369.03;340.05;0.92;61.81;0.35;0.32;2019-10-01;Pre-covid;Pre-covid
2019;10;Baleares;Calabacines;344.39;477.39;1.39;55.54;0.33;0.45;2019-10-01;Pre-covid;Pre-covid
2019;10;Baleares;Otr hortalizas/verd ;1101.48;2957.43;2.68;88.58;1.04;2.8;2019-10-01;Pre-covid;Pre-covid
2019;10;Baleares;Brocoli;140.69;344.37;2.45;38.99;0.13;0.33;2019-10-01;Pre-covid;Pre-covid
2019;10;Baleares;Alcachofas;49.82;141.97;2.85;11.87;0.05;0.13;2019-10-01;Pre-covid;Pre-covid
2019;10;Baleares;Apio;76.28;122.9;1.61;18.04;0.07;0.12;2019-10-01;Pre-covid;Pre-covid
2019;10;Baleares;Coliflor;104.1;239.37;2.3;18.72;0.1;0.23;2019-10-01;Pre-covid;Pre-covid
2019;10;Baleares;Verd /hort  iv gama;797.53;2467.89;3.09;72.57;0.76;2.34;2019-10-01;Pre-covid;Pre-covid
2019;10;Baleares;Puerro;147.3;425.62;2.89;31.34;0.14;0.4;2019-10-01;Pre-covid;Pre-covid
2019;10;Canarias;Patatas;4972.6;4657.73;0.94;78.63;2.25;2.11;2019-10-01;Pre-covid;Pre-covid
2019;10;Canarias;Patatas frescas;4038.93;3719.02;0.92;68.25;1.83;1.68;2019-10-01;Pre-covid;Pre-covid
2019;10;Canarias;Patatas congeladas;216.84;230.04;1.06;9.76;0.1;0.1;2019-10-01;Pre-covid;Pre-covid
2019;10;Canarias;Patatas procesadas;143.37;708.68;4.94;37.44;0.06;0.32;2019-10-01;Pre-covid;Pre-covid
2019;10;Canarias;Patatas fritas;107.1;643.29;6.01;37.87;0.05;0.29;2019-10-01;Pre-covid;Pre-covid
2019;10;Canarias;Hortalizas frescas;9381.3;17827.78;1.9;95.06;4.25;8.07;2019-10-01;Pre-covid;Pre-covid
2019;10;Canarias;Omates;2033.65;3393.77;1.67;82.91;0.92;1.54;2019-10-01;Pre-covid;Pre-covid
2019;10;Canarias;Cebollas;1180.98;1521.91;1.29;70.25;0.53;0.69;2019-10-01;Pre-covid;Pre-covid
2019;10;Canarias;Ajos;66.32;303.18;4.57;29.29;0.03;0.14;2019-10-01;Pre-covid;Pre-covid
2019;10;Canarias;Coles;255.8;312.86;1.22;19.38;0.12;0.14;2019-10-01;Pre-covid;Pre-covid
2019;10;Canarias;Pepinos;352.79;544.79;1.54;36.42;0.16;0.25;2019-10-01;Pre-covid;Pre-covid
2019;10;Canarias;Judias verdes;205.75;409.89;1.99;18.6;0.09;0.19;2019-10-01;Pre-covid;Pre-covid
2019;10;Canarias;Pimientos;1004.68;1864.94;1.86;77.78;0.45;0.84;2019-10-01;Pre-covid;Pre-covid
2019;10;Canarias;Champiñoneso setas;188.25;829.96;4.41;34.01;0.09;0.38;2019-10-01;Pre-covid;Pre-covid
2019;10;Canarias;Lechuga/esc /endivia;631.62;1736.11;2.75;62.94;0.29;0.79;2019-10-01;Pre-covid;Pre-covid
2019;10;Canarias;Esparragos;10.51;76.01;7.23;3.14;0.0;0.03;2019-10-01;Pre-covid;Pre-covid
2019;10;Canarias;Verduras de hoja;57.75;290.26;5.03;21.7;0.03;0.13;2019-10-01;Pre-covid;Pre-covid
2019;10;Canarias;Berenjenas;129.29;195.99;1.52;19.44;0.06;0.09;2019-10-01;Pre-covid;Pre-covid
2019;10;Canarias;Zanahorias;876.05;823.43;0.94;73.23;0.4;0.37;2019-10-01;Pre-covid;Pre-covid
2019;10;Canarias;Calabacines;935.64;1293.09;1.38;63.83;0.42;0.59;2019-10-01;Pre-covid;Pre-covid
2019;10;Canarias;Otr hortalizas/verd ;1452.24;4231.58;2.91;74.15;0.66;1.92;2019-10-01;Pre-covid;Pre-covid
2019;10;Canarias;Brocoli;48.3;112.31;2.33;4.81;0.02;0.05;2019-10-01;Pre-covid;Pre-covid
2019;10;Canarias;Alcachofas;3.29;8.35;2.54;1.6;0.0;0.0;2019-10-01;Pre-covid;Pre-covid
2019;10;Canarias;Apio;74.72;111.69;1.49;6.13;0.03;0.05;2019-10-01;Pre-covid;Pre-covid
2019;10;Canarias;Coliflor;48.09;118.48;2.46;6.95;0.02;0.05;2019-10-01;Pre-covid;Pre-covid
2019;10;Canarias;Verd /hort  iv gama;1557.37;3965.24;2.55;63.53;0.71;1.8;2019-10-01;Pre-covid;Pre-covid
2019;10;Canarias;Puerro;159.12;439.04;2.76;32.21;0.07;0.2;2019-10-01;Pre-covid;Pre-covid
2019;10;Cantabria;Patatas;1551.55;1375.58;0.89;79.91;2.75;2.44;2019-10-01;Pre-covid;Pre-covid
2019;10;Cantabria;Patatas frescas;1163.03;987.63;0.85;64.84;2.06;1.75;2019-10-01;Pre-covid;Pre-covid
2019;10;Cantabria;Patatas congeladas;24.88;33.54;1.35;9.71;0.04;0.06;2019-10-01;Pre-covid;Pre-covid
2019;10;Cantabria;Patatas procesadas;72.73;354.4;4.87;46.7;0.13;0.63;2019-10-01;Pre-covid;Pre-covid
2019;10;Cantabria;Patatas fritas;43.36;309.99;7.15;43.33;0.08;0.55;2019-10-01;Pre-covid;Pre-covid
2019;10;Cantabria;Hortalizas frescas;2575.7;5090.15;1.98;97.45;4.57;9.03;2019-10-01;Pre-covid;Pre-covid
2019;10;Cantabria;Omates;533.46;1111.51;2.08;66.84;0.95;1.97;2019-10-01;Pre-covid;Pre-covid
2019;10;Cantabria;Cebollas;554.2;554.5;1.0;63.32;0.98;0.98;2019-10-01;Pre-covid;Pre-covid
2019;10;Cantabria;Ajos;19.1;97.32;5.09;33.59;0.03;0.17;2019-10-01;Pre-covid;Pre-covid
2019;10;Cantabria;Coles;39.57;47.91;1.21;13.67;0.07;0.09;2019-10-01;Pre-covid;Pre-covid
2019;10;Cantabria;Pepinos;165.87;234.96;1.42;31.86;0.29;0.42;2019-10-01;Pre-covid;Pre-covid
2019;10;Cantabria;Judias verdes;153.6;785.95;5.12;35.47;0.27;1.39;2019-10-01;Pre-covid;Pre-covid
2019;10;Cantabria;Pimientos;211.85;385.69;1.82;49.67;0.38;0.68;2019-10-01;Pre-covid;Pre-covid
2019;10;Cantabria;Champiñoneso setas;55.47;205.96;3.71;29.42;0.1;0.37;2019-10-01;Pre-covid;Pre-covid
2019;10;Cantabria;Lechuga/esc /endivia;151.16;420.3;2.78;72.66;0.27;0.75;2019-10-01;Pre-covid;Pre-covid
2019;10;Cantabria;Esparragos;1.14;7.99;7.0;1.31;0.0;0.01;2019-10-01;Pre-covid;Pre-covid
2019;10;Cantabria;Verduras de hoja;23.39;59.53;2.54;12.46;0.04;0.11;2019-10-01;Pre-covid;Pre-covid
2019;10;Cantabria;Berenjenas;40.51;69.54;1.72;28.04;0.07;0.12;2019-10-01;Pre-covid;Pre-covid
2019;10;Cantabria;Zanahorias;189.07;157.45;0.83;64.13;0.34;0.28;2019-10-01;Pre-covid;Pre-covid
2019;10;Cantabria;Calabacines;176.38;240.87;1.37;51.97;0.31;0.43;2019-10-01;Pre-covid;Pre-covid
2019;10;Cantabria;Otr hortalizas/verd ;260.92;710.67;2.72;61.24;0.46;1.26;2019-10-01;Pre-covid;Pre-covid
2019;10;Cantabria;Brocoli;50.73;101.56;2.0;18.44;0.09;0.18;2019-10-01;Pre-covid;Pre-covid
2019;10;Cantabria;Alcachofas;8.5;18.55;2.18;5.06;0.02;0.03;2019-10-01;Pre-covid;Pre-covid
2019;10;Cantabria;Apio;8.56;13.49;1.58;4.7;0.02;0.02;2019-10-01;Pre-covid;Pre-covid
2019;10;Cantabria;Coliflor;2.45;4.39;1.79;1.33;0.0;0.01;2019-10-01;Pre-covid;Pre-covid
2019;10;Cantabria;Verd /hort  iv gama;376.66;699.15;1.86;59.91;0.67;1.24;2019-10-01;Pre-covid;Pre-covid
2019;10;Cantabria;Puerro;60.81;163.46;2.69;34.07;0.11;0.29;2019-10-01;Pre-covid;Pre-covid
2019;10;Castilla la mancha;Patatas;4636.4;4276.48;0.92;76.79;2.21;2.04;2019-10-01;Pre-covid;Pre-covid
2019;10;Castilla la mancha;Patatas frescas;3081.93;2634.21;0.85;59.72;1.47;1.26;2019-10-01;Pre-covid;Pre-covid
2019;10;Castilla la mancha;Patatas congeladas;222.98;283.27;1.27;18.05;0.11;0.14;2019-10-01;Pre-covid;Pre-covid
2019;10;Castilla la mancha;Patatas procesadas;266.3;1359.0;5.1;57.0;0.13;0.65;2019-10-01;Pre-covid;Pre-covid
2019;10;Castilla la mancha;Patatas fritas;220.77;1291.99;5.85;54.56;0.11;0.62;2019-10-01;Pre-covid;Pre-covid
2019;10;Castilla la mancha;Hortalizas frescas;8128.87;15132.16;1.86;95.3;3.88;7.22;2019-10-01;Pre-covid;Pre-covid
2019;10;Castilla la mancha;Omates;2156.51;3690.35;1.71;77.45;1.03;1.76;2019-10-01;Pre-covid;Pre-covid
2019;10;Castilla la mancha;Cebollas;755.11;861.73;1.14;59.05;0.36;0.41;2019-10-01;Pre-covid;Pre-covid
2019;10;Castilla la mancha;Ajos;96.25;374.83;3.89;31.7;0.05;0.18;2019-10-01;Pre-covid;Pre-covid
2019;10;Castilla la mancha;Coles;173.66;207.18;1.19;17.8;0.08;0.1;2019-10-01;Pre-covid;Pre-covid
2019;10;Castilla la mancha;Pepinos;433.15;531.0;1.23;39.78;0.21;0.25;2019-10-01;Pre-covid;Pre-covid
2019;10;Castilla la mancha;Judias verdes;223.24;759.6;3.4;26.32;0.11;0.36;2019-10-01;Pre-covid;Pre-covid
2019;10;Castilla la mancha;Pimientos;1004.76;1662.95;1.66;62.3;0.48;0.79;2019-10-01;Pre-covid;Pre-covid
2019;10;Castilla la mancha;Champiñoneso setas;235.09;1013.73;4.31;41.08;0.11;0.48;2019-10-01;Pre-covid;Pre-covid
2019;10;Castilla la mancha;Lechuga/esc /endivia;473.02;1273.02;2.69;52.58;0.23;0.61;2019-10-01;Pre-covid;Pre-covid
2019;10;Castilla la mancha;Esparragos;38.51;180.65;4.69;9.07;0.02;0.09;2019-10-01;Pre-covid;Pre-covid
2019;10;Castilla la mancha;Verduras de hoja;200.84;582.06;2.9;24.03;0.1;0.28;2019-10-01;Pre-covid;Pre-covid
2019;10;Castilla la mancha;Berenjenas;255.45;380.1;1.49;24.28;0.12;0.18;2019-10-01;Pre-covid;Pre-covid
2019;10;Castilla la mancha;Zanahorias;470.32;386.63;0.82;45.63;0.22;0.18;2019-10-01;Pre-covid;Pre-covid
2019;10;Castilla la mancha;Calabacines;503.49;681.69;1.35;51.5;0.24;0.33;2019-10-01;Pre-covid;Pre-covid
2019;10;Castilla la mancha;Otr hortalizas/verd ;1109.46;2546.61;2.3;66.88;0.53;1.22;2019-10-01;Pre-covid;Pre-covid
2019;10;Castilla la mancha;Brocoli;194.2;435.79;2.24;20.9;0.09;0.21;2019-10-01;Pre-covid;Pre-covid
2019;10;Castilla la mancha;Alcachofas;41.06;136.4;3.32;6.92;0.02;0.07;2019-10-01;Pre-covid;Pre-covid
2019;10;Castilla la mancha;Apio;68.27;114.36;1.68;9.57;0.03;0.05;2019-10-01;Pre-covid;Pre-covid
2019;10;Castilla la mancha;Coliflor;51.39;110.17;2.14;5.86;0.02;0.05;2019-10-01;Pre-covid;Pre-covid
2019;10;Castilla la mancha;Verd /hort  iv gama;1025.61;2344.37;2.29;56.2;0.49;1.12;2019-10-01;Pre-covid;Pre-covid
2019;10;Castilla la mancha;Puerro;172.27;417.48;2.42;28.11;0.08;0.2;2019-10-01;Pre-covid;Pre-covid
2019;10;Castilla leon;Patatas;4914.33;4366.81;0.89;66.01;2.04;1.82;2019-10-01;Pre-covid;Pre-covid
2019;10;Castilla leon;Patatas frescas;3944.08;3281.39;0.83;51.51;1.64;1.37;2019-10-01;Pre-covid;Pre-covid
2019;10;Castilla leon;Patatas congeladas;80.4;100.58;1.25;5.39;0.03;0.04;2019-10-01;Pre-covid;Pre-covid
2019;10;Castilla leon;Patatas procesadas;177.97;984.84;5.53;37.27;0.07;0.41;2019-10-01;Pre-covid;Pre-covid
2019;10;Castilla leon;Patatas fritas;147.63;939.8;6.37;35.56;0.06;0.39;2019-10-01;Pre-covid;Pre-covid
2019;10;Castilla leon;Hortalizas frescas;11701.08;20604.82;1.76;90.43;4.87;8.57;2019-10-01;Pre-covid;Pre-covid
2019;10;Castilla leon;Omates;2882.16;4916.95;1.71;66.14;1.2;2.05;2019-10-01;Pre-covid;Pre-covid
2019;10;Castilla leon;Cebollas;1168.77;1248.29;1.07;56.75;0.49;0.52;2019-10-01;Pre-covid;Pre-covid
2019;10;Castilla leon;Ajos;134.16;506.83;3.78;34.53;0.06;0.21;2019-10-01;Pre-covid;Pre-covid
2019;10;Castilla leon;Coles;497.42;672.8;1.35;20.56;0.21;0.28;2019-10-01;Pre-covid;Pre-covid
2019;10;Castilla leon;Pepinos;373.5;480.06;1.29;28.89;0.16;0.2;2019-10-01;Pre-covid;Pre-covid
2019;10;Castilla leon;Judias verdes;221.77;651.4;2.94;23.07;0.09;0.27;2019-10-01;Pre-covid;Pre-covid
2019;10;Castilla leon;Pimientos;1691.18;2995.43;1.77;56.04;0.7;1.25;2019-10-01;Pre-covid;Pre-covid
2019;10;Castilla leon;Champiñoneso setas;227.58;849.84;3.73;27.94;0.09;0.35;2019-10-01;Pre-covid;Pre-covid
2019;10;Castilla leon;Lechuga/esc /endivia;725.23;1821.76;2.51;57.12;0.3;0.76;2019-10-01;Pre-covid;Pre-covid
2019;10;Castilla leon;Esparragos;35.72;168.93;4.73;5.18;0.01;0.07;2019-10-01;Pre-covid;Pre-covid
2019;10;Castilla leon;Verduras de hoja;194.56;493.98;2.54;18.4;0.08;0.21;2019-10-01;Pre-covid;Pre-covid
2019;10;Castilla leon;Berenjenas;344.59;554.27;1.61;19.11;0.14;0.23;2019-10-01;Pre-covid;Pre-covid
2019;10;Castilla leon;Zanahorias;798.22;674.64;0.85;60.23;0.33;0.28;2019-10-01;Pre-covid;Pre-covid
2019;10;Castilla leon;Calabacines;751.11;1031.42;1.37;42.35;0.31;0.43;2019-10-01;Pre-covid;Pre-covid
2019;10;Castilla leon;Otr hortalizas/verd ;1655.12;3538.22;2.14;67.56;0.69;1.47;2019-10-01;Pre-covid;Pre-covid
2019;10;Castilla leon;Brocoli;373.56;629.74;1.69;23.74;0.16;0.26;2019-10-01;Pre-covid;Pre-covid
2019;10;Castilla leon;Alcachofas;27.44;77.81;2.84;5.18;0.01;0.03;2019-10-01;Pre-covid;Pre-covid
2019;10;Castilla leon;Apio;56.08;107.35;1.91;8.12;0.02;0.04;2019-10-01;Pre-covid;Pre-covid
2019;10;Castilla leon;Coliflor;148.87;248.4;1.67;11.95;0.06;0.1;2019-10-01;Pre-covid;Pre-covid
2019;10;Castilla leon;Verd /hort  iv gama;1019.25;2627.95;2.58;57.51;0.42;1.09;2019-10-01;Pre-covid;Pre-covid
2019;10;Castilla leon;Puerro;239.42;689.85;2.88;34.77;0.1;0.29;2019-10-01;Pre-covid;Pre-covid
2019;10;Cataluña;Patatas;17621.31;17848.69;1.01;84.33;2.46;2.49;2019-10-01;Pre-covid;Pre-covid
2019;10;Cataluña;Patatas frescas;12362.32;11944.55;0.97;74.81;1.73;1.67;2019-10-01;Pre-covid;Pre-covid
2019;10;Cataluña;Patatas congeladas;419.1;616.47;1.47;9.01;0.06;0.09;2019-10-01;Pre-covid;Pre-covid
2019;10;Cataluña;Patatas procesadas;967.98;5287.67;5.46;52.56;0.14;0.74;2019-10-01;Pre-covid;Pre-covid
2019;10;Cataluña;Patatas fritas;749.07;4948.88;6.61;50.34;0.1;0.69;2019-10-01;Pre-covid;Pre-covid
2019;10;Cataluña;Hortalizas frescas;40508.12;79459.66;1.96;97.04;5.66;11.1;2019-10-01;Pre-covid;Pre-covid
2019;10;Cataluña;Omates;8962.07;16532.22;1.84;84.2;1.25;2.31;2019-10-01;Pre-covid;Pre-covid
2019;10;Cataluña;Cebollas;4731.39;5947.79;1.26;68.43;0.66;0.83;2019-10-01;Pre-covid;Pre-covid
2019;10;Cataluña;Ajos;288.03;1419.87;4.93;28.88;0.04;0.2;2019-10-01;Pre-covid;Pre-covid
2019;10;Cataluña;Coles;1079.42;1186.38;1.1;20.72;0.15;0.17;2019-10-01;Pre-covid;Pre-covid
2019;10;Cataluña;Pepinos;1340.97;1730.39;1.29;36.77;0.19;0.24;2019-10-01;Pre-covid;Pre-covid
2019;10;Cataluña;Judias verdes;1602.04;6182.5;3.86;44.41;0.22;0.86;2019-10-01;Pre-covid;Pre-covid
2019;10;Cataluña;Pimientos;3124.67;5357.48;1.71;61.8;0.44;0.75;2019-10-01;Pre-covid;Pre-covid
2019;10;Cataluña;Champiñoneso setas;935.27;4558.05;4.87;42.31;0.13;0.64;2019-10-01;Pre-covid;Pre-covid
2019;10;Cataluña;Lechuga/esc /endivia;2889.14;8560.65;2.96;71.1;0.4;1.2;2019-10-01;Pre-covid;Pre-covid
2019;10;Cataluña;Esparragos;489.46;1096.97;2.24;11.09;0.07;0.15;2019-10-01;Pre-covid;Pre-covid
2019;10;Cataluña;Verduras de hoja;904.54;2237.87;2.47;27.64;0.13;0.31;2019-10-01;Pre-covid;Pre-covid
2019;10;Cataluña;Berenjenas;1624.87;2335.07;1.44;41.04;0.23;0.33;2019-10-01;Pre-covid;Pre-covid
2019;10;Cataluña;Zanahorias;2036.75;2108.26;1.04;53.59;0.28;0.29;2019-10-01;Pre-covid;Pre-covid
2019;10;Cataluña;Calabacines;2905.7;3985.56;1.37;55.09;0.41;0.56;2019-10-01;Pre-covid;Pre-covid
2019;10;Cataluña;Otr hortalizas/verd ;7593.81;16220.6;2.14;81.5;1.06;2.27;2019-10-01;Pre-covid;Pre-covid
2019;10;Cataluña;Brocoli;1192.57;1944.73;1.63;27.02;0.17;0.27;2019-10-01;Pre-covid;Pre-covid
2019;10;Cataluña;Alcachofas;281.77;787.15;2.79;10.56;0.04;0.11;2019-10-01;Pre-covid;Pre-covid
2019;10;Cataluña;Apio;537.54;665.92;1.24;15.01;0.08;0.09;2019-10-01;Pre-covid;Pre-covid
2019;10;Cataluña;Coliflor;336.72;680.72;2.02;7.87;0.05;0.1;2019-10-01;Pre-covid;Pre-covid
2019;10;Cataluña;Verd /hort  iv gama;4624.61;12540.66;2.71;70.66;0.65;1.75;2019-10-01;Pre-covid;Pre-covid
2019;10;Cataluña;Puerro;724.16;1708.35;2.36;29.93;0.1;0.24;2019-10-01;Pre-covid;Pre-covid
2019;10;Extremadura;Patatas;3234.44;3031.95;0.94;80.47;2.75;2.58;2019-10-01;Pre-covid;Pre-covid
2019;10;Extremadura;Patatas frescas;2506.88;2267.27;0.9;53.33;2.13;1.93;2019-10-01;Pre-covid;Pre-covid
2019;10;Extremadura;Patatas congeladas;76.03;81.62;1.07;10.06;0.06;0.07;2019-10-01;Pre-covid;Pre-covid
2019;10;Extremadura;Patatas procesadas;130.31;683.06;5.24;59.35;0.11;0.58;2019-10-01;Pre-covid;Pre-covid
2019;10;Extremadura;Patatas fritas;123.16;671.96;5.46;58.19;0.1;0.57;2019-10-01;Pre-covid;Pre-covid
2019;10;Extremadura;Hortalizas frescas;6717.86;11866.61;1.77;98.53;5.71;10.08;2019-10-01;Pre-covid;Pre-covid
2019;10;Extremadura;Omates;2014.9;3311.19;1.64;75.69;1.71;2.81;2019-10-01;Pre-covid;Pre-covid
2019;10;Extremadura;Cebollas;814.32;1047.54;1.29;64.31;0.69;0.89;2019-10-01;Pre-covid;Pre-covid
2019;10;Extremadura;Ajos;73.25;279.35;3.81;29.28;0.06;0.24;2019-10-01;Pre-covid;Pre-covid
2019;10;Extremadura;Coles;186.0;205.4;1.1;23.56;0.16;0.17;2019-10-01;Pre-covid;Pre-covid
2019;10;Extremadura;Pepinos;183.64;234.63;1.28;34.96;0.16;0.2;2019-10-01;Pre-covid;Pre-covid
2019;10;Extremadura;Judias verdes;314.56;963.93;3.06;29.6;0.27;0.82;2019-10-01;Pre-covid;Pre-covid
2019;10;Extremadura;Pimientos;677.54;1124.86;1.66;59.76;0.58;0.96;2019-10-01;Pre-covid;Pre-covid
2019;10;Extremadura;Champiñoneso setas;107.44;433.04;4.03;37.75;0.09;0.37;2019-10-01;Pre-covid;Pre-covid
2019;10;Extremadura;Lechuga/esc /endivia;473.44;1287.51;2.72;64.98;0.4;1.09;2019-10-01;Pre-covid;Pre-covid
2019;10;Extremadura;Esparragos;28.96;40.64;1.4;4.72;0.02;0.03;2019-10-01;Pre-covid;Pre-covid
2019;10;Extremadura;Verduras de hoja;119.61;297.91;2.49;28.5;0.1;0.25;2019-10-01;Pre-covid;Pre-covid
2019;10;Extremadura;Berenjenas;217.59;311.96;1.43;31.09;0.18;0.27;2019-10-01;Pre-covid;Pre-covid
2019;10;Extremadura;Zanahorias;358.16;315.53;0.88;50.12;0.3;0.27;2019-10-01;Pre-covid;Pre-covid
2019;10;Extremadura;Calabacines;425.67;576.64;1.35;53.43;0.36;0.49;2019-10-01;Pre-covid;Pre-covid
2019;10;Extremadura;Otr hortalizas/verd ;722.77;1436.49;1.99;69.89;0.61;1.22;2019-10-01;Pre-covid;Pre-covid
2019;10;Extremadura;Brocoli;70.55;135.95;1.93;17.92;0.06;0.12;2019-10-01;Pre-covid;Pre-covid
2019;10;Extremadura;Alcachofas;29.9;37.35;1.25;4.97;0.03;0.03;2019-10-01;Pre-covid;Pre-covid
2019;10;Extremadura;Apio;32.16;35.75;1.11;6.55;0.03;0.03;2019-10-01;Pre-covid;Pre-covid
2019;10;Extremadura;Coliflor;56.35;106.14;1.88;7.88;0.05;0.09;2019-10-01;Pre-covid;Pre-covid
2019;10;Extremadura;Verd /hort  iv gama;772.23;1582.37;2.05;69.82;0.66;1.34;2019-10-01;Pre-covid;Pre-covid
2019;10;Extremadura;Puerro;106.06;305.55;2.88;23.05;0.09;0.26;2019-10-01;Pre-covid;Pre-covid
2019;10;Galicia;Patatas;7559.16;6394.63;0.85;66.67;2.78;2.35;2019-10-01;Pre-covid;Pre-covid
2019;10;Galicia;Patatas frescas;6342.47;5157.36;0.81;53.66;2.34;1.9;2019-10-01;Pre-covid;Pre-covid
2019;10;Galicia;Patatas congeladas;183.83;191.74;1.04;6.5;0.07;0.07;2019-10-01;Pre-covid;Pre-covid
2019;10;Galicia;Patatas procesadas;206.57;1045.52;5.06;35.85;0.08;0.38;2019-10-01;Pre-covid;Pre-covid
2019;10;Galicia;Patatas fritas;146.51;956.35;6.53;33.71;0.05;0.35;2019-10-01;Pre-covid;Pre-covid
2019;10;Galicia;Hortalizas frescas;13839.8;25662.86;1.85;94.05;5.1;9.45;2019-10-01;Pre-covid;Pre-covid
2019;10;Galicia;Omates;2723.12;4947.56;1.82;65.03;1.0;1.82;2019-10-01;Pre-covid;Pre-covid
2019;10;Galicia;Cebollas;1915.09;2437.48;1.27;50.79;0.71;0.9;2019-10-01;Pre-covid;Pre-covid
2019;10;Galicia;Ajos;160.45;778.13;4.85;33.74;0.06;0.29;2019-10-01;Pre-covid;Pre-covid
2019;10;Galicia;Coles;913.49;956.64;1.05;29.15;0.34;0.35;2019-10-01;Pre-covid;Pre-covid
2019;10;Galicia;Pepinos;207.02;270.5;1.31;17.38;0.08;0.1;2019-10-01;Pre-covid;Pre-covid
2019;10;Galicia;Judias verdes;439.4;1443.96;3.29;23.21;0.16;0.53;2019-10-01;Pre-covid;Pre-covid
2019;10;Galicia;Pimientos;1729.18;3198.15;1.85;63.69;0.64;1.18;2019-10-01;Pre-covid;Pre-covid
2019;10;Galicia;Champiñoneso setas;245.26;1336.74;5.45;28.45;0.09;0.49;2019-10-01;Pre-covid;Pre-covid
2019;10;Galicia;Lechuga/esc /endivia;963.38;2267.88;2.35;51.22;0.35;0.83;2019-10-01;Pre-covid;Pre-covid
2019;10;Galicia;Esparragos;20.75;163.73;7.89;5.56;0.01;0.06;2019-10-01;Pre-covid;Pre-covid
2019;10;Galicia;Verduras de hoja;346.28;793.32;2.29;19.32;0.13;0.29;2019-10-01;Pre-covid;Pre-covid
2019;10;Galicia;Berenjenas;336.28;479.18;1.42;20.47;0.12;0.18;2019-10-01;Pre-covid;Pre-covid
2019;10;Galicia;Zanahorias;768.47;776.96;1.01;52.74;0.28;0.29;2019-10-01;Pre-covid;Pre-covid
2019;10;Galicia;Calabacines;919.2;1508.28;1.64;38.34;0.34;0.56;2019-10-01;Pre-covid;Pre-covid
2019;10;Galicia;Otr hortalizas/verd ;2152.43;4304.35;2.0;67.87;0.79;1.58;2019-10-01;Pre-covid;Pre-covid
2019;10;Galicia;Brocoli;609.24;912.56;1.5;30.45;0.22;0.34;2019-10-01;Pre-covid;Pre-covid
2019;10;Galicia;Alcachofas;4.24;9.62;2.27;0.5;0.0;0.0;2019-10-01;Pre-covid;Pre-covid
2019;10;Galicia;Apio;78.18;126.14;1.61;5.82;0.03;0.05;2019-10-01;Pre-covid;Pre-covid
2019;10;Galicia;Coliflor;78.02;158.77;2.03;6.74;0.03;0.06;2019-10-01;Pre-covid;Pre-covid
2019;10;Galicia;Verd /hort  iv gama;896.26;2361.92;2.64;46.41;0.33;0.87;2019-10-01;Pre-covid;Pre-covid
2019;10;Galicia;Puerro;198.38;583.48;2.94;24.46;0.07;0.21;2019-10-01;Pre-covid;Pre-covid
2019;10;La rioja;Patatas;583.72;574.51;0.98;63.01;1.8;1.77;2019-10-01;Pre-covid;Pre-covid
2019;10;La rioja;Patatas frescas;471.69;426.92;0.91;46.4;1.46;1.32;2019-10-01;Pre-covid;Pre-covid
2019;10;La rioja;Patatas congeladas;4.26;6.01;1.41;3.08;0.01;0.02;2019-10-01;Pre-covid;Pre-covid
2019;10;La rioja;Patatas procesadas;21.55;141.57;6.57;33.29;0.07;0.44;2019-10-01;Pre-covid;Pre-covid
2019;10;La rioja;Patatas fritas;18.93;138.37;7.31;33.26;0.06;0.43;2019-10-01;Pre-covid;Pre-covid
2019;10;La rioja;Hortalizas frescas;1119.7;2407.06;2.15;90.74;3.46;7.43;2019-10-01;Pre-covid;Pre-covid
2019;10;La rioja;Omates;173.15;331.27;1.91;48.33;0.53;1.02;2019-10-01;Pre-covid;Pre-covid
2019;10;La rioja;Cebollas;118.29;217.56;1.84;53.93;0.37;0.67;2019-10-01;Pre-covid;Pre-covid
2019;10;La rioja;Ajos;11.38;51.3;4.51;17.13;0.04;0.16;2019-10-01;Pre-covid;Pre-covid
2019;10;La rioja;Coles;50.48;51.03;1.01;26.5;0.16;0.16;2019-10-01;Pre-covid;Pre-covid
2019;10;La rioja;Pepinos;41.75;52.74;1.26;17.71;0.13;0.16;2019-10-01;Pre-covid;Pre-covid
2019;10;La rioja;Judias verdes;72.98;219.83;3.01;44.09;0.23;0.68;2019-10-01;Pre-covid;Pre-covid
2019;10;La rioja;Pimientos;94.64;191.4;2.02;41.8;0.29;0.59;2019-10-01;Pre-covid;Pre-covid
2019;10;La rioja;Champiñoneso setas;37.54;165.86;4.42;45.55;0.12;0.51;2019-10-01;Pre-covid;Pre-covid
2019;10;La rioja;Lechuga/esc /endivia;100.19;320.87;3.2;62.32;0.31;0.99;2019-10-01;Pre-covid;Pre-covid
2019;10;La rioja;Esparragos;1.97;12.98;6.59;5.86;0.01;0.04;2019-10-01;Pre-covid;Pre-covid
2019;10;La rioja;Verduras de hoja;70.67;149.49;2.12;19.89;0.22;0.46;2019-10-01;Pre-covid;Pre-covid
2019;10;La rioja;Berenjenas;38.43;54.77;1.42;28.06;0.12;0.17;2019-10-01;Pre-covid;Pre-covid
2019;10;La rioja;Zanahorias;64.1;58.89;0.92;51.6;0.2;0.18;2019-10-01;Pre-covid;Pre-covid
2019;10;La rioja;Calabacines;76.84;111.08;1.45;41.6;0.24;0.34;2019-10-01;Pre-covid;Pre-covid
2019;10;La rioja;Otr hortalizas/verd ;167.31;418.0;2.5;69.19;0.52;1.29;2019-10-01;Pre-covid;Pre-covid
2019;10;La rioja;Brocoli;34.78;57.38;1.65;16.68;0.11;0.18;2019-10-01;Pre-covid;Pre-covid
2019;10;La rioja;Alcachofas;0.0;0.0;0.0;0.0;0.0;0.0;2019-10-01;Pre-covid;Pre-covid
2019;10;La rioja;Apio;6.25;13.54;2.17;8.33;0.02;0.04;2019-10-01;Pre-covid;Pre-covid
2019;10;La rioja;Coliflor;6.65;6.66;1.0;3.0;0.02;0.02;2019-10-01;Pre-covid;Pre-covid
2019;10;La rioja;Verd /hort  iv gama;86.09;309.22;3.59;48.96;0.27;0.95;2019-10-01;Pre-covid;Pre-covid
2019;10;La rioja;Puerro;15.8;38.34;2.43;18.02;0.05;0.12;2019-10-01;Pre-covid;Pre-covid
2019;10;Madrid;Patatas;13601.33;12646.55;0.93;78.15;2.15;2.0;2019-10-01;Pre-covid;Pre-covid
2019;10;Madrid;Patatas frescas;9611.76;8475.69;0.88;66.77;1.52;1.34;2019-10-01;Pre-covid;Pre-covid
2019;10;Madrid;Patatas congeladas;465.26;640.02;1.38;9.99;0.07;0.1;2019-10-01;Pre-covid;Pre-covid
2019;10;Madrid;Patatas procesadas;704.86;3530.84;5.01;45.84;0.11;0.56;2019-10-01;Pre-covid;Pre-covid
2019;10;Madrid;Patatas fritas;519.9;3221.93;6.2;43.01;0.08;0.51;2019-10-01;Pre-covid;Pre-covid
2019;10;Madrid;Hortalizas frescas;29270.15;54823.76;1.87;97.41;4.63;8.66;2019-10-01;Pre-covid;Pre-covid
2019;10;Madrid;Omates;6530.6;11335.61;1.74;81.81;1.03;1.79;2019-10-01;Pre-covid;Pre-covid
2019;10;Madrid;Cebollas;3438.16;4048.02;1.18;66.46;0.54;0.64;2019-10-01;Pre-covid;Pre-covid
2019;10;Madrid;Ajos;308.67;1304.42;4.23;33.1;0.05;0.21;2019-10-01;Pre-covid;Pre-covid
2019;10;Madrid;Coles;721.69;903.0;1.25;22.0;0.11;0.14;2019-10-01;Pre-covid;Pre-covid
2019;10;Madrid;Pepinos;1007.35;1313.31;1.3;34.44;0.16;0.21;2019-10-01;Pre-covid;Pre-covid
2019;10;Madrid;Judias verdes;918.9;2515.62;2.74;30.68;0.15;0.4;2019-10-01;Pre-covid;Pre-covid
2019;10;Madrid;Pimientos;2756.55;4925.73;1.79;69.42;0.44;0.78;2019-10-01;Pre-covid;Pre-covid
2019;10;Madrid;Champiñoneso setas;784.99;3059.23;3.9;40.13;0.12;0.48;2019-10-01;Pre-covid;Pre-covid
2019;10;Madrid;Lechuga/esc /endivia;1703.98;5209.68;3.06;62.1;0.27;0.82;2019-10-01;Pre-covid;Pre-covid
2019;10;Madrid;Esparragos;197.18;800.41;4.06;11.24;0.03;0.13;2019-10-01;Pre-covid;Pre-covid
2019;10;Madrid;Verduras de hoja;646.57;1778.9;2.75;29.97;0.1;0.28;2019-10-01;Pre-covid;Pre-covid
2019;10;Madrid;Berenjenas;948.52;1396.33;1.47;31.65;0.15;0.22;2019-10-01;Pre-covid;Pre-covid
2019;10;Madrid;Zanahorias;1968.21;1876.98;0.95;60.97;0.31;0.3;2019-10-01;Pre-covid;Pre-covid
2019;10;Madrid;Calabacines;2646.06;3343.94;1.26;60.88;0.42;0.53;2019-10-01;Pre-covid;Pre-covid
2019;10;Madrid;Otr hortalizas/verd ;4692.72;11012.58;2.35;78.48;0.74;1.74;2019-10-01;Pre-covid;Pre-covid
2019;10;Madrid;Brocoli;714.19;1407.67;1.97;26.31;0.11;0.22;2019-10-01;Pre-covid;Pre-covid
2019;10;Madrid;Alcachofas;124.06;311.77;2.51;5.84;0.02;0.05;2019-10-01;Pre-covid;Pre-covid
2019;10;Madrid;Apio;188.2;358.34;1.9;12.06;0.03;0.06;2019-10-01;Pre-covid;Pre-covid
2019;10;Madrid;Coliflor;334.08;624.11;1.87;10.73;0.05;0.1;2019-10-01;Pre-covid;Pre-covid
2019;10;Madrid;Verd /hort  iv gama;3509.86;9791.58;2.79;68.36;0.55;1.55;2019-10-01;Pre-covid;Pre-covid
2019;10;Madrid;Puerro;785.3;1809.22;2.3;41.45;0.12;0.29;2019-10-01;Pre-covid;Pre-covid
2019;10;Murcia;Patatas;2743.88;2653.66;0.97;76.8;1.91;1.84;2019-10-01;Pre-covid;Pre-covid
2019;10;Murcia;Patatas frescas;2017.46;1775.96;0.88;63.1;1.4;1.23;2019-10-01;Pre-covid;Pre-covid
2019;10;Murcia;Patatas congeladas;128.95;157.37;1.22;10.26;0.09;0.11;2019-10-01;Pre-covid;Pre-covid
2019;10;Murcia;Patatas procesadas;119.49;720.34;6.03;41.49;0.08;0.5;2019-10-01;Pre-covid;Pre-covid
2019;10;Murcia;Patatas fritas;112.75;708.4;6.28;41.16;0.08;0.49;2019-10-01;Pre-covid;Pre-covid
2019;10;Murcia;Hortalizas frescas;6575.9;12182.99;1.85;94.7;4.57;8.46;2019-10-01;Pre-covid;Pre-covid
2019;10;Murcia;Omates;1590.39;2458.94;1.55;84.29;1.1;1.71;2019-10-01;Pre-covid;Pre-covid
2019;10;Murcia;Cebollas;753.68;894.45;1.19;61.68;0.52;0.62;2019-10-01;Pre-covid;Pre-covid
2019;10;Murcia;Ajos;68.67;263.54;3.84;24.02;0.05;0.18;2019-10-01;Pre-covid;Pre-covid
2019;10;Murcia;Coles;37.82;58.16;1.54;9.33;0.03;0.04;2019-10-01;Pre-covid;Pre-covid
2019;10;Murcia;Pepinos;339.6;401.25;1.18;39.15;0.24;0.28;2019-10-01;Pre-covid;Pre-covid
2019;10;Murcia;Judias verdes;137.3;490.93;3.58;34.19;0.1;0.34;2019-10-01;Pre-covid;Pre-covid
2019;10;Murcia;Pimientos;439.91;807.19;1.83;63.88;0.31;0.56;2019-10-01;Pre-covid;Pre-covid
2019;10;Murcia;Champiñoneso setas;222.55;925.32;4.16;47.86;0.15;0.64;2019-10-01;Pre-covid;Pre-covid
2019;10;Murcia;Lechuga/esc /endivia;504.87;1484.38;2.94;68.14;0.35;1.03;2019-10-01;Pre-covid;Pre-covid
2019;10;Murcia;Esparragos;28.4;122.57;4.32;7.68;0.02;0.09;2019-10-01;Pre-covid;Pre-covid
2019;10;Murcia;Verduras de hoja;147.44;369.99;2.51;31.46;0.1;0.26;2019-10-01;Pre-covid;Pre-covid
2019;10;Murcia;Berenjenas;405.84;551.56;1.36;47.29;0.28;0.38;2019-10-01;Pre-covid;Pre-covid
2019;10;Murcia;Zanahorias;310.53;283.09;0.91;47.71;0.22;0.2;2019-10-01;Pre-covid;Pre-covid
2019;10;Murcia;Calabacines;497.39;645.98;1.3;52.81;0.35;0.45;2019-10-01;Pre-covid;Pre-covid
2019;10;Murcia;Otr hortalizas/verd ;1091.51;2425.64;2.22;81.2;0.76;1.68;2019-10-01;Pre-covid;Pre-covid
2019;10;Murcia;Brocoli;259.4;393.71;1.52;33.33;0.18;0.27;2019-10-01;Pre-covid;Pre-covid
2019;10;Murcia;Alcachofas;97.61;253.56;2.6;14.75;0.07;0.18;2019-10-01;Pre-covid;Pre-covid
2019;10;Murcia;Apio;65.8;120.33;1.83;20.79;0.05;0.08;2019-10-01;Pre-covid;Pre-covid
2019;10;Murcia;Coliflor;39.7;74.85;1.89;6.69;0.03;0.05;2019-10-01;Pre-covid;Pre-covid
2019;10;Murcia;Verd /hort  iv gama;669.84;2066.83;3.09;69.69;0.47;1.44;2019-10-01;Pre-covid;Pre-covid
2019;10;Murcia;Puerro;50.83;128.53;2.53;16.38;0.04;0.09;2019-10-01;Pre-covid;Pre-covid
2019;10;Navarra;Patatas;1486.4;1501.79;1.01;73.66;2.49;2.51;2019-10-01;Pre-covid;Pre-covid
2019;10;Navarra;Patatas frescas;1222.15;1155.88;0.95;66.67;2.04;1.93;2019-10-01;Pre-covid;Pre-covid
2019;10;Navarra;Patatas congeladas;15.37;20.06;1.31;4.16;0.03;0.03;2019-10-01;Pre-covid;Pre-covid
2019;10;Navarra;Patatas procesadas;49.78;325.85;6.55;26.96;0.08;0.55;2019-10-01;Pre-covid;Pre-covid
2019;10;Navarra;Patatas fritas;48.71;323.91;6.65;26.98;0.08;0.54;2019-10-01;Pre-covid;Pre-covid
2019;10;Navarra;Hortalizas frescas;8539.26;16513.95;1.93;98.09;14.29;27.63;2019-10-01;Pre-covid;Pre-covid
2019;10;Navarra;Omates;1694.06;3071.7;1.81;69.7;2.83;5.14;2019-10-01;Pre-covid;Pre-covid
2019;10;Navarra;Cebollas;926.75;915.67;0.99;50.85;1.55;1.53;2019-10-01;Pre-covid;Pre-covid
2019;10;Navarra;Ajos;462.72;1741.96;3.76;45.59;0.77;2.91;2019-10-01;Pre-covid;Pre-covid
2019;10;Navarra;Coles;266.22;246.44;0.93;30.0;0.45;0.41;2019-10-01;Pre-covid;Pre-covid
2019;10;Navarra;Pepinos;86.87;93.37;1.07;25.5;0.15;0.16;2019-10-01;Pre-covid;Pre-covid
2019;10;Navarra;Judias verdes;540.51;1935.34;3.58;48.22;0.9;3.24;2019-10-01;Pre-covid;Pre-covid
2019;10;Navarra;Pimientos;1424.81;2729.32;1.92;70.59;2.38;4.57;2019-10-01;Pre-covid;Pre-covid
2019;10;Navarra;Champiñoneso setas;118.17;436.99;3.7;62.94;0.2;0.73;2019-10-01;Pre-covid;Pre-covid
2019;10;Navarra;Lechuga/esc /endivia;778.68;1855.28;2.38;66.75;1.3;3.1;2019-10-01;Pre-covid;Pre-covid
2019;10;Navarra;Esparragos;20.16;6.98;0.35;1.39;0.03;0.01;2019-10-01;Pre-covid;Pre-covid
2019;10;Navarra;Verduras de hoja;138.09;236.35;1.71;26.25;0.23;0.4;2019-10-01;Pre-covid;Pre-covid
2019;10;Navarra;Berenjenas;146.21;226.53;1.55;15.2;0.24;0.38;2019-10-01;Pre-covid;Pre-covid
2019;10;Navarra;Zanahorias;228.52;257.11;1.13;65.78;0.38;0.43;2019-10-01;Pre-covid;Pre-covid
2019;10;Navarra;Calabacines;666.07;851.94;1.28;65.06;1.11;1.43;2019-10-01;Pre-covid;Pre-covid
2019;10;Navarra;Otr hortalizas/verd ;1041.43;1908.98;1.83;85.22;1.74;3.19;2019-10-01;Pre-covid;Pre-covid
2019;10;Navarra;Brocoli;203.83;243.82;1.2;31.35;0.34;0.41;2019-10-01;Pre-covid;Pre-covid
2019;10;Navarra;Alcachofas;19.46;20.44;1.05;1.13;0.03;0.03;2019-10-01;Pre-covid;Pre-covid
2019;10;Navarra;Apio;24.84;28.93;1.16;8.54;0.04;0.05;2019-10-01;Pre-covid;Pre-covid
2019;10;Navarra;Coliflor;18.06;42.02;2.33;4.76;0.03;0.07;2019-10-01;Pre-covid;Pre-covid
2019;10;Navarra;Verd /hort  iv gama;518.45;1208.83;2.33;59.91;0.87;2.02;2019-10-01;Pre-covid;Pre-covid
2019;10;Navarra;Puerro;131.07;532.63;4.06;32.02;0.22;0.89;2019-10-01;Pre-covid;Pre-covid
2019;10;Pais vasco;Patatas;5556.87;5574.9;1.0;80.92;2.63;2.64;2019-10-01;Pre-covid;Pre-covid
2019;10;Pais vasco;Patatas frescas;4278.71;4118.9;0.96;72.81;2.02;1.95;2019-10-01;Pre-covid;Pre-covid
2019;10;Pais vasco;Patatas congeladas;133.97;154.02;1.15;6.6;0.06;0.07;2019-10-01;Pre-covid;Pre-covid
2019;10;Pais vasco;Patatas procesadas;228.84;1301.98;5.69;39.4;0.11;0.62;2019-10-01;Pre-covid;Pre-covid
2019;10;Pais vasco;Patatas fritas;175.66;1207.58;6.87;36.11;0.08;0.57;2019-10-01;Pre-covid;Pre-covid
2019;10;Pais vasco;Hortalizas frescas;11123.66;21621.9;1.94;97.38;5.26;10.23;2019-10-01;Pre-covid;Pre-covid
2019;10;Pais vasco;Omates;2502.33;4706.47;1.88;73.6;1.18;2.23;2019-10-01;Pre-covid;Pre-covid
2019;10;Pais vasco;Cebollas;1269.17;1757.08;1.38;69.76;0.6;0.83;2019-10-01;Pre-covid;Pre-covid
2019;10;Pais vasco;Ajos;106.71;475.42;4.46;28.29;0.05;0.22;2019-10-01;Pre-covid;Pre-covid
2019;10;Pais vasco;Coles;247.35;351.3;1.42;24.12;0.12;0.17;2019-10-01;Pre-covid;Pre-covid
2019;10;Pais vasco;Pepinos;279.78;418.62;1.5;25.81;0.13;0.2;2019-10-01;Pre-covid;Pre-covid
2019;10;Pais vasco;Judias verdes;437.05;1246.98;2.85;43.3;0.21;0.59;2019-10-01;Pre-covid;Pre-covid
2019;10;Pais vasco;Pimientos;1264.86;2202.64;1.74;67.45;0.6;1.04;2019-10-01;Pre-covid;Pre-covid
2019;10;Pais vasco;Champiñoneso setas;267.12;1159.81;4.34;40.9;0.13;0.55;2019-10-01;Pre-covid;Pre-covid
2019;10;Pais vasco;Lechuga/esc /endivia;895.99;2424.07;2.71;65.29;0.42;1.15;2019-10-01;Pre-covid;Pre-covid
2019;10;Pais vasco;Esparragos;40.83;148.46;3.64;5.37;0.02;0.07;2019-10-01;Pre-covid;Pre-covid
2019;10;Pais vasco;Verduras de hoja;197.5;600.58;3.04;23.49;0.09;0.28;2019-10-01;Pre-covid;Pre-covid
2019;10;Pais vasco;Berenjenas;253.1;372.93;1.47;22.27;0.12;0.18;2019-10-01;Pre-covid;Pre-covid
2019;10;Pais vasco;Zanahorias;752.66;641.83;0.85;66.65;0.36;0.3;2019-10-01;Pre-covid;Pre-covid
2019;10;Pais vasco;Calabacines;1046.66;1243.45;1.19;54.69;0.5;0.59;2019-10-01;Pre-covid;Pre-covid
2019;10;Pais vasco;Otr hortalizas/verd ;1562.56;3872.26;2.48;72.83;0.74;1.83;2019-10-01;Pre-covid;Pre-covid
2019;10;Pais vasco;Brocoli;341.01;559.54;1.64;23.94;0.16;0.26;2019-10-01;Pre-covid;Pre-covid
2019;10;Pais vasco;Alcachofas;29.88;76.22;2.55;3.14;0.01;0.04;2019-10-01;Pre-covid;Pre-covid
2019;10;Pais vasco;Apio;37.14;57.58;1.55;5.28;0.02;0.03;2019-10-01;Pre-covid;Pre-covid
2019;10;Pais vasco;Coliflor;114.09;221.74;1.94;11.36;0.05;0.1;2019-10-01;Pre-covid;Pre-covid
2019;10;Pais vasco;Verd /hort  iv gama;1421.8;3800.18;2.67;67.85;0.67;1.8;2019-10-01;Pre-covid;Pre-covid
2019;10;Pais vasco;Puerro;265.04;898.73;3.39;39.45;0.13;0.43;2019-10-01;Pre-covid;Pre-covid
2019;10;Valencia;Patatas;11437.34;10910.12;0.95;82.81;2.35;2.25;2019-10-01;Pre-covid;Pre-covid
2019;10;Valencia;Patatas frescas;7874.1;7146.65;0.91;69.92;1.62;1.47;2019-10-01;Pre-covid;Pre-covid
2019;10;Valencia;Patatas congeladas;394.77;585.97;1.48;12.97;0.08;0.12;2019-10-01;Pre-covid;Pre-covid
2019;10;Valencia;Patatas procesadas;633.69;3177.5;5.01;52.96;0.13;0.65;2019-10-01;Pre-covid;Pre-covid
2019;10;Valencia;Patatas fritas;515.32;3013.8;5.85;50.32;0.11;0.62;2019-10-01;Pre-covid;Pre-covid
2019;10;Valencia;Hortalizas frescas;25243.48;49787.9;1.97;96.57;5.2;10.25;2019-10-01;Pre-covid;Pre-covid
2019;10;Valencia;Omates;6183.9;11281.3;1.82;81.1;1.27;2.32;2019-10-01;Pre-covid;Pre-covid
2019;10;Valencia;Cebollas;2610.33;3060.35;1.17;63.11;0.54;0.63;2019-10-01;Pre-covid;Pre-covid
2019;10;Valencia;Ajos;220.32;958.28;4.35;25.67;0.05;0.2;2019-10-01;Pre-covid;Pre-covid
2019;10;Valencia;Coles;351.22;524.02;1.49;16.85;0.07;0.11;2019-10-01;Pre-covid;Pre-covid
2019;10;Valencia;Pepinos;1314.43;1604.79;1.22;48.03;0.27;0.33;2019-10-01;Pre-covid;Pre-covid
2019;10;Valencia;Judias verdes;740.79;2656.16;3.59;37.72;0.15;0.55;2019-10-01;Pre-covid;Pre-covid
2019;10;Valencia;Pimientos;2286.8;3980.14;1.74;65.33;0.47;0.82;2019-10-01;Pre-covid;Pre-covid
2019;10;Valencia;Champiñoneso setas;659.33;3127.0;4.74;51.33;0.14;0.64;2019-10-01;Pre-covid;Pre-covid
2019;10;Valencia;Lechuga/esc /endivia;1738.96;5074.29;2.92;65.22;0.36;1.04;2019-10-01;Pre-covid;Pre-covid
2019;10;Valencia;Esparragos;212.54;717.96;3.38;10.97;0.04;0.15;2019-10-01;Pre-covid;Pre-covid
2019;10;Valencia;Verduras de hoja;610.02;1668.78;2.74;31.78;0.13;0.34;2019-10-01;Pre-covid;Pre-covid
2019;10;Valencia;Berenjenas;1103.62;1651.12;1.5;38.17;0.23;0.34;2019-10-01;Pre-covid;Pre-covid
2019;10;Valencia;Zanahorias;1330.42;1161.01;0.87;54.5;0.27;0.24;2019-10-01;Pre-covid;Pre-covid
2019;10;Valencia;Calabacines;1692.33;2216.7;1.31;55.67;0.35;0.46;2019-10-01;Pre-covid;Pre-covid
2019;10;Valencia;Otr hortalizas/verd ;4188.47;10106.03;2.41;79.68;0.86;2.08;2019-10-01;Pre-covid;Pre-covid
2019;10;Valencia;Brocoli;498.88;984.77;1.97;23.09;0.1;0.2;2019-10-01;Pre-covid;Pre-covid
2019;10;Valencia;Alcachofas;232.87;612.19;2.63;10.89;0.05;0.13;2019-10-01;Pre-covid;Pre-covid
2019;10;Valencia;Apio;158.44;264.93;1.67;10.66;0.03;0.05;2019-10-01;Pre-covid;Pre-covid
2019;10;Valencia;Coliflor;268.58;534.03;1.99;10.56;0.06;0.11;2019-10-01;Pre-covid;Pre-covid
2019;10;Valencia;Verd /hort  iv gama;2836.89;8441.34;2.98;68.79;0.58;1.74;2019-10-01;Pre-covid;Pre-covid
2019;10;Valencia;Puerro;401.38;1087.67;2.71;30.05;0.08;0.22;2019-10-01;Pre-covid;Pre-covid
2019;10;Nacional;Frutas frescas;339519.41;590769.47;1.74;94.81;7.36;12.81;2019-10-01;Pre-covid;Pre-covid
2019;10;Nacional;Naranjas;35541.63;49436.02;1.39;38.41;0.77;1.07;2019-10-01;Pre-covid;Pre-covid
2019;10;Nacional;Mandarinas;25012.46;40395.97;1.62;50.59;0.54;0.88;2019-10-01;Pre-covid;Pre-covid
2019;10;Nacional;Limones;8557.69;14577.64;1.7;38.91;0.19;0.32;2019-10-01;Pre-covid;Pre-covid
2019;10;Nacional;Platanos;48788.85;85747.1;1.76;78.0;1.06;1.86;2019-10-01;Pre-covid;Pre-covid
2019;10;Nacional;Manzanas;44647.66;65402.31;1.46;65.1;0.97;1.42;2019-10-01;Pre-covid;Pre-covid
2019;10;Nacional;Peras;23627.97;36908.12;1.56;53.47;0.51;0.8;2019-10-01;Pre-covid;Pre-covid
2019;10;Nacional;Melocotones;19301.67;37515.84;1.94;37.21;0.42;0.81;2019-10-01;Pre-covid;Pre-covid
2019;10;Nacional;Nectarinas;7715.4;10938.76;1.42;24.59;0.17;0.24;2019-10-01;Pre-covid;Pre-covid
2019;10;Nacional;Albaricoques;268.03;439.65;1.64;1.68;0.01;0.01;2019-10-01;Pre-covid;Pre-covid
2019;10;Nacional;Fresas/freson;1171.21;5013.61;4.28;6.49;0.03;0.11;2019-10-01;Pre-covid;Pre-covid
2019;10;Nacional;Melon;32916.09;35642.24;1.08;35.51;0.71;0.77;2019-10-01;Pre-covid;Pre-covid
2019;10;Nacional;Sandia;8994.55;8205.44;0.91;11.14;0.2;0.18;2019-10-01;Pre-covid;Pre-covid
2019;10;Nacional;Ciruelas;9148.26;15027.46;1.64;30.64;0.2;0.33;2019-10-01;Pre-covid;Pre-covid
2019;10;Nacional;Cerezas;190.62;417.57;2.19;0.95;0.0;0.01;2019-10-01;Pre-covid;Pre-covid
2019;10;Nacional;Uvas;19735.86;44458.91;2.25;42.12;0.43;0.96;2019-10-01;Pre-covid;Pre-covid
2019;10;Nacional;Kiwi;10965.0;37700.48;3.44;35.61;0.24;0.82;2019-10-01;Pre-covid;Pre-covid
2019;10;Nacional;Aguacate;5279.35;20551.74;3.89;28.0;0.11;0.45;2019-10-01;Pre-covid;Pre-covid
2019;10;Nacional;Piña;6100.57;9832.64;1.61;15.72;0.13;0.21;2019-10-01;Pre-covid;Pre-covid
2019;10;Nacional;Otras frutas frescas;31556.54;72557.97;2.3;58.06;0.68;1.57;2019-10-01;Pre-covid;Pre-covid
2019;10;Nacional;Pomelo;1092.78;2073.06;1.9;2.97;0.02;0.04;2019-10-01;Pre-covid;Pre-covid
2019;10;Nacional;Chirimoya;3.55;18.07;5.1;0.04;0.0;0.0;2019-10-01;Pre-covid;Pre-covid
2019;10;Nacional;Mango;7071.4;15129.44;2.14;23.25;0.15;0.33;2019-10-01;Pre-covid;Pre-covid
2019;10;Nacional;Frutas iv gama;13203.45;25672.63;1.94;26.29;0.29;0.56;2019-10-01;Pre-covid;Pre-covid
2019;10;Andalucia;Frutas frescas;56686.45;95964.79;1.69;94.85;6.53;11.05;2019-10-01;Pre-covid;Pre-covid
2019;10;Andalucia;Naranjas;4623.48;6156.28;1.33;34.65;0.53;0.71;2019-10-01;Pre-covid;Pre-covid
2019;10;Andalucia;Mandarinas;4014.13;6402.06;1.59;48.72;0.46;0.74;2019-10-01;Pre-covid;Pre-covid
2019;10;Andalucia;Limones;1486.89;2419.36;1.63;39.77;0.17;0.28;2019-10-01;Pre-covid;Pre-covid
2019;10;Andalucia;Platanos;8609.16;13784.45;1.6;77.36;0.99;1.59;2019-10-01;Pre-covid;Pre-covid
2019;10;Andalucia;Manzanas;6239.65;8879.71;1.42;66.46;0.72;1.02;2019-10-01;Pre-covid;Pre-covid
2019;10;Andalucia;Peras;3921.36;5840.24;1.49;53.21;0.45;0.67;2019-10-01;Pre-covid;Pre-covid
2019;10;Andalucia;Melocotones;2526.9;4824.81;1.91;36.81;0.29;0.56;2019-10-01;Pre-covid;Pre-covid
2019;10;Andalucia;Nectarinas;1285.01;1810.97;1.41;25.34;0.15;0.21;2019-10-01;Pre-covid;Pre-covid
2019;10;Andalucia;Albaricoques;33.75;49.46;1.47;1.25;0.0;0.01;2019-10-01;Pre-covid;Pre-covid
2019;10;Andalucia;Fresas/freson;156.51;466.04;2.98;3.66;0.02;0.05;2019-10-01;Pre-covid;Pre-covid
2019;10;Andalucia;Melon;6721.9;7029.39;1.05;36.26;0.77;0.81;2019-10-01;Pre-covid;Pre-covid
2019;10;Andalucia;Sandia;1736.18;1537.1;0.89;11.48;0.2;0.18;2019-10-01;Pre-covid;Pre-covid
2019;10;Andalucia;Ciruelas;1376.6;2274.71;1.65;27.63;0.16;0.26;2019-10-01;Pre-covid;Pre-covid
2019;10;Andalucia;Cerezas;37.58;115.8;3.08;1.32;0.0;0.01;2019-10-01;Pre-covid;Pre-covid
2019;10;Andalucia;Uvas;3340.77;7497.03;2.24;43.72;0.38;0.86;2019-10-01;Pre-covid;Pre-covid
2019;10;Andalucia;Kiwi;1779.17;6174.25;3.47;33.15;0.2;0.71;2019-10-01;Pre-covid;Pre-covid
2019;10;Andalucia;Aguacate;946.13;3355.5;3.55;28.2;0.11;0.39;2019-10-01;Pre-covid;Pre-covid
2019;10;Andalucia;Piña;676.02;1210.96;1.79;14.81;0.08;0.14;2019-10-01;Pre-covid;Pre-covid
2019;10;Andalucia;Otras frutas frescas;7175.27;16136.65;2.25;63.07;0.83;1.86;2019-10-01;Pre-covid;Pre-covid
2019;10;Andalucia;Pomelo;137.02;279.11;2.04;2.39;0.02;0.03;2019-10-01;Pre-covid;Pre-covid
2019;10;Andalucia;Chirimoya;0.55;3.78;6.82;0.04;0.0;0.0;2019-10-01;Pre-covid;Pre-covid
2019;10;Andalucia;Mango;1784.92;3599.91;2.02;32.21;0.21;0.41;2019-10-01;Pre-covid;Pre-covid
2019;10;Andalucia;Frutas iv gama;2250.74;4414.06;1.96;26.27;0.26;0.51;2019-10-01;Pre-covid;Pre-covid
2019;10;Aragon;Frutas frescas;9794.98;17188.5;1.75;94.51;7.48;13.12;2019-10-01;Pre-covid;Pre-covid
2019;10;Aragon;Naranjas;841.77;1204.62;1.43;39.0;0.64;0.92;2019-10-01;Pre-covid;Pre-covid
2019;10;Aragon;Mandarinas;891.07;1398.5;1.57;52.78;0.68;1.07;2019-10-01;Pre-covid;Pre-covid
2019;10;Aragon;Limones;192.84;331.1;1.72;36.2;0.15;0.25;2019-10-01;Pre-covid;Pre-covid
2019;10;Aragon;Platanos;1085.79;2016.41;1.86;65.03;0.83;1.54;2019-10-01;Pre-covid;Pre-covid
2019;10;Aragon;Manzanas;1457.9;2095.29;1.44;55.76;1.11;1.6;2019-10-01;Pre-covid;Pre-covid
2019;10;Aragon;Peras;527.04;818.42;1.55;48.27;0.4;0.62;2019-10-01;Pre-covid;Pre-covid
2019;10;Aragon;Melocotones;923.47;1737.92;1.88;49.43;0.71;1.33;2019-10-01;Pre-covid;Pre-covid
2019;10;Aragon;Nectarinas;156.77;208.03;1.33;19.07;0.12;0.16;2019-10-01;Pre-covid;Pre-covid
2019;10;Aragon;Albaricoques;3.44;4.45;1.29;0.93;0.0;0.0;2019-10-01;Pre-covid;Pre-covid
2019;10;Aragon;Fresas/freson;15.54;78.6;5.06;3.67;0.01;0.06;2019-10-01;Pre-covid;Pre-covid
2019;10;Aragon;Melon;996.68;1154.87;1.16;43.62;0.76;0.88;2019-10-01;Pre-covid;Pre-covid
2019;10;Aragon;Sandia;317.37;272.73;0.86;15.23;0.24;0.21;2019-10-01;Pre-covid;Pre-covid
2019;10;Aragon;Ciruelas;375.87;621.46;1.65;33.06;0.29;0.47;2019-10-01;Pre-covid;Pre-covid
2019;10;Aragon;Cerezas;30.25;41.22;1.36;1.82;0.02;0.03;2019-10-01;Pre-covid;Pre-covid
2019;10;Aragon;Uvas;629.54;1309.52;2.08;46.14;0.48;1.0;2019-10-01;Pre-covid;Pre-covid
2019;10;Aragon;Kiwi;320.81;1309.9;4.08;31.46;0.24;1.0;2019-10-01;Pre-covid;Pre-covid
2019;10;Aragon;Aguacate;129.62;566.15;4.37;20.02;0.1;0.43;2019-10-01;Pre-covid;Pre-covid
2019;10;Aragon;Piña;208.71;314.77;1.51;15.71;0.16;0.24;2019-10-01;Pre-covid;Pre-covid
2019;10;Aragon;Otras frutas frescas;690.5;1704.54;2.47;48.52;0.53;1.3;2019-10-01;Pre-covid;Pre-covid
2019;10;Aragon;Pomelo;37.05;93.65;2.53;4.81;0.03;0.07;2019-10-01;Pre-covid;Pre-covid
2019;10;Aragon;Chirimoya;0.95;3.16;3.32;0.26;0.0;0.0;2019-10-01;Pre-covid;Pre-covid
2019;10;Aragon;Mango;121.4;263.55;2.17;12.21;0.09;0.2;2019-10-01;Pre-covid;Pre-covid
2019;10;Aragon;Frutas iv gama;263.86;565.47;2.14;25.38;0.2;0.43;2019-10-01;Pre-covid;Pre-covid
2019;10;Asturias;Frutas frescas;9078.37;15799.12;1.74;95.6;8.45;14.7;2019-10-01;Pre-covid;Pre-covid
2019;10;Asturias;Naranjas;1201.19;1656.93;1.38;52.06;1.12;1.54;2019-10-01;Pre-covid;Pre-covid
2019;10;Asturias;Mandarinas;606.21;1064.63;1.76;55.13;0.56;0.99;2019-10-01;Pre-covid;Pre-covid
2019;10;Asturias;Limones;183.3;346.34;1.89;37.15;0.17;0.32;2019-10-01;Pre-covid;Pre-covid
2019;10;Asturias;Platanos;1293.2;2373.54;1.84;77.53;1.2;2.21;2019-10-01;Pre-covid;Pre-covid
2019;10;Asturias;Manzanas;2014.15;3088.1;1.53;49.29;1.87;2.87;2019-10-01;Pre-covid;Pre-covid
2019;10;Asturias;Peras;624.84;988.21;1.58;50.87;0.58;0.92;2019-10-01;Pre-covid;Pre-covid
2019;10;Asturias;Melocotones;355.33;615.85;1.73;38.31;0.33;0.57;2019-10-01;Pre-covid;Pre-covid
2019;10;Asturias;Nectarinas;246.29;357.28;1.45;32.9;0.23;0.33;2019-10-01;Pre-covid;Pre-covid
2019;10;Asturias;Albaricoques;1.52;6.91;4.55;0.67;0.0;0.01;2019-10-01;Pre-covid;Pre-covid
2019;10;Asturias;Fresas/freson;62.64;257.62;4.11;8.11;0.06;0.24;2019-10-01;Pre-covid;Pre-covid
2019;10;Asturias;Melon;478.12;547.24;1.14;29.62;0.44;0.51;2019-10-01;Pre-covid;Pre-covid
2019;10;Asturias;Sandia;97.88;87.24;0.89;9.46;0.09;0.08;2019-10-01;Pre-covid;Pre-covid
2019;10;Asturias;Ciruelas;178.22;298.08;1.67;33.71;0.17;0.28;2019-10-01;Pre-covid;Pre-covid
2019;10;Asturias;Cerezas;0.0;0.0;0.0;0.0;0.0;0.0;2019-10-01;Pre-covid;Pre-covid
2019;10;Asturias;Uvas;562.71;1215.07;2.16;46.45;0.52;1.13;2019-10-01;Pre-covid;Pre-covid
2019;10;Asturias;Kiwi;317.19;1061.0;3.34;33.95;0.3;0.99;2019-10-01;Pre-covid;Pre-covid
2019;10;Asturias;Aguacate;78.61;276.57;3.52;20.34;0.07;0.26;2019-10-01;Pre-covid;Pre-covid
2019;10;Asturias;Piña;218.01;217.72;1.0;16.13;0.2;0.2;2019-10-01;Pre-covid;Pre-covid
2019;10;Asturias;Otras frutas frescas;558.95;1340.78;2.4;57.5;0.52;1.25;2019-10-01;Pre-covid;Pre-covid
2019;10;Asturias;Pomelo;48.9;122.59;2.51;7.63;0.05;0.11;2019-10-01;Pre-covid;Pre-covid
2019;10;Asturias;Chirimoya;0.0;0.0;0.0;0.0;0.0;0.0;2019-10-01;Pre-covid;Pre-covid
2019;10;Asturias;Mango;66.78;154.35;2.31;14.0;0.06;0.14;2019-10-01;Pre-covid;Pre-covid
2019;10;Asturias;Frutas iv gama;270.9;486.71;1.8;22.7;0.25;0.45;2019-10-01;Pre-covid;Pre-covid
2019;10;Baleares;Frutas frescas;8990.24;16090.57;1.79;96.11;8.52;15.25;2019-10-01;Pre-covid;Pre-covid
2019;10;Baleares;Naranjas;738.01;1066.45;1.45;28.11;0.7;1.01;2019-10-01;Pre-covid;Pre-covid
2019;10;Baleares;Mandarinas;473.99;784.59;1.66;44.38;0.45;0.74;2019-10-01;Pre-covid;Pre-covid
2019;10;Baleares;Limones;235.03;376.56;1.6;28.37;0.22;0.36;2019-10-01;Pre-covid;Pre-covid
2019;10;Baleares;Platanos;1505.53;2698.53;1.79;85.22;1.43;2.56;2019-10-01;Pre-covid;Pre-covid
2019;10;Baleares;Manzanas;1199.5;1819.38;1.52;73.07;1.14;1.72;2019-10-01;Pre-covid;Pre-covid
2019;10;Baleares;Peras;496.79;789.64;1.59;50.45;0.47;0.75;2019-10-01;Pre-covid;Pre-covid
2019;10;Baleares;Melocotones;343.43;611.26;1.78;31.93;0.33;0.58;2019-10-01;Pre-covid;Pre-covid
2019;10;Baleares;Nectarinas;160.17;267.99;1.67;25.71;0.15;0.25;2019-10-01;Pre-covid;Pre-covid
2019;10;Baleares;Albaricoques;0.93;1.1;1.19;0.45;0.0;0.0;2019-10-01;Pre-covid;Pre-covid
2019;10;Baleares;Fresas/freson;22.1;112.93;5.11;7.61;0.02;0.11;2019-10-01;Pre-covid;Pre-covid
2019;10;Baleares;Melon;1265.25;1441.7;1.14;32.53;1.2;1.37;2019-10-01;Pre-covid;Pre-covid
2019;10;Baleares;Sandia;280.47;214.02;0.76;9.24;0.27;0.2;2019-10-01;Pre-covid;Pre-covid
2019;10;Baleares;Ciruelas;224.42;391.3;1.74;37.34;0.21;0.37;2019-10-01;Pre-covid;Pre-covid
2019;10;Baleares;Cerezas;1.12;2.8;2.5;0.95;0.0;0.0;2019-10-01;Pre-covid;Pre-covid
2019;10;Baleares;Uvas;583.06;1492.96;2.56;59.09;0.55;1.41;2019-10-01;Pre-covid;Pre-covid
2019;10;Baleares;Kiwi;376.14;1337.26;3.56;44.34;0.36;1.27;2019-10-01;Pre-covid;Pre-covid
2019;10;Baleares;Aguacate;177.43;756.07;4.26;30.64;0.17;0.72;2019-10-01;Pre-covid;Pre-covid
2019;10;Baleares;Piña;104.46;182.91;1.75;13.27;0.1;0.17;2019-10-01;Pre-covid;Pre-covid
2019;10;Baleares;Otras frutas frescas;802.4;1743.12;2.17;58.76;0.76;1.65;2019-10-01;Pre-covid;Pre-covid
2019;10;Baleares;Pomelo;17.93;32.34;1.8;3.95;0.02;0.03;2019-10-01;Pre-covid;Pre-covid
2019;10;Baleares;Chirimoya;0.0;0.0;0.0;0.0;0.0;0.0;2019-10-01;Pre-covid;Pre-covid
2019;10;Baleares;Mango;321.92;696.46;2.16;33.95;0.31;0.66;2019-10-01;Pre-covid;Pre-covid
2019;10;Baleares;Frutas iv gama;471.86;937.89;1.99;35.6;0.45;0.89;2019-10-01;Pre-covid;Pre-covid
2019;10;Canarias;Frutas frescas;15158.16;27494.8;1.81;94.07;6.86;12.45;2019-10-01;Pre-covid;Pre-covid
2019;10;Canarias;Naranjas;1469.04;2114.03;1.44;35.75;0.67;0.96;2019-10-01;Pre-covid;Pre-covid
2019;10;Canarias;Mandarinas;661.48;1144.67;1.73;36.03;0.3;0.52;2019-10-01;Pre-covid;Pre-covid
2019;10;Canarias;Limones;409.75;668.28;1.63;35.61;0.19;0.3;2019-10-01;Pre-covid;Pre-covid
2019;10;Canarias;Platanos;2793.47;4142.63;1.48;76.46;1.26;1.88;2019-10-01;Pre-covid;Pre-covid
2019;10;Canarias;Manzanas;2147.03;3249.39;1.51;70.59;0.97;1.47;2019-10-01;Pre-covid;Pre-covid
2019;10;Canarias;Peras;1338.57;2165.27;1.62;57.53;0.61;0.98;2019-10-01;Pre-covid;Pre-covid
2019;10;Canarias;Melocotones;237.21;438.75;1.85;14.55;0.11;0.2;2019-10-01;Pre-covid;Pre-covid
2019;10;Canarias;Nectarinas;400.73;514.05;1.28;22.52;0.18;0.23;2019-10-01;Pre-covid;Pre-covid
2019;10;Canarias;Albaricoques;10.92;23.28;2.13;0.49;0.0;0.01;2019-10-01;Pre-covid;Pre-covid
2019;10;Canarias;Fresas/freson;17.64;82.77;4.69;4.84;0.01;0.04;2019-10-01;Pre-covid;Pre-covid
2019;10;Canarias;Melon;854.48;1109.77;1.3;24.33;0.39;0.5;2019-10-01;Pre-covid;Pre-covid
2019;10;Canarias;Sandia;520.64;599.32;1.15;14.58;0.24;0.27;2019-10-01;Pre-covid;Pre-covid
2019;10;Canarias;Ciruelas;464.14;794.43;1.71;31.99;0.21;0.36;2019-10-01;Pre-covid;Pre-covid
2019;10;Canarias;Cerezas;4.58;4.16;0.91;0.33;0.0;0.0;2019-10-01;Pre-covid;Pre-covid
2019;10;Canarias;Uvas;636.22;1583.57;2.49;35.85;0.29;0.72;2019-10-01;Pre-covid;Pre-covid
2019;10;Canarias;Kiwi;520.76;1722.97;3.31;31.61;0.24;0.78;2019-10-01;Pre-covid;Pre-covid
2019;10;Canarias;Aguacate;578.2;2046.87;3.54;33.55;0.26;0.93;2019-10-01;Pre-covid;Pre-covid
2019;10;Canarias;Piña;29.7;146.37;4.93;7.72;0.01;0.07;2019-10-01;Pre-covid;Pre-covid
2019;10;Canarias;Otras frutas frescas;2063.59;4944.21;2.4;60.92;0.93;2.24;2019-10-01;Pre-covid;Pre-covid
2019;10;Canarias;Pomelo;41.46;98.41;2.37;1.07;0.02;0.04;2019-10-01;Pre-covid;Pre-covid
2019;10;Canarias;Chirimoya;0.0;0.0;0.0;0.0;0.0;0.0;2019-10-01;Pre-covid;Pre-covid
2019;10;Canarias;Mango;750.05;1796.57;2.4;30.75;0.34;0.81;2019-10-01;Pre-covid;Pre-covid
2019;10;Canarias;Frutas iv gama;1052.42;1716.7;1.63;30.55;0.48;0.78;2019-10-01;Pre-covid;Pre-covid
2019;10;Cantabria;Frutas frescas;3475.17;5984.74;1.72;96.57;6.17;10.62;2019-10-01;Pre-covid;Pre-covid
2019;10;Cantabria;Naranjas;655.38;829.95;1.27;42.51;1.16;1.47;2019-10-01;Pre-covid;Pre-covid
2019;10;Cantabria;Mandarinas;222.68;382.14;1.72;45.31;0.4;0.68;2019-10-01;Pre-covid;Pre-covid
2019;10;Cantabria;Limones;101.88;154.09;1.51;53.23;0.18;0.27;2019-10-01;Pre-covid;Pre-covid
2019;10;Cantabria;Platanos;540.76;1011.8;1.87;87.48;0.96;1.8;2019-10-01;Pre-covid;Pre-covid
2019;10;Cantabria;Manzanas;584.43;831.52;1.42;69.77;1.04;1.48;2019-10-01;Pre-covid;Pre-covid
2019;10;Cantabria;Peras;262.76;382.14;1.45;52.43;0.47;0.68;2019-10-01;Pre-covid;Pre-covid
2019;10;Cantabria;Melocotones;91.86;155.17;1.69;21.88;0.16;0.28;2019-10-01;Pre-covid;Pre-covid
2019;10;Cantabria;Nectarinas;73.6;117.26;1.59;23.36;0.13;0.21;2019-10-01;Pre-covid;Pre-covid
2019;10;Cantabria;Albaricoques;6.35;7.59;1.2;1.72;0.01;0.01;2019-10-01;Pre-covid;Pre-covid
2019;10;Cantabria;Fresas/freson;12.84;46.92;3.65;4.29;0.02;0.08;2019-10-01;Pre-covid;Pre-covid
2019;10;Cantabria;Melon;151.55;126.96;0.84;16.19;0.27;0.23;2019-10-01;Pre-covid;Pre-covid
2019;10;Cantabria;Sandia;58.43;53.79;0.92;7.08;0.1;0.1;2019-10-01;Pre-covid;Pre-covid
2019;10;Cantabria;Ciruelas;92.32;147.22;1.59;20.55;0.16;0.26;2019-10-01;Pre-covid;Pre-covid
2019;10;Cantabria;Cerezas;4.98;15.12;3.04;3.92;0.01;0.03;2019-10-01;Pre-covid;Pre-covid
2019;10;Cantabria;Uvas;173.56;390.85;2.25;31.76;0.31;0.69;2019-10-01;Pre-covid;Pre-covid
2019;10;Cantabria;Kiwi;188.78;661.6;3.5;41.34;0.33;1.17;2019-10-01;Pre-covid;Pre-covid
2019;10;Cantabria;Aguacate;71.85;258.95;3.6;38.82;0.13;0.46;2019-10-01;Pre-covid;Pre-covid
2019;10;Cantabria;Piña;42.71;58.33;1.37;11.67;0.08;0.1;2019-10-01;Pre-covid;Pre-covid
2019;10;Cantabria;Otras frutas frescas;138.45;353.35;2.55;32.8;0.25;0.63;2019-10-01;Pre-covid;Pre-covid
2019;10;Cantabria;Pomelo;0.0;0.0;0.0;0.0;0.0;0.0;2019-10-01;Pre-covid;Pre-covid
2019;10;Cantabria;Chirimoya;0.0;0.0;0.0;0.0;0.0;0.0;2019-10-01;Pre-covid;Pre-covid
2019;10;Cantabria;Mango;31.04;61.47;1.98;7.78;0.06;0.11;2019-10-01;Pre-covid;Pre-covid
2019;10;Cantabria;Frutas iv gama;178.57;339.35;1.9;24.55;0.32;0.6;2019-10-01;Pre-covid;Pre-covid
2019;10;Castilla la mancha;Frutas frescas;13183.66;21252.37;1.61;93.96;6.29;10.14;2019-10-01;Pre-covid;Pre-covid
2019;10;Castilla la mancha;Naranjas;1287.12;1779.69;1.38;43.02;0.61;0.85;2019-10-01;Pre-covid;Pre-covid
2019;10;Castilla la mancha;Mandarinas;1377.61;2104.38;1.53;53.11;0.66;1.0;2019-10-01;Pre-covid;Pre-covid
2019;10;Castilla la mancha;Limones;305.56;490.14;1.6;39.84;0.15;0.23;2019-10-01;Pre-covid;Pre-covid
2019;10;Castilla la mancha;Platanos;1931.14;3498.68;1.81;80.53;0.92;1.67;2019-10-01;Pre-covid;Pre-covid
2019;10;Castilla la mancha;Manzanas;1465.14;2146.39;1.46;62.8;0.7;1.02;2019-10-01;Pre-covid;Pre-covid
2019;10;Castilla la mancha;Peras;873.06;1309.07;1.5;51.49;0.42;0.62;2019-10-01;Pre-covid;Pre-covid
2019;10;Castilla la mancha;Melocotones;796.31;1514.35;1.9;34.83;0.38;0.72;2019-10-01;Pre-covid;Pre-covid
2019;10;Castilla la mancha;Nectarinas;210.87;320.22;1.52;21.02;0.1;0.15;2019-10-01;Pre-covid;Pre-covid
2019;10;Castilla la mancha;Albaricoques;12.5;18.46;1.48;2.46;0.01;0.01;2019-10-01;Pre-covid;Pre-covid
2019;10;Castilla la mancha;Fresas/freson;58.92;198.57;3.37;6.56;0.03;0.09;2019-10-01;Pre-covid;Pre-covid
2019;10;Castilla la mancha;Melon;1837.54;1979.56;1.08;35.74;0.88;0.94;2019-10-01;Pre-covid;Pre-covid
2019;10;Castilla la mancha;Sandia;586.34;392.24;0.67;6.72;0.28;0.19;2019-10-01;Pre-covid;Pre-covid
2019;10;Castilla la mancha;Ciruelas;269.6;449.76;1.67;29.39;0.13;0.21;2019-10-01;Pre-covid;Pre-covid
2019;10;Castilla la mancha;Cerezas;0.89;4.24;4.78;0.41;0.0;0.0;2019-10-01;Pre-covid;Pre-covid
2019;10;Castilla la mancha;Uvas;694.32;1349.7;1.94;25.76;0.33;0.64;2019-10-01;Pre-covid;Pre-covid
2019;10;Castilla la mancha;Kiwi;314.03;999.4;3.18;34.83;0.15;0.48;2019-10-01;Pre-covid;Pre-covid
2019;10;Castilla la mancha;Aguacate;168.11;648.89;3.86;27.24;0.08;0.31;2019-10-01;Pre-covid;Pre-covid
2019;10;Castilla la mancha;Piña;170.84;241.76;1.42;13.07;0.08;0.12;2019-10-01;Pre-covid;Pre-covid
2019;10;Castilla la mancha;Otras frutas frescas;823.76;1806.88;2.19;47.5;0.39;0.86;2019-10-01;Pre-covid;Pre-covid
2019;10;Castilla la mancha;Pomelo;61.87;64.78;1.05;3.35;0.03;0.03;2019-10-01;Pre-covid;Pre-covid
2019;10;Castilla la mancha;Chirimoya;0.0;0.0;0.0;0.0;0.0;0.0;2019-10-01;Pre-covid;Pre-covid
2019;10;Castilla la mancha;Mango;150.34;365.36;2.43;17.77;0.07;0.17;2019-10-01;Pre-covid;Pre-covid
2019;10;Castilla la mancha;Frutas iv gama;334.75;749.02;2.24;21.34;0.16;0.36;2019-10-01;Pre-covid;Pre-covid
2019;10;Castilla leon;Frutas frescas;19306.29;32649.95;1.69;91.98;8.03;13.58;2019-10-01;Pre-covid;Pre-covid
2019;10;Castilla leon;Naranjas;2251.88;2968.14;1.32;39.08;0.94;1.23;2019-10-01;Pre-covid;Pre-covid
2019;10;Castilla leon;Mandarinas;1282.72;1964.0;1.53;55.35;0.53;0.82;2019-10-01;Pre-covid;Pre-covid
2019;10;Castilla leon;Limones;610.0;1062.43;1.74;45.42;0.25;0.44;2019-10-01;Pre-covid;Pre-covid
2019;10;Castilla leon;Platanos;2325.36;4053.6;1.74;70.28;0.97;1.69;2019-10-01;Pre-covid;Pre-covid
2019;10;Castilla leon;Manzanas;3352.66;5336.25;1.59;61.54;1.39;2.22;2019-10-01;Pre-covid;Pre-covid
2019;10;Castilla leon;Peras;1680.43;2798.7;1.67;52.78;0.7;1.16;2019-10-01;Pre-covid;Pre-covid
2019;10;Castilla leon;Melocotones;651.17;1253.6;1.93;30.34;0.27;0.52;2019-10-01;Pre-covid;Pre-covid
2019;10;Castilla leon;Nectarinas;451.89;641.81;1.42;26.85;0.19;0.27;2019-10-01;Pre-covid;Pre-covid
2019;10;Castilla leon;Albaricoques;19.72;30.94;1.57;0.94;0.01;0.01;2019-10-01;Pre-covid;Pre-covid
2019;10;Castilla leon;Fresas/freson;82.97;411.1;4.95;6.2;0.03;0.17;2019-10-01;Pre-covid;Pre-covid
2019;10;Castilla leon;Melon;1705.12;1901.12;1.11;40.37;0.71;0.79;2019-10-01;Pre-covid;Pre-covid
2019;10;Castilla leon;Sandia;590.32;558.77;0.95;12.72;0.25;0.23;2019-10-01;Pre-covid;Pre-covid
2019;10;Castilla leon;Ciruelas;394.57;699.55;1.77;25.42;0.16;0.29;2019-10-01;Pre-covid;Pre-covid
2019;10;Castilla leon;Cerezas;5.68;11.26;1.98;0.79;0.0;0.0;2019-10-01;Pre-covid;Pre-covid
2019;10;Castilla leon;Uvas;993.61;1956.69;1.97;33.3;0.41;0.81;2019-10-01;Pre-covid;Pre-covid
2019;10;Castilla leon;Kiwi;687.14;2261.04;3.29;35.94;0.29;0.94;2019-10-01;Pre-covid;Pre-covid
2019;10;Castilla leon;Aguacate;216.63;883.29;4.08;24.43;0.09;0.37;2019-10-01;Pre-covid;Pre-covid
2019;10;Castilla leon;Piña;365.55;496.61;1.36;16.55;0.15;0.21;2019-10-01;Pre-covid;Pre-covid
2019;10;Castilla leon;Otras frutas frescas;1638.87;3361.05;2.05;56.98;0.68;1.4;2019-10-01;Pre-covid;Pre-covid
2019;10;Castilla leon;Pomelo;94.92;171.27;1.8;4.01;0.04;0.07;2019-10-01;Pre-covid;Pre-covid
2019;10;Castilla leon;Chirimoya;2.04;11.13;5.46;0.4;0.0;0.0;2019-10-01;Pre-covid;Pre-covid
2019;10;Castilla leon;Mango;283.29;593.97;2.1;18.38;0.12;0.25;2019-10-01;Pre-covid;Pre-covid
2019;10;Castilla leon;Frutas iv gama;639.65;1212.91;1.9;29.65;0.27;0.5;2019-10-01;Pre-covid;Pre-covid
2019;10;Cataluña;Frutas frescas;55422.44;102553.03;1.85;94.14;7.74;14.33;2019-10-01;Pre-covid;Pre-covid
2019;10;Cataluña;Naranjas;6224.18;9217.79;1.48;38.38;0.87;1.29;2019-10-01;Pre-covid;Pre-covid
2019;10;Cataluña;Mandarinas;4261.94;7236.65;1.7;54.22;0.6;1.01;2019-10-01;Pre-covid;Pre-covid
2019;10;Cataluña;Limones;1298.57;2479.11;1.91;39.3;0.18;0.35;2019-10-01;Pre-covid;Pre-covid
2019;10;Cataluña;Platanos;7646.76;14675.76;1.92;76.23;1.07;2.05;2019-10-01;Pre-covid;Pre-covid
2019;10;Cataluña;Manzanas;6330.52;9275.89;1.47;64.85;0.88;1.3;2019-10-01;Pre-covid;Pre-covid
2019;10;Cataluña;Peras;3893.53;6430.96;1.65;57.29;0.54;0.9;2019-10-01;Pre-covid;Pre-covid
2019;10;Cataluña;Melocotones;4667.77;9532.33;2.04;47.77;0.65;1.33;2019-10-01;Pre-covid;Pre-covid
2019;10;Cataluña;Nectarinas;1194.34;1626.51;1.36;24.05;0.17;0.23;2019-10-01;Pre-covid;Pre-covid
2019;10;Cataluña;Albaricoques;36.19;71.25;1.97;2.15;0.01;0.01;2019-10-01;Pre-covid;Pre-covid
2019;10;Cataluña;Fresas/freson;248.54;950.33;3.82;9.08;0.03;0.13;2019-10-01;Pre-covid;Pre-covid
2019;10;Cataluña;Melon;5322.98;6275.97;1.18;37.75;0.74;0.88;2019-10-01;Pre-covid;Pre-covid
2019;10;Cataluña;Sandia;1188.89;989.95;0.83;13.01;0.17;0.14;2019-10-01;Pre-covid;Pre-covid
2019;10;Cataluña;Ciruelas;1527.94;2490.16;1.63;33.06;0.21;0.35;2019-10-01;Pre-covid;Pre-covid
2019;10;Cataluña;Cerezas;14.58;31.79;2.18;0.36;0.0;0.0;2019-10-01;Pre-covid;Pre-covid
2019;10;Cataluña;Uvas;3247.04;7841.02;2.41;46.65;0.45;1.1;2019-10-01;Pre-covid;Pre-covid
2019;10;Cataluña;Kiwi;1632.6;5675.28;3.48;34.54;0.23;0.79;2019-10-01;Pre-covid;Pre-covid
2019;10;Cataluña;Aguacate;830.41;3280.83;3.95;27.11;0.12;0.46;2019-10-01;Pre-covid;Pre-covid
2019;10;Cataluña;Piña;801.73;1424.14;1.78;15.19;0.11;0.2;2019-10-01;Pre-covid;Pre-covid
2019;10;Cataluña;Otras frutas frescas;5053.94;13047.32;2.58;63.23;0.71;1.82;2019-10-01;Pre-covid;Pre-covid
2019;10;Cataluña;Pomelo;158.68;303.2;1.91;1.92;0.02;0.04;2019-10-01;Pre-covid;Pre-covid
2019;10;Cataluña;Chirimoya;0.0;0.0;0.0;0.0;0.0;0.0;2019-10-01;Pre-covid;Pre-covid
2019;10;Cataluña;Mango;1033.95;2342.81;2.27;23.73;0.14;0.33;2019-10-01;Pre-covid;Pre-covid
2019;10;Cataluña;Frutas iv gama;2170.1;4273.05;1.97;24.45;0.3;0.6;2019-10-01;Pre-covid;Pre-covid
2019;10;Extremadura;Frutas frescas;7781.38;11982.15;1.54;96.15;6.61;10.18;2019-10-01;Pre-covid;Pre-covid
2019;10;Extremadura;Naranjas;927.9;1246.03;1.34;45.99;0.79;1.06;2019-10-01;Pre-covid;Pre-covid
2019;10;Extremadura;Mandarinas;491.36;714.97;1.46;45.52;0.42;0.61;2019-10-01;Pre-covid;Pre-covid
2019;10;Extremadura;Limones;146.49;233.45;1.59;29.69;0.12;0.2;2019-10-01;Pre-covid;Pre-covid
2019;10;Extremadura;Platanos;1110.09;1813.29;1.63;81.24;0.94;1.54;2019-10-01;Pre-covid;Pre-covid
2019;10;Extremadura;Manzanas;875.01;1230.42;1.41;63.14;0.74;1.05;2019-10-01;Pre-covid;Pre-covid
2019;10;Extremadura;Peras;643.75;881.72;1.37;58.59;0.55;0.75;2019-10-01;Pre-covid;Pre-covid
2019;10;Extremadura;Melocotones;343.85;598.12;1.74;32.24;0.29;0.51;2019-10-01;Pre-covid;Pre-covid
2019;10;Extremadura;Nectarinas;157.08;217.62;1.39;23.66;0.13;0.18;2019-10-01;Pre-covid;Pre-covid
2019;10;Extremadura;Albaricoques;9.91;10.92;1.1;1.86;0.01;0.01;2019-10-01;Pre-covid;Pre-covid
2019;10;Extremadura;Fresas/freson;18.05;63.64;3.52;4.91;0.02;0.05;2019-10-01;Pre-covid;Pre-covid
2019;10;Extremadura;Melon;1097.79;926.91;0.84;38.24;0.93;0.79;2019-10-01;Pre-covid;Pre-covid
2019;10;Extremadura;Sandia;453.5;442.01;0.97;12.87;0.39;0.38;2019-10-01;Pre-covid;Pre-covid
2019;10;Extremadura;Ciruelas;138.54;206.04;1.49;27.44;0.12;0.18;2019-10-01;Pre-covid;Pre-covid
2019;10;Extremadura;Cerezas;12.26;23.4;1.91;2.71;0.01;0.02;2019-10-01;Pre-covid;Pre-covid
2019;10;Extremadura;Uvas;374.83;834.31;2.23;36.93;0.32;0.71;2019-10-01;Pre-covid;Pre-covid
2019;10;Extremadura;Kiwi;182.35;551.94;3.03;34.11;0.15;0.47;2019-10-01;Pre-covid;Pre-covid
2019;10;Extremadura;Aguacate;75.75;318.65;4.21;24.08;0.06;0.27;2019-10-01;Pre-covid;Pre-covid
2019;10;Extremadura;Piña;83.61;145.33;1.74;9.92;0.07;0.12;2019-10-01;Pre-covid;Pre-covid
2019;10;Extremadura;Otras frutas frescas;639.27;1523.39;2.38;55.54;0.54;1.29;2019-10-01;Pre-covid;Pre-covid
2019;10;Extremadura;Pomelo;11.23;22.25;1.98;2.78;0.01;0.02;2019-10-01;Pre-covid;Pre-covid
2019;10;Extremadura;Chirimoya;0.0;0.0;0.0;0.0;0.0;0.0;2019-10-01;Pre-covid;Pre-covid
2019;10;Extremadura;Mango;55.02;140.15;2.55;12.64;0.05;0.12;2019-10-01;Pre-covid;Pre-covid
2019;10;Extremadura;Frutas iv gama;358.54;664.68;1.85;26.57;0.3;0.56;2019-10-01;Pre-covid;Pre-covid
2019;10;Galicia;Frutas frescas;21117.88;37756.74;1.79;94.71;7.78;13.9;2019-10-01;Pre-covid;Pre-covid
2019;10;Galicia;Naranjas;3009.09;4114.07;1.37;45.16;1.11;1.51;2019-10-01;Pre-covid;Pre-covid
2019;10;Galicia;Mandarinas;1907.19;3086.73;1.62;48.9;0.7;1.14;2019-10-01;Pre-covid;Pre-covid
2019;10;Galicia;Limones;546.96;924.65;1.69;40.01;0.2;0.34;2019-10-01;Pre-covid;Pre-covid
2019;10;Galicia;Platanos;3290.97;6264.0;1.9;79.21;1.21;2.31;2019-10-01;Pre-covid;Pre-covid
2019;10;Galicia;Manzanas;3576.07;5340.73;1.49;61.77;1.32;1.97;2019-10-01;Pre-covid;Pre-covid
2019;10;Galicia;Peras;1383.15;2140.99;1.55;46.78;0.51;0.79;2019-10-01;Pre-covid;Pre-covid
2019;10;Galicia;Melocotones;797.32;1700.33;2.13;24.57;0.29;0.63;2019-10-01;Pre-covid;Pre-covid
2019;10;Galicia;Nectarinas;538.47;738.64;1.37;19.89;0.2;0.27;2019-10-01;Pre-covid;Pre-covid
2019;10;Galicia;Albaricoques;32.34;48.68;1.51;3.47;0.01;0.02;2019-10-01;Pre-covid;Pre-covid
2019;10;Galicia;Fresas/freson;169.92;898.93;5.29;11.62;0.06;0.33;2019-10-01;Pre-covid;Pre-covid
2019;10;Galicia;Melon;924.32;917.41;0.99;16.83;0.34;0.34;2019-10-01;Pre-covid;Pre-covid
2019;10;Galicia;Sandia;330.81;293.76;0.89;7.63;0.12;0.11;2019-10-01;Pre-covid;Pre-covid
2019;10;Galicia;Ciruelas;430.46;620.29;1.44;24.25;0.16;0.23;2019-10-01;Pre-covid;Pre-covid
2019;10;Galicia;Cerezas;23.07;42.21;1.83;1.1;0.01;0.02;2019-10-01;Pre-covid;Pre-covid
2019;10;Galicia;Uvas;1228.24;2798.41;2.28;40.9;0.45;1.03;2019-10-01;Pre-covid;Pre-covid
2019;10;Galicia;Kiwi;761.99;2485.26;3.26;37.42;0.28;0.92;2019-10-01;Pre-covid;Pre-covid
2019;10;Galicia;Aguacate;274.87;1181.06;4.3;20.78;0.1;0.43;2019-10-01;Pre-covid;Pre-covid
2019;10;Galicia;Piña;559.52;985.25;1.76;19.21;0.21;0.36;2019-10-01;Pre-covid;Pre-covid
2019;10;Galicia;Otras frutas frescas;1333.1;3175.33;2.38;44.02;0.49;1.17;2019-10-01;Pre-covid;Pre-covid
2019;10;Galicia;Pomelo;93.65;167.36;1.79;3.59;0.03;0.06;2019-10-01;Pre-covid;Pre-covid
2019;10;Galicia;Chirimoya;0.0;0.0;0.0;0.0;0.0;0.0;2019-10-01;Pre-covid;Pre-covid
2019;10;Galicia;Mango;247.31;563.81;2.28;13.15;0.09;0.21;2019-10-01;Pre-covid;Pre-covid
2019;10;Galicia;Frutas iv gama;570.3;994.72;1.74;17.97;0.21;0.37;2019-10-01;Pre-covid;Pre-covid
2019;10;La rioja;Frutas frescas;2724.8;4477.36;1.64;96.43;8.41;13.82;2019-10-01;Pre-covid;Pre-covid
2019;10;La rioja;Naranjas;255.15;341.43;1.34;43.67;0.79;1.05;2019-10-01;Pre-covid;Pre-covid
2019;10;La rioja;Mandarinas;136.17;229.27;1.68;38.88;0.42;0.71;2019-10-01;Pre-covid;Pre-covid
2019;10;La rioja;Limones;48.94;84.54;1.73;32.66;0.15;0.26;2019-10-01;Pre-covid;Pre-covid
2019;10;La rioja;Platanos;276.53;530.38;1.92;75.38;0.85;1.64;2019-10-01;Pre-covid;Pre-covid
2019;10;La rioja;Manzanas;416.81;597.13;1.43;68.54;1.29;1.84;2019-10-01;Pre-covid;Pre-covid
2019;10;La rioja;Peras;123.6;179.08;1.45;33.94;0.38;0.55;2019-10-01;Pre-covid;Pre-covid
2019;10;La rioja;Melocotones;160.23;244.19;1.52;21.8;0.49;0.75;2019-10-01;Pre-covid;Pre-covid
2019;10;La rioja;Nectarinas;60.03;85.22;1.42;21.76;0.19;0.26;2019-10-01;Pre-covid;Pre-covid
2019;10;La rioja;Albaricoques;13.01;23.16;1.78;4.87;0.04;0.07;2019-10-01;Pre-covid;Pre-covid
2019;10;La rioja;Fresas/freson;2.92;10.29;3.52;5.52;0.01;0.03;2019-10-01;Pre-covid;Pre-covid
2019;10;La rioja;Melon;332.67;262.58;0.79;32.59;1.03;0.81;2019-10-01;Pre-covid;Pre-covid
2019;10;La rioja;Sandia;92.51;63.01;0.68;8.1;0.29;0.19;2019-10-01;Pre-covid;Pre-covid
2019;10;La rioja;Ciruelas;23.52;48.85;2.08;14.52;0.07;0.15;2019-10-01;Pre-covid;Pre-covid
2019;10;La rioja;Cerezas;0.0;0.0;0.0;0.0;0.0;0.0;2019-10-01;Pre-covid;Pre-covid
2019;10;La rioja;Uvas;526.72;1107.11;2.1;25.95;1.63;3.42;2019-10-01;Pre-covid;Pre-covid
2019;10;La rioja;Kiwi;78.43;252.84;3.22;32.26;0.24;0.78;2019-10-01;Pre-covid;Pre-covid
2019;10;La rioja;Aguacate;17.25;59.31;3.44;14.6;0.05;0.18;2019-10-01;Pre-covid;Pre-covid
2019;10;La rioja;Piña;53.13;102.16;1.92;16.2;0.16;0.32;2019-10-01;Pre-covid;Pre-covid
2019;10;La rioja;Otras frutas frescas;107.16;256.8;2.4;45.9;0.33;0.79;2019-10-01;Pre-covid;Pre-covid
2019;10;La rioja;Pomelo;1.17;2.32;1.99;1.17;0.0;0.01;2019-10-01;Pre-covid;Pre-covid
2019;10;La rioja;Chirimoya;0.0;0.0;0.0;0.0;0.0;0.0;2019-10-01;Pre-covid;Pre-covid
2019;10;La rioja;Mango;18.19;34.53;1.9;8.95;0.06;0.11;2019-10-01;Pre-covid;Pre-covid
2019;10;La rioja;Frutas iv gama;50.77;90.93;1.79;34.31;0.16;0.28;2019-10-01;Pre-covid;Pre-covid
2019;10;Madrid;Frutas frescas;47551.4;82480.22;1.73;96.75;7.52;13.04;2019-10-01;Pre-covid;Pre-covid
2019;10;Madrid;Naranjas;6035.79;8182.46;1.36;47.9;0.95;1.29;2019-10-01;Pre-covid;Pre-covid
2019;10;Madrid;Mandarinas;3776.97;6220.48;1.65;59.89;0.6;0.98;2019-10-01;Pre-covid;Pre-covid
2019;10;Madrid;Limones;1251.58;2122.61;1.7;42.38;0.2;0.34;2019-10-01;Pre-covid;Pre-covid
2019;10;Madrid;Platanos;6203.1;10970.71;1.77;83.29;0.98;1.73;2019-10-01;Pre-covid;Pre-covid
2019;10;Madrid;Manzanas;5351.63;8146.78;1.52;70.0;0.85;1.29;2019-10-01;Pre-covid;Pre-covid
2019;10;Madrid;Peras;3267.29;5143.91;1.57;56.27;0.52;0.81;2019-10-01;Pre-covid;Pre-covid
2019;10;Madrid;Melocotones;3121.94;6009.08;1.92;43.12;0.49;0.95;2019-10-01;Pre-covid;Pre-covid
2019;10;Madrid;Nectarinas;1091.5;1604.4;1.47;26.93;0.17;0.25;2019-10-01;Pre-covid;Pre-covid
2019;10;Madrid;Albaricoques;25.89;47.89;1.85;1.11;0.0;0.01;2019-10-01;Pre-covid;Pre-covid
2019;10;Madrid;Fresas/freson;130.27;599.2;4.6;6.74;0.02;0.09;2019-10-01;Pre-covid;Pre-covid
2019;10;Madrid;Melon;4533.92;4935.48;1.09;40.88;0.72;0.78;2019-10-01;Pre-covid;Pre-covid
2019;10;Madrid;Sandia;1021.45;1014.41;0.99;11.51;0.16;0.16;2019-10-01;Pre-covid;Pre-covid
2019;10;Madrid;Ciruelas;1242.2;2151.57;1.73;34.03;0.2;0.34;2019-10-01;Pre-covid;Pre-covid
2019;10;Madrid;Cerezas;39.89;79.64;2.0;1.69;0.01;0.01;2019-10-01;Pre-covid;Pre-covid
2019;10;Madrid;Uvas;2359.53;4986.83;2.11;39.48;0.37;0.79;2019-10-01;Pre-covid;Pre-covid
2019;10;Madrid;Kiwi;1711.02;5810.77;3.4;40.06;0.27;0.92;2019-10-01;Pre-covid;Pre-covid
2019;10;Madrid;Aguacate;666.81;2729.73;4.09;32.31;0.11;0.43;2019-10-01;Pre-covid;Pre-covid
2019;10;Madrid;Piña;1257.12;2002.34;1.59;21.35;0.2;0.32;2019-10-01;Pre-covid;Pre-covid
2019;10;Madrid;Otras frutas frescas;4463.5;9721.94;2.18;60.87;0.71;1.54;2019-10-01;Pre-covid;Pre-covid
2019;10;Madrid;Pomelo;180.69;327.7;1.81;5.27;0.03;0.05;2019-10-01;Pre-covid;Pre-covid
2019;10;Madrid;Chirimoya;0.0;0.0;0.0;0.0;0.0;0.0;2019-10-01;Pre-covid;Pre-covid
2019;10;Madrid;Mango;1131.75;2290.68;2.02;25.97;0.18;0.36;2019-10-01;Pre-covid;Pre-covid
2019;10;Madrid;Frutas iv gama;1834.57;3612.39;1.97;29.01;0.29;0.57;2019-10-01;Pre-covid;Pre-covid
2019;10;Murcia;Frutas frescas;8204.03;13821.24;1.68;91.79;5.7;9.6;2019-10-01;Pre-covid;Pre-covid
2019;10;Murcia;Naranjas;655.24;855.62;1.31;22.6;0.45;0.59;2019-10-01;Pre-covid;Pre-covid
2019;10;Murcia;Mandarinas;582.09;894.49;1.54;41.31;0.4;0.62;2019-10-01;Pre-covid;Pre-covid
2019;10;Murcia;Limones;272.17;397.14;1.46;39.37;0.19;0.28;2019-10-01;Pre-covid;Pre-covid
2019;10;Murcia;Platanos;1295.35;2230.57;1.72;75.37;0.9;1.55;2019-10-01;Pre-covid;Pre-covid
2019;10;Murcia;Manzanas;1092.88;1641.57;1.5;67.38;0.76;1.14;2019-10-01;Pre-covid;Pre-covid
2019;10;Murcia;Peras;665.41;1021.09;1.53;56.93;0.46;0.71;2019-10-01;Pre-covid;Pre-covid
2019;10;Murcia;Melocotones;511.14;811.76;1.59;36.2;0.35;0.56;2019-10-01;Pre-covid;Pre-covid
2019;10;Murcia;Nectarinas;150.12;188.84;1.26;12.41;0.1;0.13;2019-10-01;Pre-covid;Pre-covid
2019;10;Murcia;Albaricoques;2.85;3.38;1.19;0.99;0.0;0.0;2019-10-01;Pre-covid;Pre-covid
2019;10;Murcia;Fresas/freson;26.64;118.02;4.43;7.78;0.02;0.08;2019-10-01;Pre-covid;Pre-covid
2019;10;Murcia;Melon;726.39;613.73;0.84;30.26;0.5;0.43;2019-10-01;Pre-covid;Pre-covid
2019;10;Murcia;Sandia;90.81;90.3;0.99;7.5;0.06;0.06;2019-10-01;Pre-covid;Pre-covid
2019;10;Murcia;Ciruelas;209.92;319.87;1.52;31.92;0.15;0.22;2019-10-01;Pre-covid;Pre-covid
2019;10;Murcia;Cerezas;0.0;0.0;0.0;0.0;0.0;0.0;2019-10-01;Pre-covid;Pre-covid
2019;10;Murcia;Uvas;482.93;978.4;2.03;45.58;0.34;0.68;2019-10-01;Pre-covid;Pre-covid
2019;10;Murcia;Kiwi;189.01;659.42;3.49;26.08;0.13;0.46;2019-10-01;Pre-covid;Pre-covid
2019;10;Murcia;Aguacate;149.45;561.4;3.76;33.91;0.1;0.39;2019-10-01;Pre-covid;Pre-covid
2019;10;Murcia;Piña;324.06;490.65;1.51;18.13;0.23;0.34;2019-10-01;Pre-covid;Pre-covid
2019;10;Murcia;Otras frutas frescas;777.57;1944.98;2.5;64.04;0.54;1.35;2019-10-01;Pre-covid;Pre-covid
2019;10;Murcia;Pomelo;2.46;5.17;2.1;0.45;0.0;0.0;2019-10-01;Pre-covid;Pre-covid
2019;10;Murcia;Chirimoya;0.0;0.0;0.0;0.0;0.0;0.0;2019-10-01;Pre-covid;Pre-covid
2019;10;Murcia;Mango;117.68;259.62;2.21;19.6;0.08;0.18;2019-10-01;Pre-covid;Pre-covid
2019;10;Murcia;Frutas iv gama;262.59;605.25;2.3;29.28;0.18;0.42;2019-10-01;Pre-covid;Pre-covid
2019;10;Navarra;Frutas frescas;7688.06;11840.61;1.54;96.09;12.86;19.81;2019-10-01;Pre-covid;Pre-covid
2019;10;Navarra;Naranjas;614.79;920.21;1.5;35.61;1.03;1.54;2019-10-01;Pre-covid;Pre-covid
2019;10;Navarra;Mandarinas;531.35;823.53;1.55;49.7;0.89;1.38;2019-10-01;Pre-covid;Pre-covid
2019;10;Navarra;Limones;121.86;223.27;1.83;34.31;0.2;0.37;2019-10-01;Pre-covid;Pre-covid
2019;10;Navarra;Platanos;692.89;1342.01;1.94;76.15;1.16;2.25;2019-10-01;Pre-covid;Pre-covid
2019;10;Navarra;Manzanas;2416.88;2765.83;1.14;65.36;4.04;4.63;2019-10-01;Pre-covid;Pre-covid
2019;10;Navarra;Peras;402.08;631.28;1.57;58.41;0.67;1.06;2019-10-01;Pre-covid;Pre-covid
2019;10;Navarra;Melocotones;422.06;1055.1;2.5;30.12;0.71;1.77;2019-10-01;Pre-covid;Pre-covid
2019;10;Navarra;Nectarinas;109.25;165.02;1.51;26.11;0.18;0.28;2019-10-01;Pre-covid;Pre-covid
2019;10;Navarra;Albaricoques;0.0;0.0;0.0;0.0;0.0;0.0;2019-10-01;Pre-covid;Pre-covid
2019;10;Navarra;Fresas/freson;27.91;136.68;4.9;7.88;0.05;0.23;2019-10-01;Pre-covid;Pre-covid
2019;10;Navarra;Melon;680.97;469.98;0.69;40.93;1.14;0.79;2019-10-01;Pre-covid;Pre-covid
2019;10;Navarra;Sandia;130.3;106.52;0.82;11.15;0.22;0.18;2019-10-01;Pre-covid;Pre-covid
2019;10;Navarra;Ciruelas;645.39;897.22;1.39;32.29;1.08;1.5;2019-10-01;Pre-covid;Pre-covid
2019;10;Navarra;Cerezas;0.0;0.0;0.0;0.0;0.0;0.0;2019-10-01;Pre-covid;Pre-covid
2019;10;Navarra;Uvas;198.33;437.36;2.21;32.21;0.33;0.73;2019-10-01;Pre-covid;Pre-covid
2019;10;Navarra;Kiwi;194.41;642.95;3.31;46.3;0.33;1.08;2019-10-01;Pre-covid;Pre-covid
2019;10;Navarra;Aguacate;75.2;304.46;4.05;38.03;0.13;0.51;2019-10-01;Pre-covid;Pre-covid
2019;10;Navarra;Piña;136.61;207.11;1.52;18.63;0.23;0.35;2019-10-01;Pre-covid;Pre-covid
2019;10;Navarra;Otras frutas frescas;287.78;712.07;2.47;50.57;0.48;1.19;2019-10-01;Pre-covid;Pre-covid
2019;10;Navarra;Pomelo;3.22;2.23;0.69;0.57;0.01;0.0;2019-10-01;Pre-covid;Pre-covid
2019;10;Navarra;Chirimoya;0.0;0.0;0.0;0.0;0.0;0.0;2019-10-01;Pre-covid;Pre-covid
2019;10;Navarra;Mango;64.71;138.62;2.14;24.96;0.11;0.23;2019-10-01;Pre-covid;Pre-covid
2019;10;Navarra;Frutas iv gama;236.92;551.47;2.33;26.43;0.4;0.92;2019-10-01;Pre-covid;Pre-covid
2019;10;Pais vasco;Frutas frescas;18281.51;33280.85;1.82;96.01;8.65;15.74;2019-10-01;Pre-covid;Pre-covid
2019;10;Pais vasco;Naranjas;2497.04;3734.47;1.5;53.55;1.18;1.77;2019-10-01;Pre-covid;Pre-covid
2019;10;Pais vasco;Mandarinas;1635.87;2626.91;1.61;59.93;0.77;1.24;2019-10-01;Pre-covid;Pre-covid
2019;10;Pais vasco;Limones;379.21;687.06;1.81;39.86;0.18;0.33;2019-10-01;Pre-covid;Pre-covid
2019;10;Pais vasco;Platanos;2722.35;5386.69;1.98;75.49;1.29;2.55;2019-10-01;Pre-covid;Pre-covid
2019;10;Pais vasco;Manzanas;2336.77;3429.93;1.47;58.67;1.11;1.62;2019-10-01;Pre-covid;Pre-covid
2019;10;Pais vasco;Peras;1280.66;1996.43;1.56;52.71;0.61;0.94;2019-10-01;Pre-covid;Pre-covid
2019;10;Pais vasco;Melocotones;1091.31;2272.76;2.08;33.68;0.52;1.08;2019-10-01;Pre-covid;Pre-covid
2019;10;Pais vasco;Nectarinas;735.02;1073.4;1.46;37.93;0.35;0.51;2019-10-01;Pre-covid;Pre-covid
2019;10;Pais vasco;Albaricoques;11.48;20.83;1.81;0.96;0.01;0.01;2019-10-01;Pre-covid;Pre-covid
2019;10;Pais vasco;Fresas/freson;37.5;205.82;5.49;7.97;0.02;0.1;2019-10-01;Pre-covid;Pre-covid
2019;10;Pais vasco;Melon;1270.15;1645.32;1.3;34.66;0.6;0.78;2019-10-01;Pre-covid;Pre-covid
2019;10;Pais vasco;Sandia;385.07;380.68;0.99;16.22;0.18;0.18;2019-10-01;Pre-covid;Pre-covid
2019;10;Pais vasco;Ciruelas;396.55;698.76;1.76;33.11;0.19;0.33;2019-10-01;Pre-covid;Pre-covid
2019;10;Pais vasco;Cerezas;0.0;0.0;0.0;0.0;0.0;0.0;2019-10-01;Pre-covid;Pre-covid
2019;10;Pais vasco;Uvas;890.19;2070.58;2.33;42.36;0.42;0.98;2019-10-01;Pre-covid;Pre-covid
2019;10;Pais vasco;Kiwi;674.13;2591.22;3.84;39.51;0.32;1.23;2019-10-01;Pre-covid;Pre-covid
2019;10;Pais vasco;Aguacate;205.38;815.49;3.97;26.55;0.1;0.39;2019-10-01;Pre-covid;Pre-covid
2019;10;Pais vasco;Piña;407.33;623.4;1.53;17.44;0.19;0.29;2019-10-01;Pre-covid;Pre-covid
2019;10;Pais vasco;Otras frutas frescas;1325.49;3021.09;2.28;50.91;0.63;1.43;2019-10-01;Pre-covid;Pre-covid
2019;10;Pais vasco;Pomelo;109.79;213.72;1.95;7.41;0.05;0.1;2019-10-01;Pre-covid;Pre-covid
2019;10;Pais vasco;Chirimoya;0.0;0.0;0.0;0.0;0.0;0.0;2019-10-01;Pre-covid;Pre-covid
2019;10;Pais vasco;Mango;267.24;584.84;2.19;18.86;0.13;0.28;2019-10-01;Pre-covid;Pre-covid
2019;10;Pais vasco;Frutas iv gama;816.28;1539.72;1.89;24.23;0.39;0.73;2019-10-01;Pre-covid;Pre-covid
2019;10;Valencia;Frutas frescas;35074.6;60152.44;1.71;94.43;7.22;12.38;2019-10-01;Pre-covid;Pre-covid
2019;10;Valencia;Naranjas;2254.59;3047.85;1.35;22.78;0.46;0.63;2019-10-01;Pre-covid;Pre-covid
2019;10;Valencia;Mandarinas;2159.62;3317.96;1.54;42.52;0.44;0.68;2019-10-01;Pre-covid;Pre-covid
2019;10;Valencia;Limones;966.68;1577.52;1.63;36.23;0.2;0.32;2019-10-01;Pre-covid;Pre-covid
2019;10;Valencia;Platanos;5466.39;8954.06;1.64;80.37;1.13;1.84;2019-10-01;Pre-covid;Pre-covid
2019;10;Valencia;Manzanas;3790.63;5527.99;1.46;66.21;0.78;1.14;2019-10-01;Pre-covid;Pre-covid
2019;10;Valencia;Peras;2243.64;3390.97;1.51;49.75;0.46;0.7;2019-10-01;Pre-covid;Pre-covid
2019;10;Valencia;Melocotones;2260.35;4140.45;1.83;41.29;0.47;0.85;2019-10-01;Pre-covid;Pre-covid
2019;10;Valencia;Nectarinas;694.25;1001.5;1.44;23.27;0.14;0.21;2019-10-01;Pre-covid;Pre-covid
2019;10;Valencia;Albaricoques;47.23;71.35;1.51;2.9;0.01;0.01;2019-10-01;Pre-covid;Pre-covid
2019;10;Valencia;Fresas/freson;80.3;376.16;4.68;5.36;0.02;0.08;2019-10-01;Pre-covid;Pre-covid
2019;10;Valencia;Melon;4016.27;4304.25;1.07;41.57;0.83;0.89;2019-10-01;Pre-covid;Pre-covid
2019;10;Valencia;Sandia;1113.57;1109.6;1.0;9.98;0.23;0.23;2019-10-01;Pre-covid;Pre-covid
2019;10;Valencia;Ciruelas;1158.01;1918.19;1.66;32.68;0.24;0.39;2019-10-01;Pre-covid;Pre-covid
2019;10;Valencia;Cerezas;15.74;45.93;2.92;0.64;0.0;0.01;2019-10-01;Pre-covid;Pre-covid
2019;10;Valencia;Uvas;2814.25;6609.49;2.35;49.01;0.58;1.36;2019-10-01;Pre-covid;Pre-covid
2019;10;Valencia;Kiwi;1037.04;3503.37;3.38;36.66;0.21;0.72;2019-10-01;Pre-covid;Pre-covid
2019;10;Valencia;Aguacate;617.65;2508.51;4.06;33.38;0.13;0.52;2019-10-01;Pre-covid;Pre-covid
2019;10;Valencia;Piña;661.44;982.82;1.49;15.59;0.14;0.2;2019-10-01;Pre-covid;Pre-covid
2019;10;Valencia;Otras frutas frescas;3676.95;7764.46;2.11;60.22;0.76;1.6;2019-10-01;Pre-covid;Pre-covid
2019;10;Valencia;Pomelo;92.73;166.97;1.8;1.47;0.02;0.03;2019-10-01;Pre-covid;Pre-covid
2019;10;Valencia;Chirimoya;0.0;0.0;0.0;0.0;0.0;0.0;2019-10-01;Pre-covid;Pre-covid
2019;10;Valencia;Mango;625.82;1242.75;1.99;22.89;0.13;0.26;2019-10-01;Pre-covid;Pre-covid
2019;10;Valencia;Frutas iv gama;1440.61;2918.32;2.03;29.46;0.3;0.6;2019-10-01;Pre-covid;Pre-covid
2019;11;Nacional;Patatas;107635.34;101503.27;0.94;79.2;2.33;2.2;2019-11-01;Pre-covid;Pre-covid
2019;11;Nacional;Patatas frescas;78227.98;69519.41;0.89;65.96;1.7;1.51;2019-11-01;Pre-covid;Pre-covid
2019;11;Nacional;Patatas congeladas;3558.86;4569.59;1.28;10.75;0.08;0.1;2019-11-01;Pre-covid;Pre-covid
2019;11;Nacional;Patatas procesadas;5169.7;27414.27;5.3;46.62;0.11;0.59;2019-11-01;Pre-covid;Pre-covid
2019;11;Nacional;Patatas fritas;4215.02;26065.85;6.18;44.8;0.09;0.57;2019-11-01;Pre-covid;Pre-covid
2019;11;Nacional;Hortalizas frescas;212398.33;410739.34;1.93;96.28;4.6;8.91;2019-11-01;Pre-covid;Pre-covid
2019;11;Nacional;Omates;43425.75;75745.86;1.74;77.54;0.94;1.64;2019-11-01;Pre-covid;Pre-covid
2019;11;Nacional;Cebollas;26421.05;31494.75;1.19;64.54;0.57;0.68;2019-11-01;Pre-covid;Pre-covid
2019;11;Nacional;Ajos;2510.92;10452.71;4.16;31.53;0.05;0.23;2019-11-01;Pre-covid;Pre-covid
2019;11;Nacional;Coles;8613.51;9439.75;1.1;23.4;0.19;0.2;2019-11-01;Pre-covid;Pre-covid
2019;11;Nacional;Pepinos;4902.11;7068.36;1.44;25.54;0.11;0.15;2019-11-01;Pre-covid;Pre-covid
2019;11;Nacional;Judias verdes;7277.86;24224.63;3.33;31.32;0.16;0.53;2019-11-01;Pre-covid;Pre-covid
2019;11;Nacional;Pimientos;18973.17;35190.98;1.85;61.5;0.41;0.76;2019-11-01;Pre-covid;Pre-covid
2019;11;Nacional;Champiñoneso setas;5809.79;29748.48;5.12;42.48;0.13;0.64;2019-11-01;Pre-covid;Pre-covid
2019;11;Nacional;Lechuga/esc /endivia;13393.12;38052.54;2.84;60.78;0.29;0.83;2019-11-01;Pre-covid;Pre-covid
2019;11;Nacional;Esparragos;1607.9;4450.15;2.77;7.91;0.03;0.1;2019-11-01;Pre-covid;Pre-covid
2019;11;Nacional;Verduras de hoja;5241.46;12144.98;2.32;25.29;0.11;0.26;2019-11-01;Pre-covid;Pre-covid
2019;11;Nacional;Berenjenas;6358.62;9603.95;1.51;29.42;0.14;0.21;2019-11-01;Pre-covid;Pre-covid
2019;11;Nacional;Zanahorias;13822.97;12533.15;0.91;56.39;0.3;0.27;2019-11-01;Pre-covid;Pre-covid
2019;11;Nacional;Calabacines;13997.62;20131.58;1.44;49.89;0.3;0.44;2019-11-01;Pre-covid;Pre-covid
2019;11;Nacional;Otr hortalizas/verd ;40042.48;90457.48;2.26;77.07;0.87;1.96;2019-11-01;Pre-covid;Pre-covid
2019;11;Nacional;Brocoli;5242.41;9554.57;1.82;23.04;0.11;0.21;2019-11-01;Pre-covid;Pre-covid
2019;11;Nacional;Alcachofas;2364.7;5477.89;2.32;10.9;0.05;0.12;2019-11-01;Pre-covid;Pre-covid
2019;11;Nacional;Apio;1826.05;2727.38;1.49;10.72;0.04;0.06;2019-11-01;Pre-covid;Pre-covid
2019;11;Nacional;Coliflor;2576.09;4867.89;1.89;10.6;0.06;0.11;2019-11-01;Pre-covid;Pre-covid
2019;11;Nacional;Verd /hort  iv gama;24063.32;63994.37;2.66;64.7;0.52;1.39;2019-11-01;Pre-covid;Pre-covid
2019;11;Nacional;Puerro;4695.41;12769.67;2.72;32.34;0.1;0.28;2019-11-01;Pre-covid;Pre-covid
2019;11;Andalucia;Patatas;20981.88;19062.5;0.91;82.64;2.42;2.2;2019-11-01;Pre-covid;Pre-covid
2019;11;Andalucia;Patatas frescas;14750.94;12487.94;0.85;68.54;1.7;1.44;2019-11-01;Pre-covid;Pre-covid
2019;11;Andalucia;Patatas congeladas;744.79;891.26;1.2;12.98;0.09;0.1;2019-11-01;Pre-covid;Pre-covid
2019;11;Andalucia;Patatas procesadas;1097.23;5683.3;5.18;50.86;0.13;0.65;2019-11-01;Pre-covid;Pre-covid
2019;11;Andalucia;Patatas fritas;918.02;5420.85;5.9;48.56;0.11;0.62;2019-11-01;Pre-covid;Pre-covid
2019;11;Andalucia;Hortalizas frescas;33991.11;61062.64;1.8;95.81;3.92;7.03;2019-11-01;Pre-covid;Pre-covid
2019;11;Andalucia;Omates;7870.26;11809.45;1.5;77.97;0.91;1.36;2019-11-01;Pre-covid;Pre-covid
2019;11;Andalucia;Cebollas;4631.12;5038.39;1.09;67.52;0.53;0.58;2019-11-01;Pre-covid;Pre-covid
2019;11;Andalucia;Ajos;472.46;1834.1;3.88;31.77;0.05;0.21;2019-11-01;Pre-covid;Pre-covid
2019;11;Andalucia;Coles;892.35;944.91;1.06;15.35;0.1;0.11;2019-11-01;Pre-covid;Pre-covid
2019;11;Andalucia;Pepinos;670.74;977.05;1.46;25.73;0.08;0.11;2019-11-01;Pre-covid;Pre-covid
2019;11;Andalucia;Judias verdes;921.16;2894.76;3.14;26.58;0.11;0.33;2019-11-01;Pre-covid;Pre-covid
2019;11;Andalucia;Pimientos;2838.01;4966.87;1.75;63.79;0.33;0.57;2019-11-01;Pre-covid;Pre-covid
2019;11;Andalucia;Champiñoneso setas;737.06;3450.11;4.68;37.29;0.08;0.4;2019-11-01;Pre-covid;Pre-covid
2019;11;Andalucia;Lechuga/esc /endivia;2374.87;6548.07;2.76;63.86;0.27;0.75;2019-11-01;Pre-covid;Pre-covid
2019;11;Andalucia;Esparragos;227.61;599.9;2.64;5.83;0.03;0.07;2019-11-01;Pre-covid;Pre-covid
2019;11;Andalucia;Verduras de hoja;853.11;1772.96;2.08;23.77;0.1;0.2;2019-11-01;Pre-covid;Pre-covid
2019;11;Andalucia;Berenjenas;1177.6;1695.92;1.44;31.16;0.14;0.2;2019-11-01;Pre-covid;Pre-covid
2019;11;Andalucia;Zanahorias;2186.53;1976.63;0.9;54.91;0.25;0.23;2019-11-01;Pre-covid;Pre-covid
2019;11;Andalucia;Calabacines;2334.51;3348.5;1.43;53.61;0.27;0.39;2019-11-01;Pre-covid;Pre-covid
2019;11;Andalucia;Otr hortalizas/verd ;5803.71;13205.0;2.28;74.52;0.67;1.52;2019-11-01;Pre-covid;Pre-covid
2019;11;Andalucia;Brocoli;696.24;1340.47;1.93;21.58;0.08;0.15;2019-11-01;Pre-covid;Pre-covid
2019;11;Andalucia;Alcachofas;338.41;685.29;2.03;9.37;0.04;0.08;2019-11-01;Pre-covid;Pre-covid
2019;11;Andalucia;Apio;288.03;477.68;1.66;11.85;0.03;0.06;2019-11-01;Pre-covid;Pre-covid
2019;11;Andalucia;Coliflor;481.1;903.25;1.88;11.9;0.06;0.1;2019-11-01;Pre-covid;Pre-covid
2019;11;Andalucia;Verd /hort  iv gama;4225.34;10569.19;2.5;63.07;0.49;1.22;2019-11-01;Pre-covid;Pre-covid
2019;11;Andalucia;Puerro;636.18;1634.73;2.57;26.19;0.07;0.19;2019-11-01;Pre-covid;Pre-covid
2019;11;Aragon;Patatas;3121.97;3007.91;0.96;74.92;2.38;2.3;2019-11-01;Pre-covid;Pre-covid
2019;11;Aragon;Patatas frescas;2375.85;2243.97;0.94;64.14;1.81;1.71;2019-11-01;Pre-covid;Pre-covid
2019;11;Aragon;Patatas congeladas;60.98;81.78;1.34;8.32;0.05;0.06;2019-11-01;Pre-covid;Pre-covid
2019;11;Aragon;Patatas procesadas;137.03;682.16;4.98;40.65;0.1;0.52;2019-11-01;Pre-covid;Pre-covid
2019;11;Aragon;Patatas fritas;104.15;642.2;6.17;37.63;0.08;0.49;2019-11-01;Pre-covid;Pre-covid
2019;11;Aragon;Hortalizas frescas;7792.65;15083.08;1.94;98.24;5.95;11.52;2019-11-01;Pre-covid;Pre-covid
2019;11;Aragon;Omates;1244.69;2178.77;1.75;81.85;0.95;1.66;2019-11-01;Pre-covid;Pre-covid
2019;11;Aragon;Cebollas;814.85;988.32;1.21;56.33;0.62;0.75;2019-11-01;Pre-covid;Pre-covid
2019;11;Aragon;Ajos;90.9;378.24;4.16;26.15;0.07;0.29;2019-11-01;Pre-covid;Pre-covid
2019;11;Aragon;Coles;170.74;168.55;0.99;18.29;0.13;0.13;2019-11-01;Pre-covid;Pre-covid
2019;11;Aragon;Pepinos;180.72;286.52;1.59;24.39;0.14;0.22;2019-11-01;Pre-covid;Pre-covid
2019;11;Aragon;Judias verdes;502.31;1536.82;3.06;45.9;0.38;1.17;2019-11-01;Pre-covid;Pre-covid
2019;11;Aragon;Pimientos;608.09;1148.66;1.89;60.96;0.46;0.88;2019-11-01;Pre-covid;Pre-covid
2019;11;Aragon;Champiñoneso setas;204.41;1020.21;4.99;48.16;0.16;0.78;2019-11-01;Pre-covid;Pre-covid
2019;11;Aragon;Lechuga/esc /endivia;580.51;1422.8;2.45;62.33;0.44;1.09;2019-11-01;Pre-covid;Pre-covid
2019;11;Aragon;Esparragos;26.83;166.5;6.21;9.86;0.02;0.13;2019-11-01;Pre-covid;Pre-covid
2019;11;Aragon;Verduras de hoja;523.85;843.5;1.61;31.2;0.4;0.64;2019-11-01;Pre-covid;Pre-covid
2019;11;Aragon;Berenjenas;256.04;376.68;1.47;32.66;0.2;0.29;2019-11-01;Pre-covid;Pre-covid
2019;11;Aragon;Zanahorias;437.11;420.38;0.96;54.61;0.33;0.32;2019-11-01;Pre-covid;Pre-covid
2019;11;Aragon;Calabacines;430.62;591.0;1.37;46.88;0.33;0.45;2019-11-01;Pre-covid;Pre-covid
2019;11;Aragon;Otr hortalizas/verd ;1720.96;3556.12;2.07;83.23;1.31;2.72;2019-11-01;Pre-covid;Pre-covid
2019;11;Aragon;Brocoli;236.11;362.52;1.54;25.95;0.18;0.28;2019-11-01;Pre-covid;Pre-covid
2019;11;Aragon;Alcachofas;119.16;270.72;2.27;21.48;0.09;0.21;2019-11-01;Pre-covid;Pre-covid
2019;11;Aragon;Apio;98.22;141.14;1.44;7.13;0.07;0.11;2019-11-01;Pre-covid;Pre-covid
2019;11;Aragon;Coliflor;60.56;112.18;1.85;11.54;0.05;0.09;2019-11-01;Pre-covid;Pre-covid
2019;11;Aragon;Verd /hort  iv gama;501.26;1570.45;3.13;64.05;0.38;1.2;2019-11-01;Pre-covid;Pre-covid
2019;11;Aragon;Puerro;83.54;257.69;3.08;30.3;0.06;0.2;2019-11-01;Pre-covid;Pre-covid
2019;11;Asturias;Patatas;2177.08;1941.13;0.89;65.59;2.03;1.81;2019-11-01;Pre-covid;Pre-covid
2019;11;Asturias;Patatas frescas;1612.54;1301.89;0.81;56.04;1.5;1.21;2019-11-01;Pre-covid;Pre-covid
2019;11;Asturias;Patatas congeladas;85.14;127.06;1.49;8.47;0.08;0.12;2019-11-01;Pre-covid;Pre-covid
2019;11;Asturias;Patatas procesadas;95.88;512.18;5.34;33.49;0.09;0.48;2019-11-01;Pre-covid;Pre-covid
2019;11;Asturias;Patatas fritas;66.74;468.53;7.02;30.4;0.06;0.44;2019-11-01;Pre-covid;Pre-covid
2019;11;Asturias;Hortalizas frescas;3803.24;7222.48;1.9;92.41;3.54;6.72;2019-11-01;Pre-covid;Pre-covid
2019;11;Asturias;Omates;723.13;1287.89;1.78;70.05;0.67;1.2;2019-11-01;Pre-covid;Pre-covid
2019;11;Asturias;Cebollas;550.85;658.95;1.2;61.84;0.51;0.61;2019-11-01;Pre-covid;Pre-covid
2019;11;Asturias;Ajos;65.57;302.81;4.62;35.36;0.06;0.28;2019-11-01;Pre-covid;Pre-covid
2019;11;Asturias;Coles;172.5;167.17;0.97;19.16;0.16;0.16;2019-11-01;Pre-covid;Pre-covid
2019;11;Asturias;Pepinos;108.26;153.85;1.42;17.42;0.1;0.14;2019-11-01;Pre-covid;Pre-covid
2019;11;Asturias;Judias verdes;93.01;299.15;3.22;18.22;0.09;0.28;2019-11-01;Pre-covid;Pre-covid
2019;11;Asturias;Pimientos;448.29;868.69;1.94;65.76;0.42;0.81;2019-11-01;Pre-covid;Pre-covid
2019;11;Asturias;Champiñoneso setas;89.51;404.82;4.52;35.08;0.08;0.38;2019-11-01;Pre-covid;Pre-covid
2019;11;Asturias;Lechuga/esc /endivia;240.1;613.06;2.55;44.94;0.22;0.57;2019-11-01;Pre-covid;Pre-covid
2019;11;Asturias;Esparragos;35.7;55.75;1.56;4.54;0.03;0.05;2019-11-01;Pre-covid;Pre-covid
2019;11;Asturias;Verduras de hoja;31.68;74.39;2.35;8.48;0.03;0.07;2019-11-01;Pre-covid;Pre-covid
2019;11;Asturias;Berenjenas;89.64;156.4;1.74;21.16;0.08;0.15;2019-11-01;Pre-covid;Pre-covid
2019;11;Asturias;Zanahorias;335.0;341.44;1.02;53.82;0.31;0.32;2019-11-01;Pre-covid;Pre-covid
2019;11;Asturias;Calabacines;296.21;402.66;1.36;41.73;0.28;0.37;2019-11-01;Pre-covid;Pre-covid
2019;11;Asturias;Otr hortalizas/verd ;523.79;1435.42;2.74;64.75;0.49;1.34;2019-11-01;Pre-covid;Pre-covid
2019;11;Asturias;Brocoli;115.54;230.16;1.99;19.56;0.11;0.21;2019-11-01;Pre-covid;Pre-covid
2019;11;Asturias;Alcachofas;23.1;56.09;2.43;5.3;0.02;0.05;2019-11-01;Pre-covid;Pre-covid
2019;11;Asturias;Apio;3.67;10.51;2.86;2.31;0.0;0.01;2019-11-01;Pre-covid;Pre-covid
2019;11;Asturias;Coliflor;28.1;50.38;1.79;3.31;0.03;0.05;2019-11-01;Pre-covid;Pre-covid
2019;11;Asturias;Verd /hort  iv gama;364.26;1060.4;2.91;52.01;0.34;0.99;2019-11-01;Pre-covid;Pre-covid
2019;11;Asturias;Puerro;99.3;293.13;2.95;29.26;0.09;0.27;2019-11-01;Pre-covid;Pre-covid
2019;11;Baleares;Patatas;2720.55;2853.38;1.05;86.89;2.58;2.7;2019-11-01;Pre-covid;Pre-covid
2019;11;Baleares;Patatas frescas;1801.43;1828.81;1.02;70.05;1.71;1.73;2019-11-01;Pre-covid;Pre-covid
2019;11;Baleares;Patatas congeladas;110.99;160.21;1.44;15.3;0.11;0.15;2019-11-01;Pre-covid;Pre-covid
2019;11;Baleares;Patatas procesadas;161.62;864.37;5.35;54.44;0.15;0.82;2019-11-01;Pre-covid;Pre-covid
2019;11;Baleares;Patatas fritas;140.65;838.23;5.96;50.28;0.13;0.79;2019-11-01;Pre-covid;Pre-covid
2019;11;Baleares;Hortalizas frescas;5631.52;12027.3;2.14;98.69;5.34;11.4;2019-11-01;Pre-covid;Pre-covid
2019;11;Baleares;Omates;1082.32;2009.54;1.86;87.71;1.03;1.9;2019-11-01;Pre-covid;Pre-covid
2019;11;Baleares;Cebollas;779.7;1058.42;1.36;83.33;0.74;1.0;2019-11-01;Pre-covid;Pre-covid
2019;11;Baleares;Ajos;64.12;333.56;5.2;35.72;0.06;0.32;2019-11-01;Pre-covid;Pre-covid
2019;11;Baleares;Coles;297.51;385.27;1.29;42.33;0.28;0.37;2019-11-01;Pre-covid;Pre-covid
2019;11;Baleares;Pepinos;126.68;173.24;1.37;29.02;0.12;0.16;2019-11-01;Pre-covid;Pre-covid
2019;11;Baleares;Judias verdes;145.55;512.76;3.52;37.4;0.14;0.49;2019-11-01;Pre-covid;Pre-covid
2019;11;Baleares;Pimientos;493.24;1066.93;2.16;72.36;0.47;1.01;2019-11-01;Pre-covid;Pre-covid
2019;11;Baleares;Champiñoneso setas;194.21;955.53;4.92;53.33;0.18;0.91;2019-11-01;Pre-covid;Pre-covid
2019;11;Baleares;Lechuga/esc /endivia;385.35;1223.61;3.18;67.22;0.37;1.16;2019-11-01;Pre-covid;Pre-covid
2019;11;Baleares;Esparragos;15.32;94.6;6.18;6.31;0.01;0.09;2019-11-01;Pre-covid;Pre-covid
2019;11;Baleares;Verduras de hoja;128.28;341.33;2.66;29.33;0.12;0.32;2019-11-01;Pre-covid;Pre-covid
2019;11;Baleares;Berenjenas;139.32;211.89;1.52;38.32;0.13;0.2;2019-11-01;Pre-covid;Pre-covid
2019;11;Baleares;Zanahorias;425.11;423.79;1.0;60.33;0.4;0.4;2019-11-01;Pre-covid;Pre-covid
2019;11;Baleares;Calabacines;271.74;436.3;1.61;56.5;0.26;0.41;2019-11-01;Pre-covid;Pre-covid
2019;11;Baleares;Otr hortalizas/verd ;1083.07;2800.54;2.59;81.53;1.03;2.65;2019-11-01;Pre-covid;Pre-covid
2019;11;Baleares;Brocoli;96.41;236.59;2.45;25.93;0.09;0.22;2019-11-01;Pre-covid;Pre-covid
2019;11;Baleares;Alcachofas;71.29;178.53;2.5;19.88;0.07;0.17;2019-11-01;Pre-covid;Pre-covid
2019;11;Baleares;Apio;67.97;92.74;1.36;9.99;0.06;0.09;2019-11-01;Pre-covid;Pre-covid
2019;11;Baleares;Coliflor;135.11;256.08;1.9;25.13;0.13;0.24;2019-11-01;Pre-covid;Pre-covid
2019;11;Baleares;Verd /hort  iv gama;731.22;2222.39;3.04;69.64;0.69;2.11;2019-11-01;Pre-covid;Pre-covid
2019;11;Baleares;Puerro;128.99;380.68;2.95;35.58;0.12;0.36;2019-11-01;Pre-covid;Pre-covid
2019;11;Canarias;Patatas;5558.87;5433.3;0.98;81.67;2.52;2.46;2019-11-01;Pre-covid;Pre-covid
2019;11;Canarias;Patatas frescas;4706.99;4441.03;0.94;70.82;2.13;2.01;2019-11-01;Pre-covid;Pre-covid
2019;11;Canarias;Patatas congeladas;210.18;232.21;1.1;9.89;0.1;0.11;2019-11-01;Pre-covid;Pre-covid
2019;11;Canarias;Patatas procesadas;128.34;760.06;5.92;41.31;0.06;0.34;2019-11-01;Pre-covid;Pre-covid
2019;11;Canarias;Patatas fritas;122.98;754.05;6.13;40.67;0.06;0.34;2019-11-01;Pre-covid;Pre-covid
2019;11;Canarias;Hortalizas frescas;8992.98;17836.12;1.98;97.98;4.07;8.07;2019-11-01;Pre-covid;Pre-covid
2019;11;Canarias;Omates;1810.22;2926.7;1.62;80.49;0.82;1.32;2019-11-01;Pre-covid;Pre-covid
2019;11;Canarias;Cebollas;1203.25;1510.7;1.26;70.04;0.54;0.68;2019-11-01;Pre-covid;Pre-covid
2019;11;Canarias;Ajos;112.31;480.56;4.28;40.4;0.05;0.22;2019-11-01;Pre-covid;Pre-covid
2019;11;Canarias;Coles;377.01;444.94;1.18;25.71;0.17;0.2;2019-11-01;Pre-covid;Pre-covid
2019;11;Canarias;Pepinos;189.6;331.5;1.75;33.41;0.09;0.15;2019-11-01;Pre-covid;Pre-covid
2019;11;Canarias;Judias verdes;162.49;283.99;1.75;13.59;0.07;0.13;2019-11-01;Pre-covid;Pre-covid
2019;11;Canarias;Pimientos;924.66;1817.02;1.97;76.68;0.42;0.82;2019-11-01;Pre-covid;Pre-covid
2019;11;Canarias;Champiñoneso setas;188.8;951.26;5.04;35.06;0.09;0.43;2019-11-01;Pre-covid;Pre-covid
2019;11;Canarias;Lechuga/esc /endivia;391.63;1393.33;3.56;52.66;0.18;0.63;2019-11-01;Pre-covid;Pre-covid
2019;11;Canarias;Esparragos;17.2;114.6;6.66;3.97;0.01;0.05;2019-11-01;Pre-covid;Pre-covid
2019;11;Canarias;Verduras de hoja;57.1;271.31;4.75;17.86;0.03;0.12;2019-11-01;Pre-covid;Pre-covid
2019;11;Canarias;Berenjenas;154.44;249.74;1.62;18.78;0.07;0.11;2019-11-01;Pre-covid;Pre-covid
2019;11;Canarias;Zanahorias;745.62;780.18;1.05;62.73;0.34;0.35;2019-11-01;Pre-covid;Pre-covid
2019;11;Canarias;Calabacines;939.38;1522.12;1.62;68.21;0.43;0.69;2019-11-01;Pre-covid;Pre-covid
2019;11;Canarias;Otr hortalizas/verd ;1719.27;4758.16;2.77;74.91;0.78;2.15;2019-11-01;Pre-covid;Pre-covid
2019;11;Canarias;Brocoli;67.16;177.53;2.64;7.13;0.03;0.08;2019-11-01;Pre-covid;Pre-covid
2019;11;Canarias;Alcachofas;0.0;0.0;0.0;0.0;0.0;0.0;2019-11-01;Pre-covid;Pre-covid
2019;11;Canarias;Apio;89.67;175.31;1.96;11.24;0.04;0.08;2019-11-01;Pre-covid;Pre-covid
2019;11;Canarias;Coliflor;74.74;178.32;2.39;10.91;0.03;0.08;2019-11-01;Pre-covid;Pre-covid
2019;11;Canarias;Verd /hort  iv gama;1334.42;3668.39;2.75;60.03;0.6;1.66;2019-11-01;Pre-covid;Pre-covid
2019;11;Canarias;Puerro;152.96;353.22;2.31;30.29;0.07;0.16;2019-11-01;Pre-covid;Pre-covid
2019;11;Cantabria;Patatas;1644.67;1638.28;1.0;80.39;2.92;2.91;2019-11-01;Pre-covid;Pre-covid
2019;11;Cantabria;Patatas frescas;1368.15;1281.05;0.94;70.67;2.43;2.27;2019-11-01;Pre-covid;Pre-covid
2019;11;Cantabria;Patatas congeladas;61.82;83.35;1.35;14.49;0.11;0.15;2019-11-01;Pre-covid;Pre-covid
2019;11;Cantabria;Patatas procesadas;42.94;273.89;6.38;33.54;0.08;0.49;2019-11-01;Pre-covid;Pre-covid
2019;11;Cantabria;Patatas fritas;40.07;271.66;6.78;32.26;0.07;0.48;2019-11-01;Pre-covid;Pre-covid
2019;11;Cantabria;Hortalizas frescas;3634.81;6336.3;1.74;95.01;6.45;11.24;2019-11-01;Pre-covid;Pre-covid
2019;11;Cantabria;Omates;580.17;1447.69;2.5;58.04;1.03;2.57;2019-11-01;Pre-covid;Pre-covid
2019;11;Cantabria;Cebollas;672.36;789.79;1.17;67.1;1.19;1.4;2019-11-01;Pre-covid;Pre-covid
2019;11;Cantabria;Ajos;18.62;97.02;5.21;23.9;0.03;0.17;2019-11-01;Pre-covid;Pre-covid
2019;11;Cantabria;Coles;354.13;283.73;0.8;17.34;0.63;0.5;2019-11-01;Pre-covid;Pre-covid
2019;11;Cantabria;Pepinos;66.76;81.23;1.22;27.09;0.12;0.14;2019-11-01;Pre-covid;Pre-covid
2019;11;Cantabria;Judias verdes;47.42;125.52;2.65;20.5;0.08;0.22;2019-11-01;Pre-covid;Pre-covid
2019;11;Cantabria;Pimientos;457.42;874.35;1.91;64.7;0.81;1.55;2019-11-01;Pre-covid;Pre-covid
2019;11;Cantabria;Champiñoneso setas;34.78;152.2;4.38;31.37;0.06;0.27;2019-11-01;Pre-covid;Pre-covid
2019;11;Cantabria;Lechuga/esc /endivia;95.01;277.27;2.92;43.69;0.17;0.49;2019-11-01;Pre-covid;Pre-covid
2019;11;Cantabria;Esparragos;24.44;41.73;1.71;5.11;0.04;0.07;2019-11-01;Pre-covid;Pre-covid
2019;11;Cantabria;Verduras de hoja;39.47;86.52;2.19;22.5;0.07;0.15;2019-11-01;Pre-covid;Pre-covid
2019;11;Cantabria;Berenjenas;29.24;43.0;1.47;20.19;0.05;0.08;2019-11-01;Pre-covid;Pre-covid
2019;11;Cantabria;Zanahorias;196.66;146.12;0.74;54.7;0.35;0.26;2019-11-01;Pre-covid;Pre-covid
2019;11;Cantabria;Calabacines;321.58;459.92;1.43;43.33;0.57;0.82;2019-11-01;Pre-covid;Pre-covid
2019;11;Cantabria;Otr hortalizas/verd ;696.75;1430.2;2.05;70.42;1.24;2.54;2019-11-01;Pre-covid;Pre-covid
2019;11;Cantabria;Brocoli;51.78;86.15;1.66;13.54;0.09;0.15;2019-11-01;Pre-covid;Pre-covid
2019;11;Cantabria;Alcachofas;12.24;9.16;0.75;1.93;0.02;0.02;2019-11-01;Pre-covid;Pre-covid
2019;11;Cantabria;Apio;5.21;12.54;2.41;4.98;0.01;0.02;2019-11-01;Pre-covid;Pre-covid
2019;11;Cantabria;Coliflor;18.26;37.53;2.05;4.26;0.03;0.07;2019-11-01;Pre-covid;Pre-covid
2019;11;Cantabria;Verd /hort  iv gama;174.2;470.38;2.7;51.62;0.31;0.83;2019-11-01;Pre-covid;Pre-covid
2019;11;Cantabria;Puerro;64.52;184.91;2.87;30.86;0.11;0.33;2019-11-01;Pre-covid;Pre-covid
2019;11;Castilla la mancha;Patatas;4683.9;4143.46;0.88;83.14;2.23;1.98;2019-11-01;Pre-covid;Pre-covid
2019;11;Castilla la mancha;Patatas frescas;3228.61;2498.34;0.77;65.26;1.54;1.19;2019-11-01;Pre-covid;Pre-covid
2019;11;Castilla la mancha;Patatas congeladas;258.62;299.46;1.16;18.77;0.12;0.14;2019-11-01;Pre-covid;Pre-covid
2019;11;Castilla la mancha;Patatas procesadas;239.33;1345.65;5.62;54.06;0.11;0.64;2019-11-01;Pre-covid;Pre-covid
2019;11;Castilla la mancha;Patatas fritas;220.19;1322.16;6.0;53.28;0.11;0.63;2019-11-01;Pre-covid;Pre-covid
2019;11;Castilla la mancha;Hortalizas frescas;7836.36;14496.49;1.85;93.07;3.74;6.92;2019-11-01;Pre-covid;Pre-covid
2019;11;Castilla la mancha;Omates;2089.25;3335.06;1.6;73.78;1.0;1.59;2019-11-01;Pre-covid;Pre-covid
2019;11;Castilla la mancha;Cebollas;751.44;822.87;1.1;52.76;0.36;0.39;2019-11-01;Pre-covid;Pre-covid
2019;11;Castilla la mancha;Ajos;69.34;273.01;3.94;24.98;0.03;0.13;2019-11-01;Pre-covid;Pre-covid
2019;11;Castilla la mancha;Coles;204.19;226.61;1.11;14.96;0.1;0.11;2019-11-01;Pre-covid;Pre-covid
2019;11;Castilla la mancha;Pepinos;273.29;381.3;1.4;23.33;0.13;0.18;2019-11-01;Pre-covid;Pre-covid
2019;11;Castilla la mancha;Judias verdes;237.27;695.63;2.93;33.28;0.11;0.33;2019-11-01;Pre-covid;Pre-covid
2019;11;Castilla la mancha;Pimientos;780.42;1394.77;1.79;60.02;0.37;0.67;2019-11-01;Pre-covid;Pre-covid
2019;11;Castilla la mancha;Champiñoneso setas;269.53;1284.6;4.77;44.64;0.13;0.61;2019-11-01;Pre-covid;Pre-covid
2019;11;Castilla la mancha;Lechuga/esc /endivia;419.8;1189.5;2.83;58.56;0.2;0.57;2019-11-01;Pre-covid;Pre-covid
2019;11;Castilla la mancha;Esparragos;32.25;220.3;6.83;9.25;0.02;0.11;2019-11-01;Pre-covid;Pre-covid
2019;11;Castilla la mancha;Verduras de hoja;184.82;405.68;2.19;22.82;0.09;0.19;2019-11-01;Pre-covid;Pre-covid
2019;11;Castilla la mancha;Berenjenas;191.48;290.04;1.51;34.43;0.09;0.14;2019-11-01;Pre-covid;Pre-covid
2019;11;Castilla la mancha;Zanahorias;502.34;409.93;0.82;57.54;0.24;0.2;2019-11-01;Pre-covid;Pre-covid
2019;11;Castilla la mancha;Calabacines;485.96;702.91;1.45;49.85;0.23;0.34;2019-11-01;Pre-covid;Pre-covid
2019;11;Castilla la mancha;Otr hortalizas/verd ;1344.97;2864.27;2.13;70.03;0.64;1.37;2019-11-01;Pre-covid;Pre-covid
2019;11;Castilla la mancha;Brocoli;219.13;454.21;2.07;21.21;0.1;0.22;2019-11-01;Pre-covid;Pre-covid
2019;11;Castilla la mancha;Alcachofas;55.8;145.78;2.61;8.65;0.03;0.07;2019-11-01;Pre-covid;Pre-covid
2019;11;Castilla la mancha;Apio;42.92;72.91;1.7;8.35;0.02;0.03;2019-11-01;Pre-covid;Pre-covid
2019;11;Castilla la mancha;Coliflor;136.09;279.38;2.05;13.08;0.06;0.13;2019-11-01;Pre-covid;Pre-covid
2019;11;Castilla la mancha;Verd /hort  iv gama;951.5;2349.55;2.47;59.76;0.45;1.12;2019-11-01;Pre-covid;Pre-covid
2019;11;Castilla la mancha;Puerro;131.07;320.08;2.44;28.68;0.06;0.15;2019-11-01;Pre-covid;Pre-covid
2019;11;Castilla leon;Patatas;4500.72;3905.28;0.87;63.69;1.87;1.62;2019-11-01;Pre-covid;Pre-covid
2019;11;Castilla leon;Patatas frescas;3385.17;2838.05;0.84;45.35;1.41;1.18;2019-11-01;Pre-covid;Pre-covid
2019;11;Castilla leon;Patatas congeladas;77.11;82.28;1.07;5.33;0.03;0.03;2019-11-01;Pre-covid;Pre-covid
2019;11;Castilla leon;Patatas procesadas;207.69;984.94;4.74;37.85;0.09;0.41;2019-11-01;Pre-covid;Pre-covid
2019;11;Castilla leon;Patatas fritas;145.24;896.06;6.17;35.32;0.06;0.37;2019-11-01;Pre-covid;Pre-covid
2019;11;Castilla leon;Hortalizas frescas;10086.03;18822.71;1.87;94.22;4.2;7.83;2019-11-01;Pre-covid;Pre-covid
2019;11;Castilla leon;Omates;1915.75;3548.33;1.85;61.21;0.8;1.48;2019-11-01;Pre-covid;Pre-covid
2019;11;Castilla leon;Cebollas;1384.7;1638.06;1.18;53.89;0.58;0.68;2019-11-01;Pre-covid;Pre-covid
2019;11;Castilla leon;Ajos;90.91;390.23;4.29;24.34;0.04;0.16;2019-11-01;Pre-covid;Pre-covid
2019;11;Castilla leon;Coles;739.47;729.44;0.99;27.07;0.31;0.3;2019-11-01;Pre-covid;Pre-covid
2019;11;Castilla leon;Pepinos;239.85;358.43;1.49;18.82;0.1;0.15;2019-11-01;Pre-covid;Pre-covid
2019;11;Castilla leon;Judias verdes;243.36;741.52;3.05;27.27;0.1;0.31;2019-11-01;Pre-covid;Pre-covid
2019;11;Castilla leon;Pimientos;877.88;1757.37;2.0;56.52;0.37;0.73;2019-11-01;Pre-covid;Pre-covid
2019;11;Castilla leon;Champiñoneso setas;314.72;1728.47;5.49;36.77;0.13;0.72;2019-11-01;Pre-covid;Pre-covid
2019;11;Castilla leon;Lechuga/esc /endivia;721.28;1840.61;2.55;56.8;0.3;0.77;2019-11-01;Pre-covid;Pre-covid
2019;11;Castilla leon;Esparragos;22.16;122.08;5.51;5.96;0.01;0.05;2019-11-01;Pre-covid;Pre-covid
2019;11;Castilla leon;Verduras de hoja;205.74;470.91;2.29;20.07;0.09;0.2;2019-11-01;Pre-covid;Pre-covid
2019;11;Castilla leon;Berenjenas;220.55;354.39;1.61;19.49;0.09;0.15;2019-11-01;Pre-covid;Pre-covid
2019;11;Castilla leon;Zanahorias;813.7;647.21;0.8;54.37;0.34;0.27;2019-11-01;Pre-covid;Pre-covid
2019;11;Castilla leon;Calabacines;686.21;951.7;1.39;39.46;0.29;0.4;2019-11-01;Pre-covid;Pre-covid
2019;11;Castilla leon;Otr hortalizas/verd ;1609.74;3543.97;2.2;70.97;0.67;1.47;2019-11-01;Pre-covid;Pre-covid
2019;11;Castilla leon;Brocoli;299.07;520.82;1.74;24.8;0.12;0.22;2019-11-01;Pre-covid;Pre-covid
2019;11;Castilla leon;Alcachofas;29.34;88.34;3.01;4.71;0.01;0.04;2019-11-01;Pre-covid;Pre-covid
2019;11;Castilla leon;Apio;42.99;77.91;1.81;6.29;0.02;0.03;2019-11-01;Pre-covid;Pre-covid
2019;11;Castilla leon;Coliflor;195.67;319.52;1.63;13.39;0.08;0.13;2019-11-01;Pre-covid;Pre-covid
2019;11;Castilla leon;Verd /hort  iv gama;798.2;2224.28;2.79;54.27;0.33;0.93;2019-11-01;Pre-covid;Pre-covid
2019;11;Castilla leon;Puerro;191.63;543.19;2.83;31.82;0.08;0.23;2019-11-01;Pre-covid;Pre-covid
2019;11;Cataluña;Patatas;18955.43;18724.17;0.99;83.67;2.65;2.62;2019-11-01;Pre-covid;Pre-covid
2019;11;Cataluña;Patatas frescas;13430.48;12604.8;0.94;72.14;1.88;1.76;2019-11-01;Pre-covid;Pre-covid
2019;11;Cataluña;Patatas congeladas;477.77;706.33;1.48;9.45;0.07;0.1;2019-11-01;Pre-covid;Pre-covid
2019;11;Cataluña;Patatas procesadas;1009.43;5413.03;5.36;51.33;0.14;0.76;2019-11-01;Pre-covid;Pre-covid
2019;11;Cataluña;Patatas fritas;765.33;5085.85;6.65;49.0;0.11;0.71;2019-11-01;Pre-covid;Pre-covid
2019;11;Cataluña;Hortalizas frescas;40694.46;81454.46;2.0;97.33;5.69;11.38;2019-11-01;Pre-covid;Pre-covid
2019;11;Cataluña;Omates;8031.38;15378.82;1.91;81.71;1.12;2.15;2019-11-01;Pre-covid;Pre-covid
2019;11;Cataluña;Cebollas;5364.65;6558.25;1.22;67.18;0.75;0.92;2019-11-01;Pre-covid;Pre-covid
2019;11;Cataluña;Ajos;486.69;2003.02;4.12;32.11;0.07;0.28;2019-11-01;Pre-covid;Pre-covid
2019;11;Cataluña;Coles;1687.62;1800.24;1.07;24.94;0.24;0.25;2019-11-01;Pre-covid;Pre-covid
2019;11;Cataluña;Pepinos;888.54;1279.18;1.44;28.53;0.12;0.18;2019-11-01;Pre-covid;Pre-covid
2019;11;Cataluña;Judias verdes;1795.16;6374.17;3.55;38.32;0.25;0.89;2019-11-01;Pre-covid;Pre-covid
2019;11;Cataluña;Pimientos;2955.71;5509.95;1.86;56.84;0.41;0.77;2019-11-01;Pre-covid;Pre-covid
2019;11;Cataluña;Champiñoneso setas;1036.19;6116.15;5.9;43.89;0.14;0.85;2019-11-01;Pre-covid;Pre-covid
2019;11;Cataluña;Lechuga/esc /endivia;2426.68;7324.72;3.02;67.03;0.34;1.02;2019-11-01;Pre-covid;Pre-covid
2019;11;Cataluña;Esparragos;592.04;994.43;1.68;10.43;0.08;0.14;2019-11-01;Pre-covid;Pre-covid
2019;11;Cataluña;Verduras de hoja;1041.29;2508.27;2.41;29.88;0.15;0.35;2019-11-01;Pre-covid;Pre-covid
2019;11;Cataluña;Berenjenas;1258.26;1933.08;1.54;33.86;0.18;0.27;2019-11-01;Pre-covid;Pre-covid
2019;11;Cataluña;Zanahorias;2381.2;2306.42;0.97;57.92;0.33;0.32;2019-11-01;Pre-covid;Pre-covid
2019;11;Cataluña;Calabacines;2516.19;3774.1;1.5;49.87;0.35;0.53;2019-11-01;Pre-covid;Pre-covid
2019;11;Cataluña;Otr hortalizas/verd ;8232.87;17593.67;2.14;79.68;1.15;2.46;2019-11-01;Pre-covid;Pre-covid
2019;11;Cataluña;Brocoli;1140.41;1907.27;1.67;26.13;0.16;0.27;2019-11-01;Pre-covid;Pre-covid
2019;11;Cataluña;Alcachofas;591.89;1603.09;2.71;16.49;0.08;0.22;2019-11-01;Pre-covid;Pre-covid
2019;11;Cataluña;Apio;560.29;696.17;1.24;16.8;0.08;0.1;2019-11-01;Pre-covid;Pre-covid
2019;11;Cataluña;Coliflor;401.92;764.61;1.9;8.32;0.06;0.11;2019-11-01;Pre-covid;Pre-covid
2019;11;Cataluña;Verd /hort  iv gama;4957.2;12688.18;2.56;71.31;0.69;1.77;2019-11-01;Pre-covid;Pre-covid
2019;11;Cataluña;Puerro;805.93;1942.45;2.41;33.98;0.11;0.27;2019-11-01;Pre-covid;Pre-covid
2019;11;Extremadura;Patatas;2200.08;2099.87;0.95;80.37;1.87;1.78;2019-11-01;Pre-covid;Pre-covid
2019;11;Extremadura;Patatas frescas;1617.4;1428.74;0.88;59.94;1.37;1.21;2019-11-01;Pre-covid;Pre-covid
2019;11;Extremadura;Patatas congeladas;113.74;119.95;1.05;10.48;0.1;0.1;2019-11-01;Pre-covid;Pre-covid
2019;11;Extremadura;Patatas procesadas;93.79;551.18;5.88;49.52;0.08;0.47;2019-11-01;Pre-covid;Pre-covid
2019;11;Extremadura;Patatas fritas;88.14;540.73;6.13;49.68;0.07;0.46;2019-11-01;Pre-covid;Pre-covid
2019;11;Extremadura;Hortalizas frescas;5391.09;10018.96;1.86;98.1;4.58;8.51;2019-11-01;Pre-covid;Pre-covid
2019;11;Extremadura;Omates;1407.09;2520.69;1.79;82.26;1.2;2.14;2019-11-01;Pre-covid;Pre-covid
2019;11;Extremadura;Cebollas;552.41;617.44;1.12;64.12;0.47;0.52;2019-11-01;Pre-covid;Pre-covid
2019;11;Extremadura;Ajos;80.3;341.22;4.25;34.4;0.07;0.29;2019-11-01;Pre-covid;Pre-covid
2019;11;Extremadura;Coles;267.24;281.68;1.05;29.35;0.23;0.24;2019-11-01;Pre-covid;Pre-covid
2019;11;Extremadura;Pepinos;155.52;214.95;1.38;23.16;0.13;0.18;2019-11-01;Pre-covid;Pre-covid
2019;11;Extremadura;Judias verdes;185.65;854.11;4.6;25.53;0.16;0.73;2019-11-01;Pre-covid;Pre-covid
2019;11;Extremadura;Pimientos;485.29;780.16;1.61;53.99;0.41;0.66;2019-11-01;Pre-covid;Pre-covid
2019;11;Extremadura;Champiñoneso setas;112.17;512.07;4.57;38.94;0.1;0.44;2019-11-01;Pre-covid;Pre-covid
2019;11;Extremadura;Lechuga/esc /endivia;360.83;903.57;2.5;58.51;0.31;0.77;2019-11-01;Pre-covid;Pre-covid
2019;11;Extremadura;Esparragos;2.39;11.31;4.73;1.47;0.0;0.01;2019-11-01;Pre-covid;Pre-covid
2019;11;Extremadura;Verduras de hoja;119.02;309.5;2.6;20.6;0.1;0.26;2019-11-01;Pre-covid;Pre-covid
2019;11;Extremadura;Berenjenas;150.56;216.74;1.44;38.14;0.13;0.18;2019-11-01;Pre-covid;Pre-covid
2019;11;Extremadura;Zanahorias;277.12;256.37;0.93;53.14;0.24;0.22;2019-11-01;Pre-covid;Pre-covid
2019;11;Extremadura;Calabacines;362.04;484.93;1.34;54.35;0.31;0.41;2019-11-01;Pre-covid;Pre-covid
2019;11;Extremadura;Otr hortalizas/verd ;873.47;1714.22;1.96;72.85;0.74;1.46;2019-11-01;Pre-covid;Pre-covid
2019;11;Extremadura;Brocoli;122.81;223.37;1.82;25.03;0.1;0.19;2019-11-01;Pre-covid;Pre-covid
2019;11;Extremadura;Alcachofas;49.46;90.49;1.83;11.13;0.04;0.08;2019-11-01;Pre-covid;Pre-covid
2019;11;Extremadura;Apio;26.98;37.27;1.38;7.53;0.02;0.03;2019-11-01;Pre-covid;Pre-covid
2019;11;Extremadura;Coliflor;62.24;98.07;1.58;12.33;0.05;0.08;2019-11-01;Pre-covid;Pre-covid
2019;11;Extremadura;Verd /hort  iv gama;708.38;1472.47;2.08;66.94;0.6;1.25;2019-11-01;Pre-covid;Pre-covid
2019;11;Extremadura;Puerro;103.36;284.97;2.76;23.97;0.09;0.24;2019-11-01;Pre-covid;Pre-covid
2019;11;Galicia;Patatas;5590.09;5533.47;0.99;59.68;2.06;2.04;2019-11-01;Pre-covid;Pre-covid
2019;11;Galicia;Patatas frescas;4495.21;4283.82;0.95;43.9;1.66;1.58;2019-11-01;Pre-covid;Pre-covid
2019;11;Galicia;Patatas congeladas;129.63;153.64;1.19;7.33;0.05;0.06;2019-11-01;Pre-covid;Pre-covid
2019;11;Galicia;Patatas procesadas;193.05;1096.01;5.68;29.67;0.07;0.4;2019-11-01;Pre-covid;Pre-covid
2019;11;Galicia;Patatas fritas;153.13;1044.98;6.82;27.86;0.06;0.38;2019-11-01;Pre-covid;Pre-covid
2019;11;Galicia;Hortalizas frescas;11163.37;22200.04;1.99;95.08;4.11;8.17;2019-11-01;Pre-covid;Pre-covid
2019;11;Galicia;Omates;1992.59;3426.88;1.72;67.45;0.73;1.26;2019-11-01;Pre-covid;Pre-covid
2019;11;Galicia;Cebollas;1146.85;1447.59;1.26;46.32;0.42;0.53;2019-11-01;Pre-covid;Pre-covid
2019;11;Galicia;Ajos;165.66;677.49;4.09;33.63;0.06;0.25;2019-11-01;Pre-covid;Pre-covid
2019;11;Galicia;Coles;1043.67;1050.13;1.01;34.38;0.38;0.39;2019-11-01;Pre-covid;Pre-covid
2019;11;Galicia;Pepinos;117.33;164.69;1.4;11.92;0.04;0.06;2019-11-01;Pre-covid;Pre-covid
2019;11;Galicia;Judias verdes;286.52;924.11;3.23;21.59;0.11;0.34;2019-11-01;Pre-covid;Pre-covid
2019;11;Galicia;Pimientos;1607.17;3005.84;1.87;52.73;0.59;1.11;2019-11-01;Pre-covid;Pre-covid
2019;11;Galicia;Champiñoneso setas;240.94;1591.15;6.6;25.1;0.09;0.59;2019-11-01;Pre-covid;Pre-covid
2019;11;Galicia;Lechuga/esc /endivia;729.48;1866.08;2.56;51.91;0.27;0.69;2019-11-01;Pre-covid;Pre-covid
2019;11;Galicia;Esparragos;45.79;106.22;2.32;3.45;0.02;0.04;2019-11-01;Pre-covid;Pre-covid
2019;11;Galicia;Verduras de hoja;293.25;677.88;2.31;16.18;0.11;0.25;2019-11-01;Pre-covid;Pre-covid
2019;11;Galicia;Berenjenas;245.71;373.95;1.52;18.08;0.09;0.14;2019-11-01;Pre-covid;Pre-covid
2019;11;Galicia;Zanahorias;769.0;689.36;0.9;57.18;0.28;0.25;2019-11-01;Pre-covid;Pre-covid
2019;11;Galicia;Calabacines;409.28;622.93;1.52;27.05;0.15;0.23;2019-11-01;Pre-covid;Pre-covid
2019;11;Galicia;Otr hortalizas/verd ;2070.13;5575.74;2.69;72.62;0.76;2.05;2019-11-01;Pre-covid;Pre-covid
2019;11;Galicia;Brocoli;306.13;586.86;1.92;24.02;0.11;0.22;2019-11-01;Pre-covid;Pre-covid
2019;11;Galicia;Alcachofas;21.12;59.05;2.8;1.33;0.01;0.02;2019-11-01;Pre-covid;Pre-covid
2019;11;Galicia;Apio;53.63;81.8;1.53;3.84;0.02;0.03;2019-11-01;Pre-covid;Pre-covid
2019;11;Galicia;Coliflor;146.37;267.1;1.82;10.4;0.05;0.1;2019-11-01;Pre-covid;Pre-covid
2019;11;Galicia;Verd /hort  iv gama;1172.89;2746.82;2.34;55.73;0.43;1.01;2019-11-01;Pre-covid;Pre-covid
2019;11;Galicia;Puerro;433.85;1602.44;3.69;31.38;0.16;0.59;2019-11-01;Pre-covid;Pre-covid
2019;11;La rioja;Patatas;451.19;404.85;0.9;72.6;1.39;1.25;2019-11-01;Pre-covid;Pre-covid
2019;11;La rioja;Patatas frescas;347.58;274.82;0.79;60.52;1.07;0.85;2019-11-01;Pre-covid;Pre-covid
2019;11;La rioja;Patatas congeladas;12.01;17.52;1.46;5.13;0.04;0.05;2019-11-01;Pre-covid;Pre-covid
2019;11;La rioja;Patatas procesadas;18.32;112.51;6.14;36.65;0.06;0.35;2019-11-01;Pre-covid;Pre-covid
2019;11;La rioja;Patatas fritas;15.51;109.59;7.06;34.2;0.05;0.34;2019-11-01;Pre-covid;Pre-covid
2019;11;La rioja;Hortalizas frescas;1235.79;2581.08;2.09;92.71;3.81;7.97;2019-11-01;Pre-covid;Pre-covid
2019;11;La rioja;Omates;136.52;244.4;1.79;61.35;0.42;0.75;2019-11-01;Pre-covid;Pre-covid
2019;11;La rioja;Cebollas;136.39;223.66;1.64;56.55;0.42;0.69;2019-11-01;Pre-covid;Pre-covid
2019;11;La rioja;Ajos;29.05;121.02;4.17;37.42;0.09;0.37;2019-11-01;Pre-covid;Pre-covid
2019;11;La rioja;Coles;30.72;37.69;1.23;17.45;0.09;0.12;2019-11-01;Pre-covid;Pre-covid
2019;11;La rioja;Pepinos;11.49;17.61;1.53;7.03;0.04;0.05;2019-11-01;Pre-covid;Pre-covid
2019;11;La rioja;Judias verdes;49.54;152.0;3.07;34.5;0.15;0.47;2019-11-01;Pre-covid;Pre-covid
2019;11;La rioja;Pimientos;87.59;232.44;2.65;45.25;0.27;0.72;2019-11-01;Pre-covid;Pre-covid
2019;11;La rioja;Champiñoneso setas;45.44;155.92;3.43;35.0;0.14;0.48;2019-11-01;Pre-covid;Pre-covid
2019;11;La rioja;Lechuga/esc /endivia;123.92;326.23;2.63;63.93;0.38;1.01;2019-11-01;Pre-covid;Pre-covid
2019;11;La rioja;Esparragos;5.58;39.39;7.06;11.21;0.02;0.12;2019-11-01;Pre-covid;Pre-covid
2019;11;La rioja;Verduras de hoja;71.2;119.44;1.68;34.3;0.22;0.37;2019-11-01;Pre-covid;Pre-covid
2019;11;La rioja;Berenjenas;32.17;51.86;1.61;13.24;0.1;0.16;2019-11-01;Pre-covid;Pre-covid
2019;11;La rioja;Zanahorias;66.7;62.68;0.94;43.81;0.21;0.19;2019-11-01;Pre-covid;Pre-covid
2019;11;La rioja;Calabacines;66.43;106.45;1.6;39.5;0.21;0.33;2019-11-01;Pre-covid;Pre-covid
2019;11;La rioja;Otr hortalizas/verd ;343.04;690.29;2.01;74.7;1.06;2.13;2019-11-01;Pre-covid;Pre-covid
2019;11;La rioja;Brocoli;49.01;67.93;1.39;26.35;0.15;0.21;2019-11-01;Pre-covid;Pre-covid
2019;11;La rioja;Alcachofas;28.49;62.61;2.2;6.59;0.09;0.19;2019-11-01;Pre-covid;Pre-covid
2019;11;La rioja;Apio;4.94;8.91;1.8;5.25;0.02;0.03;2019-11-01;Pre-covid;Pre-covid
2019;11;La rioja;Coliflor;14.35;24.33;1.7;7.78;0.04;0.08;2019-11-01;Pre-covid;Pre-covid
2019;11;La rioja;Verd /hort  iv gama;96.64;247.76;2.56;51.59;0.3;0.76;2019-11-01;Pre-covid;Pre-covid
2019;11;La rioja;Puerro;33.22;124.78;3.76;37.72;0.1;0.39;2019-11-01;Pre-covid;Pre-covid
2019;11;Madrid;Patatas;14398.19;13102.0;0.91;80.4;2.28;2.07;2019-11-01;Pre-covid;Pre-covid
2019;11;Madrid;Patatas frescas;10209.84;8695.75;0.85;68.83;1.61;1.37;2019-11-01;Pre-covid;Pre-covid
2019;11;Madrid;Patatas congeladas;481.67;662.23;1.37;10.39;0.08;0.1;2019-11-01;Pre-covid;Pre-covid
2019;11;Madrid;Patatas procesadas;741.34;3744.02;5.05;48.17;0.12;0.59;2019-11-01;Pre-covid;Pre-covid
2019;11;Madrid;Patatas fritas;584.93;3505.97;5.99;46.9;0.09;0.55;2019-11-01;Pre-covid;Pre-covid
2019;11;Madrid;Hortalizas frescas;27819.87;52918.43;1.9;96.73;4.4;8.36;2019-11-01;Pre-covid;Pre-covid
2019;11;Madrid;Omates;5766.41;9710.41;1.68;81.38;0.91;1.53;2019-11-01;Pre-covid;Pre-covid
2019;11;Madrid;Cebollas;3159.7;3709.57;1.17;65.98;0.5;0.59;2019-11-01;Pre-covid;Pre-covid
2019;11;Madrid;Ajos;342.53;1431.9;4.18;33.43;0.05;0.23;2019-11-01;Pre-covid;Pre-covid
2019;11;Madrid;Coles;1147.21;1396.74;1.22;28.58;0.18;0.22;2019-11-01;Pre-covid;Pre-covid
2019;11;Madrid;Pepinos;559.61;811.56;1.45;25.8;0.09;0.13;2019-11-01;Pre-covid;Pre-covid
2019;11;Madrid;Judias verdes;1003.14;2866.27;2.86;33.2;0.16;0.45;2019-11-01;Pre-covid;Pre-covid
2019;11;Madrid;Pimientos;2448.51;4458.33;1.82;62.71;0.39;0.7;2019-11-01;Pre-covid;Pre-covid
2019;11;Madrid;Champiñoneso setas;827.18;4189.24;5.06;44.71;0.13;0.66;2019-11-01;Pre-covid;Pre-covid
2019;11;Madrid;Lechuga/esc /endivia;1475.33;4550.59;3.08;59.05;0.23;0.72;2019-11-01;Pre-covid;Pre-covid
2019;11;Madrid;Esparragos;287.17;892.8;3.11;11.96;0.05;0.14;2019-11-01;Pre-covid;Pre-covid
2019;11;Madrid;Verduras de hoja;657.38;1661.22;2.53;27.83;0.1;0.26;2019-11-01;Pre-covid;Pre-covid
2019;11;Madrid;Berenjenas;778.9;1128.2;1.45;27.55;0.12;0.18;2019-11-01;Pre-covid;Pre-covid
2019;11;Madrid;Zanahorias;2046.26;1770.95;0.87;56.29;0.32;0.28;2019-11-01;Pre-covid;Pre-covid
2019;11;Madrid;Calabacines;2141.72;2950.73;1.38;52.79;0.34;0.47;2019-11-01;Pre-covid;Pre-covid
2019;11;Madrid;Otr hortalizas/verd ;5178.81;11389.93;2.2;80.32;0.82;1.8;2019-11-01;Pre-covid;Pre-covid
2019;11;Madrid;Brocoli;693.01;1262.06;1.82;25.64;0.11;0.2;2019-11-01;Pre-covid;Pre-covid
2019;11;Madrid;Alcachofas;178.76;500.54;2.8;7.89;0.03;0.08;2019-11-01;Pre-covid;Pre-covid
2019;11;Madrid;Apio;186.35;322.21;1.73;11.37;0.03;0.05;2019-11-01;Pre-covid;Pre-covid
2019;11;Madrid;Coliflor;244.28;469.26;1.92;8.05;0.04;0.07;2019-11-01;Pre-covid;Pre-covid
2019;11;Madrid;Verd /hort  iv gama;3181.75;9324.3;2.93;70.09;0.5;1.47;2019-11-01;Pre-covid;Pre-covid
2019;11;Madrid;Puerro;818.17;1868.39;2.28;38.53;0.13;0.3;2019-11-01;Pre-covid;Pre-covid
2019;11;Murcia;Patatas;2911.1;2708.87;0.93;84.84;2.02;1.88;2019-11-01;Pre-covid;Pre-covid
2019;11;Murcia;Patatas frescas;2022.46;1704.79;0.84;68.86;1.4;1.18;2019-11-01;Pre-covid;Pre-covid
2019;11;Murcia;Patatas congeladas;136.01;158.26;1.16;11.4;0.09;0.11;2019-11-01;Pre-covid;Pre-covid
2019;11;Murcia;Patatas procesadas;150.53;845.82;5.62;57.63;0.1;0.59;2019-11-01;Pre-covid;Pre-covid
2019;11;Murcia;Patatas fritas;136.24;826.46;6.07;56.12;0.09;0.57;2019-11-01;Pre-covid;Pre-covid
2019;11;Murcia;Hortalizas frescas;6610.76;12151.79;1.84;94.96;4.59;8.44;2019-11-01;Pre-covid;Pre-covid
2019;11;Murcia;Omates;1463.21;2296.07;1.57;86.92;1.02;1.59;2019-11-01;Pre-covid;Pre-covid
2019;11;Murcia;Cebollas;676.51;785.96;1.16;66.77;0.47;0.55;2019-11-01;Pre-covid;Pre-covid
2019;11;Murcia;Ajos;50.22;196.54;3.91;30.9;0.03;0.14;2019-11-01;Pre-covid;Pre-covid
2019;11;Murcia;Coles;121.94;146.16;1.2;20.8;0.08;0.1;2019-11-01;Pre-covid;Pre-covid
2019;11;Murcia;Pepinos;284.56;396.17;1.39;35.82;0.2;0.28;2019-11-01;Pre-covid;Pre-covid
2019;11;Murcia;Judias verdes;185.62;606.39;3.27;37.63;0.13;0.42;2019-11-01;Pre-covid;Pre-covid
2019;11;Murcia;Pimientos;773.05;1449.93;1.88;59.0;0.54;1.01;2019-11-01;Pre-covid;Pre-covid
2019;11;Murcia;Champiñoneso setas;178.18;889.01;4.99;50.85;0.12;0.62;2019-11-01;Pre-covid;Pre-covid
2019;11;Murcia;Lechuga/esc /endivia;478.02;1262.79;2.64;63.83;0.33;0.88;2019-11-01;Pre-covid;Pre-covid
2019;11;Murcia;Esparragos;53.62;151.02;2.82;9.98;0.04;0.1;2019-11-01;Pre-covid;Pre-covid
2019;11;Murcia;Verduras de hoja;168.15;371.6;2.21;30.63;0.12;0.26;2019-11-01;Pre-covid;Pre-covid
2019;11;Murcia;Berenjenas;388.49;546.63;1.41;39.01;0.27;0.38;2019-11-01;Pre-covid;Pre-covid
2019;11;Murcia;Zanahorias;301.66;273.67;0.91;55.55;0.21;0.19;2019-11-01;Pre-covid;Pre-covid
2019;11;Murcia;Calabacines;361.64;485.7;1.34;51.5;0.25;0.34;2019-11-01;Pre-covid;Pre-covid
2019;11;Murcia;Otr hortalizas/verd ;1125.89;2294.13;2.04;80.28;0.78;1.59;2019-11-01;Pre-covid;Pre-covid
2019;11;Murcia;Brocoli;203.74;363.98;1.79;23.55;0.14;0.25;2019-11-01;Pre-covid;Pre-covid
2019;11;Murcia;Alcachofas;110.87;243.6;2.2;14.81;0.08;0.17;2019-11-01;Pre-covid;Pre-covid
2019;11;Murcia;Apio;55.05;97.55;1.77;16.13;0.04;0.07;2019-11-01;Pre-covid;Pre-covid
2019;11;Murcia;Coliflor;70.61;123.77;1.75;10.46;0.05;0.09;2019-11-01;Pre-covid;Pre-covid
2019;11;Murcia;Verd /hort  iv gama;567.44;1481.23;2.61;58.74;0.39;1.03;2019-11-01;Pre-covid;Pre-covid
2019;11;Murcia;Puerro;80.19;227.7;2.84;23.41;0.06;0.16;2019-11-01;Pre-covid;Pre-covid
2019;11;Navarra;Patatas;1040.13;1033.97;0.99;64.33;1.74;1.73;2019-11-01;Pre-covid;Pre-covid
2019;11;Navarra;Patatas frescas;766.53;685.11;0.89;56.58;1.28;1.15;2019-11-01;Pre-covid;Pre-covid
2019;11;Navarra;Patatas congeladas;22.69;26.78;1.18;6.53;0.04;0.04;2019-11-01;Pre-covid;Pre-covid
2019;11;Navarra;Patatas procesadas;50.18;322.09;6.42;29.74;0.08;0.54;2019-11-01;Pre-covid;Pre-covid
2019;11;Navarra;Patatas fritas;46.01;315.8;6.86;28.62;0.08;0.53;2019-11-01;Pre-covid;Pre-covid
2019;11;Navarra;Hortalizas frescas;2545.89;4546.0;1.79;94.95;4.26;7.6;2019-11-01;Pre-covid;Pre-covid
2019;11;Navarra;Omates;359.39;615.55;1.71;56.67;0.6;1.03;2019-11-01;Pre-covid;Pre-covid
2019;11;Navarra;Cebollas;256.34;380.48;1.48;57.9;0.43;0.64;2019-11-01;Pre-covid;Pre-covid
2019;11;Navarra;Ajos;28.05;129.89;4.63;24.88;0.05;0.22;2019-11-01;Pre-covid;Pre-covid
2019;11;Navarra;Coles;266.15;295.0;1.11;24.21;0.45;0.49;2019-11-01;Pre-covid;Pre-covid
2019;11;Navarra;Pepinos;19.03;28.14;1.48;9.46;0.03;0.05;2019-11-01;Pre-covid;Pre-covid
2019;11;Navarra;Judias verdes;75.05;238.05;3.17;33.34;0.13;0.4;2019-11-01;Pre-covid;Pre-covid
2019;11;Navarra;Pimientos;195.35;316.17;1.62;47.77;0.33;0.53;2019-11-01;Pre-covid;Pre-covid
2019;11;Navarra;Champiñoneso setas;51.58;230.01;4.46;38.88;0.09;0.38;2019-11-01;Pre-covid;Pre-covid
2019;11;Navarra;Lechuga/esc /endivia;204.48;528.34;2.58;56.8;0.34;0.88;2019-11-01;Pre-covid;Pre-covid
2019;11;Navarra;Esparragos;14.21;21.18;1.49;5.05;0.02;0.04;2019-11-01;Pre-covid;Pre-covid
2019;11;Navarra;Verduras de hoja;59.44;113.97;1.92;25.9;0.1;0.19;2019-11-01;Pre-covid;Pre-covid
2019;11;Navarra;Berenjenas;98.33;162.77;1.66;17.37;0.16;0.27;2019-11-01;Pre-covid;Pre-covid
2019;11;Navarra;Zanahorias;116.12;98.21;0.85;47.39;0.19;0.16;2019-11-01;Pre-covid;Pre-covid
2019;11;Navarra;Calabacines;219.67;302.83;1.38;59.79;0.37;0.51;2019-11-01;Pre-covid;Pre-covid
2019;11;Navarra;Otr hortalizas/verd ;582.71;1085.4;1.86;66.13;0.97;1.82;2019-11-01;Pre-covid;Pre-covid
2019;11;Navarra;Brocoli;100.79;118.2;1.17;19.9;0.17;0.2;2019-11-01;Pre-covid;Pre-covid
2019;11;Navarra;Alcachofas;37.31;66.83;1.79;3.4;0.06;0.11;2019-11-01;Pre-covid;Pre-covid
2019;11;Navarra;Apio;46.45;56.97;1.23;9.37;0.08;0.1;2019-11-01;Pre-covid;Pre-covid
2019;11;Navarra;Coliflor;13.88;31.95;2.3;6.04;0.02;0.05;2019-11-01;Pre-covid;Pre-covid
2019;11;Navarra;Verd /hort  iv gama;363.26;815.55;2.25;62.77;0.61;1.36;2019-11-01;Pre-covid;Pre-covid
2019;11;Navarra;Puerro;34.93;121.11;3.47;26.0;0.06;0.2;2019-11-01;Pre-covid;Pre-covid
2019;11;Pais vasco;Patatas;4872.2;4762.68;0.98;79.13;2.3;2.25;2019-11-01;Pre-covid;Pre-covid
2019;11;Pais vasco;Patatas frescas;3807.24;3586.2;0.94;70.29;1.8;1.7;2019-11-01;Pre-covid;Pre-covid
2019;11;Pais vasco;Patatas congeladas;107.59;132.33;1.23;8.19;0.05;0.06;2019-11-01;Pre-covid;Pre-covid
2019;11;Pais vasco;Patatas procesadas;191.47;1044.15;5.45;38.83;0.09;0.49;2019-11-01;Pre-covid;Pre-covid
2019;11;Pais vasco;Patatas fritas;151.76;980.15;6.46;36.63;0.07;0.46;2019-11-01;Pre-covid;Pre-covid
2019;11;Pais vasco;Hortalizas frescas;11199.89;24689.25;2.2;96.72;5.3;11.68;2019-11-01;Pre-covid;Pre-covid
2019;11;Pais vasco;Omates;2194.72;4799.97;2.19;73.96;1.04;2.27;2019-11-01;Pre-covid;Pre-covid
2019;11;Pais vasco;Cebollas;1376.77;1768.84;1.28;71.33;0.65;0.84;2019-11-01;Pre-covid;Pre-covid
2019;11;Pais vasco;Ajos;116.4;528.88;4.54;34.78;0.06;0.25;2019-11-01;Pre-covid;Pre-covid
2019;11;Pais vasco;Coles;310.58;372.67;1.2;23.21;0.15;0.18;2019-11-01;Pre-covid;Pre-covid
2019;11;Pais vasco;Pepinos;135.34;222.32;1.64;15.91;0.06;0.11;2019-11-01;Pre-covid;Pre-covid
2019;11;Pais vasco;Judias verdes;676.34;2789.99;4.13;38.33;0.32;1.32;2019-11-01;Pre-covid;Pre-covid
2019;11;Pais vasco;Pimientos;902.76;1878.81;2.08;65.31;0.43;0.89;2019-11-01;Pre-covid;Pre-covid
2019;11;Pais vasco;Champiñoneso setas;383.12;2008.34;5.24;50.01;0.18;0.95;2019-11-01;Pre-covid;Pre-covid
2019;11;Pais vasco;Lechuga/esc /endivia;891.68;2370.01;2.66;61.83;0.42;1.12;2019-11-01;Pre-covid;Pre-covid
2019;11;Pais vasco;Esparragos;39.31;128.89;3.28;4.98;0.02;0.06;2019-11-01;Pre-covid;Pre-covid
2019;11;Pais vasco;Verduras de hoja;201.65;539.71;2.68;17.81;0.1;0.26;2019-11-01;Pre-covid;Pre-covid
2019;11;Pais vasco;Berenjenas;181.72;274.32;1.51;19.16;0.09;0.13;2019-11-01;Pre-covid;Pre-covid
2019;11;Pais vasco;Zanahorias;783.08;678.11;0.87;66.33;0.37;0.32;2019-11-01;Pre-covid;Pre-covid
2019;11;Pais vasco;Calabacines;838.47;1108.41;1.32;51.55;0.4;0.52;2019-11-01;Pre-covid;Pre-covid
2019;11;Pais vasco;Otr hortalizas/verd ;2167.94;5219.95;2.41;76.76;1.03;2.47;2019-11-01;Pre-covid;Pre-covid
2019;11;Pais vasco;Brocoli;309.89;561.39;1.81;25.58;0.15;0.27;2019-11-01;Pre-covid;Pre-covid
2019;11;Pais vasco;Alcachofas;125.61;219.02;1.74;3.88;0.06;0.1;2019-11-01;Pre-covid;Pre-covid
2019;11;Pais vasco;Apio;26.06;51.29;1.97;4.66;0.01;0.02;2019-11-01;Pre-covid;Pre-covid
2019;11;Pais vasco;Coliflor;139.23;326.23;2.34;12.1;0.07;0.15;2019-11-01;Pre-covid;Pre-covid
2019;11;Pais vasco;Verd /hort  iv gama;1023.05;3031.79;2.96;60.77;0.48;1.43;2019-11-01;Pre-covid;Pre-covid
2019;11;Pais vasco;Puerro;392.41;1280.17;3.26;51.96;0.19;0.61;2019-11-01;Pre-covid;Pre-covid
2019;11;Valencia;Patatas;11827.3;11148.15;0.94;83.5;2.44;2.3;2019-11-01;Pre-covid;Pre-covid
2019;11;Valencia;Patatas frescas;8301.57;7334.31;0.88;70.56;1.71;1.51;2019-11-01;Pre-covid;Pre-covid
2019;11;Valencia;Patatas congeladas;468.11;634.95;1.36;13.21;0.1;0.13;2019-11-01;Pre-covid;Pre-covid
2019;11;Valencia;Patatas procesadas;611.52;3178.9;5.2;51.13;0.13;0.65;2019-11-01;Pre-covid;Pre-covid
2019;11;Valencia;Patatas fritas;515.92;3042.58;5.9;50.31;0.11;0.63;2019-11-01;Pre-covid;Pre-covid
2019;11;Valencia;Hortalizas frescas;23968.52;47292.23;1.97;96.71;4.93;9.74;2019-11-01;Pre-covid;Pre-covid
2019;11;Valencia;Omates;4758.65;8209.64;1.73;81.06;0.98;1.69;2019-11-01;Pre-covid;Pre-covid
2019;11;Valencia;Cebollas;2963.18;3497.45;1.18;67.48;0.61;0.72;2019-11-01;Pre-covid;Pre-covid
2019;11;Valencia;Ajos;227.79;933.22;4.1;28.25;0.05;0.19;2019-11-01;Pre-covid;Pre-covid
2019;11;Valencia;Coles;530.48;708.81;1.34;21.24;0.11;0.15;2019-11-01;Pre-covid;Pre-covid
2019;11;Valencia;Pepinos;874.79;1190.6;1.36;37.55;0.18;0.25;2019-11-01;Pre-covid;Pre-covid
2019;11;Valencia;Judias verdes;668.25;2329.37;3.49;36.82;0.14;0.48;2019-11-01;Pre-covid;Pre-covid
2019;11;Valencia;Pimientos;2089.73;3664.68;1.75;63.96;0.43;0.75;2019-11-01;Pre-covid;Pre-covid
2019;11;Valencia;Champiñoneso setas;901.97;4109.37;4.56;56.32;0.19;0.85;2019-11-01;Pre-covid;Pre-covid
2019;11;Valencia;Lechuga/esc /endivia;1494.17;4411.95;2.95;63.22;0.31;0.91;2019-11-01;Pre-covid;Pre-covid
2019;11;Valencia;Esparragos;166.28;689.46;4.15;10.53;0.03;0.14;2019-11-01;Pre-covid;Pre-covid
2019;11;Valencia;Verduras de hoja;606.02;1576.78;2.6;33.92;0.12;0.32;2019-11-01;Pre-covid;Pre-covid
2019;11;Valencia;Berenjenas;966.14;1538.34;1.59;42.11;0.2;0.32;2019-11-01;Pre-covid;Pre-covid
2019;11;Valencia;Zanahorias;1439.75;1251.68;0.87;53.07;0.3;0.26;2019-11-01;Pre-covid;Pre-covid
2019;11;Valencia;Calabacines;1315.96;1880.4;1.43;49.21;0.27;0.39;2019-11-01;Pre-covid;Pre-covid
2019;11;Valencia;Otr hortalizas/verd ;4965.36;11300.47;2.28;84.98;1.02;2.33;2019-11-01;Pre-covid;Pre-covid
2019;11;Valencia;Brocoli;535.19;1055.07;1.97;23.17;0.11;0.22;2019-11-01;Pre-covid;Pre-covid
2019;11;Valencia;Alcachofas;571.86;1198.73;2.1;24.06;0.12;0.25;2019-11-01;Pre-covid;Pre-covid
2019;11;Valencia;Apio;227.62;314.46;1.38;12.92;0.05;0.06;2019-11-01;Pre-covid;Pre-covid
2019;11;Valencia;Coliflor;353.55;625.92;1.77;12.4;0.07;0.13;2019-11-01;Pre-covid;Pre-covid
2019;11;Valencia;Verd /hort  iv gama;2912.3;8051.24;2.76;71.48;0.6;1.66;2019-11-01;Pre-covid;Pre-covid
2019;11;Valencia;Puerro;505.15;1350.05;2.67;31.61;0.1;0.28;2019-11-01;Pre-covid;Pre-covid
2019;11;Nacional;Frutas frescas;317857.24;537796.36;1.69;95.41;6.89;11.66;2019-11-01;Pre-covid;Pre-covid
2019;11;Nacional;Naranjas;55974.28;59724.48;1.07;50.94;1.21;1.29;2019-11-01;Pre-covid;Pre-covid
2019;11;Nacional;Mandarinas;42504.2;61704.1;1.45;61.31;0.92;1.34;2019-11-01;Pre-covid;Pre-covid
2019;11;Nacional;Limones;9735.99;15564.75;1.6;37.98;0.21;0.34;2019-11-01;Pre-covid;Pre-covid
2019;11;Nacional;Platanos;49722.32;86866.42;1.75;78.27;1.08;1.88;2019-11-01;Pre-covid;Pre-covid
2019;11;Nacional;Manzanas;40481.79;59168.0;1.46;65.84;0.88;1.28;2019-11-01;Pre-covid;Pre-covid
2019;11;Nacional;Peras;23183.4;35858.2;1.55;51.96;0.5;0.78;2019-11-01;Pre-covid;Pre-covid
2019;11;Nacional;Melocotones;3121.27;6793.99;2.18;10.27;0.07;0.15;2019-11-01;Pre-covid;Pre-covid
2019;11;Nacional;Nectarinas;1120.08;1573.22;1.4;3.8;0.02;0.03;2019-11-01;Pre-covid;Pre-covid
2019;11;Nacional;Albaricoques;148.11;254.5;1.72;0.89;0.0;0.01;2019-11-01;Pre-covid;Pre-covid
2019;11;Nacional;Fresas/freson;902.33;3228.75;3.58;4.5;0.02;0.07;2019-11-01;Pre-covid;Pre-covid
2019;11;Nacional;Melon;9769.57;14062.98;1.44;13.58;0.21;0.3;2019-11-01;Pre-covid;Pre-covid
2019;11;Nacional;Sandia;969.83;1187.86;1.22;1.98;0.02;0.03;2019-11-01;Pre-covid;Pre-covid
2019;11;Nacional;Ciruelas;3269.72;5502.51;1.68;14.67;0.07;0.12;2019-11-01;Pre-covid;Pre-covid
2019;11;Nacional;Cerezas;124.52;540.78;4.34;0.91;0.0;0.01;2019-11-01;Pre-covid;Pre-covid
2019;11;Nacional;Uvas;13755.4;33757.44;2.45;36.33;0.3;0.73;2019-11-01;Pre-covid;Pre-covid
2019;11;Nacional;Kiwi;12250.8;39802.7;3.25;36.98;0.27;0.86;2019-11-01;Pre-covid;Pre-covid
2019;11;Nacional;Aguacate;5623.12;20789.66;3.7;29.34;0.12;0.45;2019-11-01;Pre-covid;Pre-covid
2019;11;Nacional;Piña;6361.5;10320.6;1.62;16.79;0.14;0.22;2019-11-01;Pre-covid;Pre-covid
2019;11;Nacional;Otras frutas frescas;38838.98;81095.44;2.09;60.28;0.84;1.76;2019-11-01;Pre-covid;Pre-covid
2019;11;Nacional;Pomelo;1002.21;1930.22;1.93;3.04;0.02;0.04;2019-11-01;Pre-covid;Pre-covid
2019;11;Nacional;Chirimoya;14.03;40.67;2.9;0.08;0.0;0.0;2019-11-01;Pre-covid;Pre-covid
2019;11;Nacional;Mango;4276.4;10692.52;2.5;14.95;0.09;0.23;2019-11-01;Pre-covid;Pre-covid
2019;11;Nacional;Frutas iv gama;15202.29;29119.0;1.92;25.91;0.33;0.63;2019-11-01;Pre-covid;Pre-covid
2019;11;Andalucia;Frutas frescas;50154.35;83526.05;1.67;94.23;5.78;9.62;2019-11-01;Pre-covid;Pre-covid
2019;11;Andalucia;Naranjas;8288.53;8526.33;1.03;47.83;0.95;0.98;2019-11-01;Pre-covid;Pre-covid
2019;11;Andalucia;Mandarinas;6530.09;9373.29;1.44;60.82;0.75;1.08;2019-11-01;Pre-covid;Pre-covid
2019;11;Andalucia;Limones;1399.78;2222.93;1.59;34.48;0.16;0.26;2019-11-01;Pre-covid;Pre-covid
2019;11;Andalucia;Platanos;8432.22;13799.53;1.64;78.39;0.97;1.59;2019-11-01;Pre-covid;Pre-covid
2019;11;Andalucia;Manzanas;5687.98;8353.97;1.47;62.33;0.66;0.96;2019-11-01;Pre-covid;Pre-covid
2019;11;Andalucia;Peras;3359.71;5337.75;1.59;52.47;0.39;0.61;2019-11-01;Pre-covid;Pre-covid
2019;11;Andalucia;Melocotones;482.02;944.52;1.96;10.68;0.06;0.11;2019-11-01;Pre-covid;Pre-covid
2019;11;Andalucia;Nectarinas;177.7;261.97;1.47;3.27;0.02;0.03;2019-11-01;Pre-covid;Pre-covid
2019;11;Andalucia;Albaricoques;29.48;48.75;1.65;0.91;0.0;0.01;2019-11-01;Pre-covid;Pre-covid
2019;11;Andalucia;Fresas/freson;115.13;432.88;3.76;4.56;0.01;0.05;2019-11-01;Pre-covid;Pre-covid
2019;11;Andalucia;Melon;2036.49;2210.32;1.09;12.11;0.23;0.25;2019-11-01;Pre-covid;Pre-covid
2019;11;Andalucia;Sandia;56.23;84.35;1.5;1.17;0.01;0.01;2019-11-01;Pre-covid;Pre-covid
2019;11;Andalucia;Ciruelas;492.98;785.38;1.59;13.81;0.06;0.09;2019-11-01;Pre-covid;Pre-covid
2019;11;Andalucia;Cerezas;9.99;69.8;6.98;0.61;0.0;0.01;2019-11-01;Pre-covid;Pre-covid
2019;11;Andalucia;Uvas;2434.47;5765.3;2.37;34.92;0.28;0.66;2019-11-01;Pre-covid;Pre-covid
2019;11;Andalucia;Kiwi;1566.77;5040.89;3.22;34.55;0.18;0.58;2019-11-01;Pre-covid;Pre-covid
2019;11;Andalucia;Aguacate;999.04;3318.94;3.32;29.64;0.12;0.38;2019-11-01;Pre-covid;Pre-covid
2019;11;Andalucia;Piña;893.31;1428.82;1.6;15.96;0.1;0.16;2019-11-01;Pre-covid;Pre-covid
2019;11;Andalucia;Otras frutas frescas;7162.42;15520.33;2.17;61.34;0.82;1.79;2019-11-01;Pre-covid;Pre-covid
2019;11;Andalucia;Pomelo;149.34;266.26;1.78;2.34;0.02;0.03;2019-11-01;Pre-covid;Pre-covid
2019;11;Andalucia;Chirimoya;2.37;8.99;3.79;0.08;0.0;0.0;2019-11-01;Pre-covid;Pre-covid
2019;11;Andalucia;Mango;917.38;2203.97;2.4;20.09;0.11;0.25;2019-11-01;Pre-covid;Pre-covid
2019;11;Andalucia;Frutas iv gama;2608.37;4607.12;1.77;32.44;0.3;0.53;2019-11-01;Pre-covid;Pre-covid
2019;11;Aragon;Frutas frescas;10526.6;16880.3;1.6;96.84;8.04;12.89;2019-11-01;Pre-covid;Pre-covid
2019;11;Aragon;Naranjas;1988.52;2018.09;1.01;61.97;1.52;1.54;2019-11-01;Pre-covid;Pre-covid
2019;11;Aragon;Mandarinas;1814.21;2403.58;1.32;72.43;1.39;1.84;2019-11-01;Pre-covid;Pre-covid
2019;11;Aragon;Limones;323.37;512.71;1.59;44.77;0.25;0.39;2019-11-01;Pre-covid;Pre-covid
2019;11;Aragon;Platanos;1477.59;2488.79;1.68;83.07;1.13;1.9;2019-11-01;Pre-covid;Pre-covid
2019;11;Aragon;Manzanas;1154.68;1732.95;1.5;60.92;0.88;1.32;2019-11-01;Pre-covid;Pre-covid
2019;11;Aragon;Peras;678.67;946.74;1.39;57.25;0.52;0.72;2019-11-01;Pre-covid;Pre-covid
2019;11;Aragon;Melocotones;164.84;344.86;2.09;19.04;0.13;0.26;2019-11-01;Pre-covid;Pre-covid
2019;11;Aragon;Nectarinas;43.37;55.27;1.27;5.08;0.03;0.04;2019-11-01;Pre-covid;Pre-covid
2019;11;Aragon;Albaricoques;6.59;8.26;1.25;1.37;0.01;0.01;2019-11-01;Pre-covid;Pre-covid
2019;11;Aragon;Fresas/freson;5.95;111.09;18.66;3.55;0.0;0.08;2019-11-01;Pre-covid;Pre-covid
2019;11;Aragon;Melon;273.65;382.61;1.4;12.75;0.21;0.29;2019-11-01;Pre-covid;Pre-covid
2019;11;Aragon;Sandia;50.06;60.74;1.21;4.52;0.04;0.05;2019-11-01;Pre-covid;Pre-covid
2019;11;Aragon;Ciruelas;85.96;160.12;1.86;16.51;0.07;0.12;2019-11-01;Pre-covid;Pre-covid
2019;11;Aragon;Cerezas;4.57;109.41;23.96;0.98;0.0;0.08;2019-11-01;Pre-covid;Pre-covid
2019;11;Aragon;Uvas;263.24;665.3;2.53;32.87;0.2;0.51;2019-11-01;Pre-covid;Pre-covid
2019;11;Aragon;Kiwi;229.43;734.24;3.2;42.36;0.18;0.56;2019-11-01;Pre-covid;Pre-covid
2019;11;Aragon;Aguacate;188.83;594.61;3.15;26.92;0.14;0.45;2019-11-01;Pre-covid;Pre-covid
2019;11;Aragon;Piña;232.37;380.32;1.64;23.03;0.18;0.29;2019-11-01;Pre-covid;Pre-covid
2019;11;Aragon;Otras frutas frescas;1540.7;3170.62;2.06;58.56;1.18;2.42;2019-11-01;Pre-covid;Pre-covid
2019;11;Aragon;Pomelo;9.48;18.14;1.91;3.84;0.01;0.01;2019-11-01;Pre-covid;Pre-covid
2019;11;Aragon;Chirimoya;0.0;0.0;0.0;0.0;0.0;0.0;2019-11-01;Pre-covid;Pre-covid
2019;11;Aragon;Mango;129.55;310.75;2.4;21.55;0.1;0.24;2019-11-01;Pre-covid;Pre-covid
2019;11;Aragon;Frutas iv gama;303.12;558.67;1.84;20.21;0.23;0.43;2019-11-01;Pre-covid;Pre-covid
2019;11;Asturias;Frutas frescas;8062.9;13598.81;1.69;97.15;7.5;12.65;2019-11-01;Pre-covid;Pre-covid
2019;11;Asturias;Naranjas;1807.9;1863.2;1.03;65.42;1.68;1.73;2019-11-01;Pre-covid;Pre-covid
2019;11;Asturias;Mandarinas;1002.63;1516.56;1.51;61.27;0.93;1.41;2019-11-01;Pre-covid;Pre-covid
2019;11;Asturias;Limones;196.54;356.15;1.81;32.5;0.18;0.33;2019-11-01;Pre-covid;Pre-covid
2019;11;Asturias;Platanos;1431.7;2559.85;1.79;78.38;1.33;2.38;2019-11-01;Pre-covid;Pre-covid
2019;11;Asturias;Manzanas;1036.09;1409.12;1.36;63.09;0.96;1.31;2019-11-01;Pre-covid;Pre-covid
2019;11;Asturias;Peras;534.04;819.55;1.53;54.75;0.5;0.76;2019-11-01;Pre-covid;Pre-covid
2019;11;Asturias;Melocotones;24.12;64.18;2.66;2.96;0.02;0.06;2019-11-01;Pre-covid;Pre-covid
2019;11;Asturias;Nectarinas;9.89;9.79;0.99;1.92;0.01;0.01;2019-11-01;Pre-covid;Pre-covid
2019;11;Asturias;Albaricoques;1.17;4.1;3.49;0.69;0.0;0.0;2019-11-01;Pre-covid;Pre-covid
2019;11;Asturias;Fresas/freson;31.8;137.03;4.31;6.13;0.03;0.13;2019-11-01;Pre-covid;Pre-covid
2019;11;Asturias;Melon;108.04;165.39;1.53;5.36;0.1;0.15;2019-11-01;Pre-covid;Pre-covid
2019;11;Asturias;Sandia;16.36;29.92;1.83;1.74;0.02;0.03;2019-11-01;Pre-covid;Pre-covid
2019;11;Asturias;Ciruelas;73.85;172.92;2.34;12.08;0.07;0.16;2019-11-01;Pre-covid;Pre-covid
2019;11;Asturias;Cerezas;4.65;12.56;2.7;0.65;0.0;0.01;2019-11-01;Pre-covid;Pre-covid
2019;11;Asturias;Uvas;343.96;854.97;2.49;44.66;0.32;0.8;2019-11-01;Pre-covid;Pre-covid
2019;11;Asturias;Kiwi;425.04;1400.09;3.29;33.6;0.4;1.3;2019-11-01;Pre-covid;Pre-covid
2019;11;Asturias;Aguacate;150.8;597.76;3.96;17.33;0.14;0.56;2019-11-01;Pre-covid;Pre-covid
2019;11;Asturias;Piña;213.78;276.34;1.29;19.98;0.2;0.26;2019-11-01;Pre-covid;Pre-covid
2019;11;Asturias;Otras frutas frescas;650.54;1349.34;2.07;45.34;0.61;1.26;2019-11-01;Pre-covid;Pre-covid
2019;11;Asturias;Pomelo;20.28;37.26;1.84;4.04;0.02;0.03;2019-11-01;Pre-covid;Pre-covid
2019;11;Asturias;Chirimoya;0.0;0.0;0.0;0.0;0.0;0.0;2019-11-01;Pre-covid;Pre-covid
2019;11;Asturias;Mango;64.56;206.54;3.2;8.41;0.06;0.19;2019-11-01;Pre-covid;Pre-covid
2019;11;Asturias;Frutas iv gama;238.77;422.25;1.77;22.43;0.22;0.39;2019-11-01;Pre-covid;Pre-covid
2019;11;Baleares;Frutas frescas;8475.64;15342.54;1.81;96.88;8.03;14.54;2019-11-01;Pre-covid;Pre-covid
2019;11;Baleares;Naranjas;1002.26;1124.71;1.12;48.81;0.95;1.07;2019-11-01;Pre-covid;Pre-covid
2019;11;Baleares;Mandarinas;943.22;1425.12;1.51;61.73;0.89;1.35;2019-11-01;Pre-covid;Pre-covid
2019;11;Baleares;Limones;401.5;587.21;1.46;37.32;0.38;0.56;2019-11-01;Pre-covid;Pre-covid
2019;11;Baleares;Platanos;1501.67;2785.05;1.85;84.99;1.42;2.64;2019-11-01;Pre-covid;Pre-covid
2019;11;Baleares;Manzanas;1334.09;1938.75;1.45;72.16;1.26;1.84;2019-11-01;Pre-covid;Pre-covid
2019;11;Baleares;Peras;562.01;829.46;1.48;57.68;0.53;0.79;2019-11-01;Pre-covid;Pre-covid
2019;11;Baleares;Melocotones;73.87;191.71;2.6;7.82;0.07;0.18;2019-11-01;Pre-covid;Pre-covid
2019;11;Baleares;Nectarinas;22.43;52.46;2.34;4.06;0.02;0.05;2019-11-01;Pre-covid;Pre-covid
2019;11;Baleares;Albaricoques;14.44;25.58;1.77;3.54;0.01;0.02;2019-11-01;Pre-covid;Pre-covid
2019;11;Baleares;Fresas/freson;11.54;72.7;6.3;2.66;0.01;0.07;2019-11-01;Pre-covid;Pre-covid
2019;11;Baleares;Melon;306.96;436.66;1.42;20.48;0.29;0.41;2019-11-01;Pre-covid;Pre-covid
2019;11;Baleares;Sandia;0.0;0.0;0.0;0.0;0.0;0.0;2019-11-01;Pre-covid;Pre-covid
2019;11;Baleares;Ciruelas;82.22;153.0;1.86;20.6;0.08;0.14;2019-11-01;Pre-covid;Pre-covid
2019;11;Baleares;Cerezas;0.0;0.0;0.0;0.0;0.0;0.0;2019-11-01;Pre-covid;Pre-covid
2019;11;Baleares;Uvas;382.86;1203.31;3.14;43.51;0.36;1.14;2019-11-01;Pre-covid;Pre-covid
2019;11;Baleares;Kiwi;316.36;1177.74;3.72;42.29;0.3;1.12;2019-11-01;Pre-covid;Pre-covid
2019;11;Baleares;Aguacate;168.2;727.95;4.33;29.96;0.16;0.69;2019-11-01;Pre-covid;Pre-covid
2019;11;Baleares;Piña;168.06;254.38;1.51;15.5;0.16;0.24;2019-11-01;Pre-covid;Pre-covid
2019;11;Baleares;Otras frutas frescas;1183.95;2356.74;1.99;71.32;1.12;2.23;2019-11-01;Pre-covid;Pre-covid
2019;11;Baleares;Pomelo;26.5;43.77;1.65;6.2;0.03;0.04;2019-11-01;Pre-covid;Pre-covid
2019;11;Baleares;Chirimoya;0.0;0.0;0.0;0.0;0.0;0.0;2019-11-01;Pre-covid;Pre-covid
2019;11;Baleares;Mango;256.67;612.69;2.39;19.64;0.24;0.58;2019-11-01;Pre-covid;Pre-covid
2019;11;Baleares;Frutas iv gama;568.71;1050.63;1.85;27.47;0.54;1.0;2019-11-01;Pre-covid;Pre-covid
2019;11;Canarias;Frutas frescas;13351.64;23651.17;1.77;96.74;6.04;10.71;2019-11-01;Pre-covid;Pre-covid
2019;11;Canarias;Naranjas;1889.76;2125.64;1.12;36.58;0.86;0.96;2019-11-01;Pre-covid;Pre-covid
2019;11;Canarias;Mandarinas;1155.57;1607.85;1.39;48.56;0.52;0.73;2019-11-01;Pre-covid;Pre-covid
2019;11;Canarias;Limones;456.33;760.81;1.67;40.76;0.21;0.34;2019-11-01;Pre-covid;Pre-covid
2019;11;Canarias;Platanos;2519.54;3810.87;1.51;72.95;1.14;1.73;2019-11-01;Pre-covid;Pre-covid
2019;11;Canarias;Manzanas;1649.6;2463.26;1.49;64.83;0.75;1.12;2019-11-01;Pre-covid;Pre-covid
2019;11;Canarias;Peras;1293.16;2177.19;1.68;57.98;0.59;0.99;2019-11-01;Pre-covid;Pre-covid
2019;11;Canarias;Melocotones;15.76;47.49;3.01;1.68;0.01;0.02;2019-11-01;Pre-covid;Pre-covid
2019;11;Canarias;Nectarinas;21.65;31.61;1.46;1.64;0.01;0.01;2019-11-01;Pre-covid;Pre-covid
2019;11;Canarias;Albaricoques;0.0;0.0;0.0;0.0;0.0;0.0;2019-11-01;Pre-covid;Pre-covid
2019;11;Canarias;Fresas/freson;2.3;16.4;7.12;1.16;0.0;0.01;2019-11-01;Pre-covid;Pre-covid
2019;11;Canarias;Melon;122.87;156.13;1.27;6.86;0.06;0.07;2019-11-01;Pre-covid;Pre-covid
2019;11;Canarias;Sandia;251.97;362.37;1.44;13.27;0.11;0.16;2019-11-01;Pre-covid;Pre-covid
2019;11;Canarias;Ciruelas;94.96;151.68;1.6;7.59;0.04;0.07;2019-11-01;Pre-covid;Pre-covid
2019;11;Canarias;Cerezas;1.51;2.31;1.52;0.2;0.0;0.0;2019-11-01;Pre-covid;Pre-covid
2019;11;Canarias;Uvas;337.34;1007.26;2.99;29.94;0.15;0.46;2019-11-01;Pre-covid;Pre-covid
2019;11;Canarias;Kiwi;549.09;1582.92;2.88;32.43;0.25;0.72;2019-11-01;Pre-covid;Pre-covid
2019;11;Canarias;Aguacate;743.45;2817.79;3.79;44.15;0.34;1.28;2019-11-01;Pre-covid;Pre-covid
2019;11;Canarias;Piña;46.31;160.43;3.46;3.08;0.02;0.07;2019-11-01;Pre-covid;Pre-covid
2019;11;Canarias;Otras frutas frescas;2200.45;4369.17;1.99;66.43;1.0;1.98;2019-11-01;Pre-covid;Pre-covid
2019;11;Canarias;Pomelo;66.47;136.78;2.06;3.3;0.03;0.06;2019-11-01;Pre-covid;Pre-covid
2019;11;Canarias;Chirimoya;0.0;0.0;0.0;0.0;0.0;0.0;2019-11-01;Pre-covid;Pre-covid
2019;11;Canarias;Mango;485.79;1216.42;2.5;24.89;0.22;0.55;2019-11-01;Pre-covid;Pre-covid
2019;11;Canarias;Frutas iv gama;808.3;1305.74;1.62;28.26;0.37;0.59;2019-11-01;Pre-covid;Pre-covid
2019;11;Cantabria;Frutas frescas;3650.42;5876.89;1.61;92.87;6.48;10.43;2019-11-01;Pre-covid;Pre-covid
2019;11;Cantabria;Naranjas;798.49;909.15;1.14;57.84;1.42;1.61;2019-11-01;Pre-covid;Pre-covid
2019;11;Cantabria;Mandarinas;430.62;646.79;1.5;61.56;0.76;1.15;2019-11-01;Pre-covid;Pre-covid
2019;11;Cantabria;Limones;302.4;441.48;1.46;39.37;0.54;0.78;2019-11-01;Pre-covid;Pre-covid
2019;11;Cantabria;Platanos;415.42;698.77;1.68;62.93;0.74;1.24;2019-11-01;Pre-covid;Pre-covid
2019;11;Cantabria;Manzanas;563.07;849.04;1.51;60.71;1.0;1.51;2019-11-01;Pre-covid;Pre-covid
2019;11;Cantabria;Peras;220.25;291.86;1.33;52.12;0.39;0.52;2019-11-01;Pre-covid;Pre-covid
2019;11;Cantabria;Melocotones;4.66;13.88;2.98;1.03;0.01;0.02;2019-11-01;Pre-covid;Pre-covid
2019;11;Cantabria;Nectarinas;0.0;0.0;0.0;0.0;0.0;0.0;2019-11-01;Pre-covid;Pre-covid
2019;11;Cantabria;Albaricoques;0.0;0.0;0.0;0.0;0.0;0.0;2019-11-01;Pre-covid;Pre-covid
2019;11;Cantabria;Fresas/freson;6.43;47.08;7.32;4.13;0.01;0.08;2019-11-01;Pre-covid;Pre-covid
2019;11;Cantabria;Melon;10.29;14.65;1.42;3.54;0.02;0.03;2019-11-01;Pre-covid;Pre-covid
2019;11;Cantabria;Sandia;0.0;0.0;0.0;0.0;0.0;0.0;2019-11-01;Pre-covid;Pre-covid
2019;11;Cantabria;Ciruelas;16.34;28.08;1.72;16.64;0.03;0.05;2019-11-01;Pre-covid;Pre-covid
2019;11;Cantabria;Cerezas;0.0;0.0;0.0;0.0;0.0;0.0;2019-11-01;Pre-covid;Pre-covid
2019;11;Cantabria;Uvas;95.31;210.03;2.2;36.26;0.17;0.37;2019-11-01;Pre-covid;Pre-covid
2019;11;Cantabria;Kiwi;349.37;855.8;2.45;31.69;0.62;1.52;2019-11-01;Pre-covid;Pre-covid
2019;11;Cantabria;Aguacate;41.76;182.21;4.36;14.45;0.07;0.32;2019-11-01;Pre-covid;Pre-covid
2019;11;Cantabria;Piña;63.31;100.04;1.58;14.47;0.11;0.18;2019-11-01;Pre-covid;Pre-covid
2019;11;Cantabria;Otras frutas frescas;332.69;588.01;1.77;41.25;0.59;1.04;2019-11-01;Pre-covid;Pre-covid
2019;11;Cantabria;Pomelo;4.54;10.84;2.39;2.36;0.01;0.02;2019-11-01;Pre-covid;Pre-covid
2019;11;Cantabria;Chirimoya;0.0;0.0;0.0;0.0;0.0;0.0;2019-11-01;Pre-covid;Pre-covid
2019;11;Cantabria;Mango;43.01;99.53;2.31;12.74;0.08;0.18;2019-11-01;Pre-covid;Pre-covid
2019;11;Cantabria;Frutas iv gama;108.65;187.68;1.73;12.75;0.19;0.33;2019-11-01;Pre-covid;Pre-covid
2019;11;Castilla la mancha;Frutas frescas;13990.06;21110.25;1.51;96.05;6.68;10.07;2019-11-01;Pre-covid;Pre-covid
2019;11;Castilla la mancha;Naranjas;2651.02;2680.24;1.01;56.9;1.26;1.28;2019-11-01;Pre-covid;Pre-covid
2019;11;Castilla la mancha;Mandarinas;2501.98;3369.69;1.35;68.3;1.19;1.61;2019-11-01;Pre-covid;Pre-covid
2019;11;Castilla la mancha;Limones;399.68;719.19;1.8;40.85;0.19;0.34;2019-11-01;Pre-covid;Pre-covid
2019;11;Castilla la mancha;Platanos;1965.38;3327.58;1.69;75.15;0.94;1.59;2019-11-01;Pre-covid;Pre-covid
2019;11;Castilla la mancha;Manzanas;1640.69;2244.17;1.37;68.64;0.78;1.07;2019-11-01;Pre-covid;Pre-covid
2019;11;Castilla la mancha;Peras;1017.82;1479.26;1.45;58.93;0.49;0.71;2019-11-01;Pre-covid;Pre-covid
2019;11;Castilla la mancha;Melocotones;126.92;247.83;1.95;10.9;0.06;0.12;2019-11-01;Pre-covid;Pre-covid
2019;11;Castilla la mancha;Nectarinas;116.98;146.31;1.25;9.09;0.06;0.07;2019-11-01;Pre-covid;Pre-covid
2019;11;Castilla la mancha;Albaricoques;14.26;48.47;3.4;1.26;0.01;0.02;2019-11-01;Pre-covid;Pre-covid
2019;11;Castilla la mancha;Fresas/freson;116.58;235.96;2.02;4.23;0.06;0.11;2019-11-01;Pre-covid;Pre-covid
2019;11;Castilla la mancha;Melon;399.94;512.66;1.28;15.11;0.19;0.24;2019-11-01;Pre-covid;Pre-covid
2019;11;Castilla la mancha;Sandia;23.45;43.37;1.85;0.22;0.01;0.02;2019-11-01;Pre-covid;Pre-covid
2019;11;Castilla la mancha;Ciruelas;105.25;160.07;1.52;11.72;0.05;0.08;2019-11-01;Pre-covid;Pre-covid
2019;11;Castilla la mancha;Cerezas;0.0;0.0;0.0;0.0;0.0;0.0;2019-11-01;Pre-covid;Pre-covid
2019;11;Castilla la mancha;Uvas;423.05;970.39;2.29;28.92;0.2;0.46;2019-11-01;Pre-covid;Pre-covid
2019;11;Castilla la mancha;Kiwi;513.21;1471.09;2.87;31.15;0.24;0.7;2019-11-01;Pre-covid;Pre-covid
2019;11;Castilla la mancha;Aguacate;187.95;689.97;3.67;26.79;0.09;0.33;2019-11-01;Pre-covid;Pre-covid
2019;11;Castilla la mancha;Piña;234.66;375.52;1.6;14.32;0.11;0.18;2019-11-01;Pre-covid;Pre-covid
2019;11;Castilla la mancha;Otras frutas frescas;1551.25;2388.45;1.54;56.35;0.74;1.14;2019-11-01;Pre-covid;Pre-covid
2019;11;Castilla la mancha;Pomelo;38.59;70.59;1.83;2.84;0.02;0.03;2019-11-01;Pre-covid;Pre-covid
2019;11;Castilla la mancha;Chirimoya;0.0;0.0;0.0;0.0;0.0;0.0;2019-11-01;Pre-covid;Pre-covid
2019;11;Castilla la mancha;Mango;65.29;154.24;2.36;10.85;0.03;0.07;2019-11-01;Pre-covid;Pre-covid
2019;11;Castilla la mancha;Frutas iv gama;600.85;935.91;1.56;28.68;0.29;0.45;2019-11-01;Pre-covid;Pre-covid
2019;11;Castilla leon;Frutas frescas;17236.64;26652.24;1.55;94.0;7.17;11.09;2019-11-01;Pre-covid;Pre-covid
2019;11;Castilla leon;Naranjas;3878.61;3956.39;1.02;59.92;1.61;1.65;2019-11-01;Pre-covid;Pre-covid
2019;11;Castilla leon;Mandarinas;2062.06;3046.94;1.48;60.31;0.86;1.27;2019-11-01;Pre-covid;Pre-covid
2019;11;Castilla leon;Limones;553.46;913.8;1.65;42.09;0.23;0.38;2019-11-01;Pre-covid;Pre-covid
2019;11;Castilla leon;Platanos;2330.9;4018.93;1.72;75.48;0.97;1.67;2019-11-01;Pre-covid;Pre-covid
2019;11;Castilla leon;Manzanas;2205.61;2946.72;1.34;65.0;0.92;1.23;2019-11-01;Pre-covid;Pre-covid
2019;11;Castilla leon;Peras;1397.61;1863.1;1.33;51.55;0.58;0.78;2019-11-01;Pre-covid;Pre-covid
2019;11;Castilla leon;Melocotones;118.41;298.4;2.52;9.67;0.05;0.12;2019-11-01;Pre-covid;Pre-covid
2019;11;Castilla leon;Nectarinas;110.78;166.3;1.5;6.35;0.05;0.07;2019-11-01;Pre-covid;Pre-covid
2019;11;Castilla leon;Albaricoques;22.06;39.33;1.78;2.12;0.01;0.02;2019-11-01;Pre-covid;Pre-covid
2019;11;Castilla leon;Fresas/freson;40.39;152.44;3.77;3.67;0.02;0.06;2019-11-01;Pre-covid;Pre-covid
2019;11;Castilla leon;Melon;717.59;652.67;0.91;13.67;0.3;0.27;2019-11-01;Pre-covid;Pre-covid
2019;11;Castilla leon;Sandia;7.38;11.13;1.51;0.49;0.0;0.0;2019-11-01;Pre-covid;Pre-covid
2019;11;Castilla leon;Ciruelas;110.65;193.16;1.75;11.48;0.05;0.08;2019-11-01;Pre-covid;Pre-covid
2019;11;Castilla leon;Cerezas;5.36;4.02;0.75;0.17;0.0;0.0;2019-11-01;Pre-covid;Pre-covid
2019;11;Castilla leon;Uvas;485.65;1142.61;2.35;30.53;0.2;0.48;2019-11-01;Pre-covid;Pre-covid
2019;11;Castilla leon;Kiwi;686.89;2121.66;3.09;37.06;0.29;0.88;2019-11-01;Pre-covid;Pre-covid
2019;11;Castilla leon;Aguacate;198.35;826.04;4.16;26.65;0.08;0.34;2019-11-01;Pre-covid;Pre-covid
2019;11;Castilla leon;Piña;424.75;673.36;1.59;20.99;0.18;0.28;2019-11-01;Pre-covid;Pre-covid
2019;11;Castilla leon;Otras frutas frescas;1880.11;3625.26;1.93;54.56;0.78;1.51;2019-11-01;Pre-covid;Pre-covid
2019;11;Castilla leon;Pomelo;67.26;126.68;1.88;3.6;0.03;0.05;2019-11-01;Pre-covid;Pre-covid
2019;11;Castilla leon;Chirimoya;0.0;0.0;0.0;0.0;0.0;0.0;2019-11-01;Pre-covid;Pre-covid
2019;11;Castilla leon;Mango;183.75;455.07;2.48;10.52;0.08;0.19;2019-11-01;Pre-covid;Pre-covid
2019;11;Castilla leon;Frutas iv gama;589.31;1039.27;1.76;24.54;0.25;0.43;2019-11-01;Pre-covid;Pre-covid
2019;11;Cataluña;Frutas frescas;51837.05;91213.5;1.76;96.25;7.24;12.74;2019-11-01;Pre-covid;Pre-covid
2019;11;Cataluña;Naranjas;9669.26;10975.75;1.14;52.8;1.35;1.53;2019-11-01;Pre-covid;Pre-covid
2019;11;Cataluña;Mandarinas;7528.17;11378.47;1.51;68.18;1.05;1.59;2019-11-01;Pre-covid;Pre-covid
2019;11;Cataluña;Limones;1445.38;2461.75;1.7;41.25;0.2;0.34;2019-11-01;Pre-covid;Pre-covid
2019;11;Cataluña;Platanos;7656.17;14311.52;1.87;75.79;1.07;2.0;2019-11-01;Pre-covid;Pre-covid
2019;11;Cataluña;Manzanas;6446.75;9368.19;1.45;69.1;0.9;1.31;2019-11-01;Pre-covid;Pre-covid
2019;11;Cataluña;Peras;4015.44;6388.39;1.59;52.95;0.56;0.89;2019-11-01;Pre-covid;Pre-covid
2019;11;Cataluña;Melocotones;732.07;1822.4;2.49;15.39;0.1;0.25;2019-11-01;Pre-covid;Pre-covid
2019;11;Cataluña;Nectarinas;185.97;282.81;1.52;4.53;0.03;0.04;2019-11-01;Pre-covid;Pre-covid
2019;11;Cataluña;Albaricoques;29.17;37.33;1.28;1.06;0.0;0.01;2019-11-01;Pre-covid;Pre-covid
2019;11;Cataluña;Fresas/freson;195.87;643.96;3.29;7.09;0.03;0.09;2019-11-01;Pre-covid;Pre-covid
2019;11;Cataluña;Melon;1927.86;3551.08;1.84;16.19;0.27;0.5;2019-11-01;Pre-covid;Pre-covid
2019;11;Cataluña;Sandia;78.86;99.16;1.26;1.56;0.01;0.01;2019-11-01;Pre-covid;Pre-covid
2019;11;Cataluña;Ciruelas;749.78;1282.93;1.71;16.97;0.1;0.18;2019-11-01;Pre-covid;Pre-covid
2019;11;Cataluña;Cerezas;7.74;48.85;6.31;0.53;0.0;0.01;2019-11-01;Pre-covid;Pre-covid
2019;11;Cataluña;Uvas;2545.57;6728.81;2.64;39.93;0.36;0.94;2019-11-01;Pre-covid;Pre-covid
2019;11;Cataluña;Kiwi;1594.05;5383.54;3.38;33.4;0.22;0.75;2019-11-01;Pre-covid;Pre-covid
2019;11;Cataluña;Aguacate;832.43;3015.18;3.62;28.14;0.12;0.42;2019-11-01;Pre-covid;Pre-covid
2019;11;Cataluña;Piña;856.11;1397.28;1.63;16.0;0.12;0.2;2019-11-01;Pre-covid;Pre-covid
2019;11;Cataluña;Otras frutas frescas;5340.4;12036.09;2.25;62.27;0.75;1.68;2019-11-01;Pre-covid;Pre-covid
2019;11;Cataluña;Pomelo;144.11;267.97;1.86;2.19;0.02;0.04;2019-11-01;Pre-covid;Pre-covid
2019;11;Cataluña;Chirimoya;2.75;8.26;3.0;0.1;0.0;0.0;2019-11-01;Pre-covid;Pre-covid
2019;11;Cataluña;Mango;542.26;1442.99;2.66;13.21;0.08;0.2;2019-11-01;Pre-covid;Pre-covid
2019;11;Cataluña;Frutas iv gama;2096.35;4248.55;2.03;25.27;0.29;0.59;2019-11-01;Pre-covid;Pre-covid
2019;11;Extremadura;Frutas frescas;8794.2;14303.5;1.63;94.54;7.47;12.15;2019-11-01;Pre-covid;Pre-covid
2019;11;Extremadura;Naranjas;1691.49;1815.74;1.07;59.75;1.44;1.54;2019-11-01;Pre-covid;Pre-covid
2019;11;Extremadura;Mandarinas;804.12;1112.0;1.38;56.4;0.68;0.94;2019-11-01;Pre-covid;Pre-covid
2019;11;Extremadura;Limones;377.42;610.41;1.62;36.92;0.32;0.52;2019-11-01;Pre-covid;Pre-covid
2019;11;Extremadura;Platanos;1212.97;1993.81;1.64;83.37;1.03;1.69;2019-11-01;Pre-covid;Pre-covid
2019;11;Extremadura;Manzanas;1208.35;1687.37;1.4;69.01;1.03;1.43;2019-11-01;Pre-covid;Pre-covid
2019;11;Extremadura;Peras;705.46;1108.98;1.57;52.68;0.6;0.94;2019-11-01;Pre-covid;Pre-covid
2019;11;Extremadura;Melocotones;128.15;220.65;1.72;10.07;0.11;0.19;2019-11-01;Pre-covid;Pre-covid
2019;11;Extremadura;Nectarinas;51.29;44.39;0.87;1.91;0.04;0.04;2019-11-01;Pre-covid;Pre-covid
2019;11;Extremadura;Albaricoques;0.0;0.0;0.0;0.0;0.0;0.0;2019-11-01;Pre-covid;Pre-covid
2019;11;Extremadura;Fresas/freson;7.28;28.04;3.85;4.88;0.01;0.02;2019-11-01;Pre-covid;Pre-covid
2019;11;Extremadura;Melon;246.21;348.36;1.41;15.83;0.21;0.3;2019-11-01;Pre-covid;Pre-covid
2019;11;Extremadura;Sandia;178.56;156.02;0.87;2.14;0.15;0.13;2019-11-01;Pre-covid;Pre-covid
2019;11;Extremadura;Ciruelas;47.0;75.23;1.6;11.01;0.04;0.06;2019-11-01;Pre-covid;Pre-covid
2019;11;Extremadura;Cerezas;0.0;0.0;0.0;0.0;0.0;0.0;2019-11-01;Pre-covid;Pre-covid
2019;11;Extremadura;Uvas;344.01;780.82;2.27;33.65;0.29;0.66;2019-11-01;Pre-covid;Pre-covid
2019;11;Extremadura;Kiwi;371.48;1198.97;3.23;38.76;0.32;1.02;2019-11-01;Pre-covid;Pre-covid
2019;11;Extremadura;Aguacate;90.36;320.11;3.54;32.74;0.08;0.27;2019-11-01;Pre-covid;Pre-covid
2019;11;Extremadura;Piña;131.66;184.14;1.4;14.32;0.11;0.16;2019-11-01;Pre-covid;Pre-covid
2019;11;Extremadura;Otras frutas frescas;1198.39;2618.45;2.18;60.87;1.02;2.22;2019-11-01;Pre-covid;Pre-covid
2019;11;Extremadura;Pomelo;0.85;1.95;2.3;0.3;0.0;0.0;2019-11-01;Pre-covid;Pre-covid
2019;11;Extremadura;Chirimoya;0.0;0.0;0.0;0.0;0.0;0.0;2019-11-01;Pre-covid;Pre-covid
2019;11;Extremadura;Mango;48.86;124.08;2.54;13.5;0.04;0.11;2019-11-01;Pre-covid;Pre-covid
2019;11;Extremadura;Frutas iv gama;1145.52;2222.86;1.94;26.5;0.97;1.89;2019-11-01;Pre-covid;Pre-covid
2019;11;Galicia;Frutas frescas;21324.46;36892.28;1.73;95.66;7.85;13.58;2019-11-01;Pre-covid;Pre-covid
2019;11;Galicia;Naranjas;3991.67;4189.61;1.05;55.43;1.47;1.54;2019-11-01;Pre-covid;Pre-covid
2019;11;Galicia;Mandarinas;3060.64;4492.18;1.47;60.25;1.13;1.65;2019-11-01;Pre-covid;Pre-covid
2019;11;Galicia;Limones;511.68;887.2;1.73;33.13;0.19;0.33;2019-11-01;Pre-covid;Pre-covid
2019;11;Galicia;Platanos;3291.61;6307.46;1.92;81.72;1.21;2.32;2019-11-01;Pre-covid;Pre-covid
2019;11;Galicia;Manzanas;3067.37;4375.13;1.43;62.83;1.13;1.61;2019-11-01;Pre-covid;Pre-covid
2019;11;Galicia;Peras;1420.67;2215.86;1.56;41.8;0.52;0.82;2019-11-01;Pre-covid;Pre-covid
2019;11;Galicia;Melocotones;110.58;247.53;2.24;7.7;0.04;0.09;2019-11-01;Pre-covid;Pre-covid
2019;11;Galicia;Nectarinas;24.47;38.49;1.57;1.83;0.01;0.01;2019-11-01;Pre-covid;Pre-covid
2019;11;Galicia;Albaricoques;0.0;0.0;0.0;0.0;0.0;0.0;2019-11-01;Pre-covid;Pre-covid
2019;11;Galicia;Fresas/freson;48.29;336.65;6.97;4.02;0.02;0.12;2019-11-01;Pre-covid;Pre-covid
2019;11;Galicia;Melon;503.15;694.02;1.38;13.81;0.19;0.26;2019-11-01;Pre-covid;Pre-covid
2019;11;Galicia;Sandia;117.0;108.6;0.93;2.68;0.04;0.04;2019-11-01;Pre-covid;Pre-covid
2019;11;Galicia;Ciruelas;141.86;199.89;1.41;9.54;0.05;0.07;2019-11-01;Pre-covid;Pre-covid
2019;11;Galicia;Cerezas;16.39;44.25;2.7;0.32;0.01;0.02;2019-11-01;Pre-covid;Pre-covid
2019;11;Galicia;Uvas;1022.3;2544.35;2.49;36.02;0.38;0.94;2019-11-01;Pre-covid;Pre-covid
2019;11;Galicia;Kiwi;1197.16;3616.23;3.02;41.55;0.44;1.33;2019-11-01;Pre-covid;Pre-covid
2019;11;Galicia;Aguacate;258.26;1075.86;4.17;27.16;0.1;0.4;2019-11-01;Pre-covid;Pre-covid
2019;11;Galicia;Piña;595.84;884.32;1.48;16.08;0.22;0.33;2019-11-01;Pre-covid;Pre-covid
2019;11;Galicia;Otras frutas frescas;1945.52;4634.64;2.38;54.05;0.72;1.71;2019-11-01;Pre-covid;Pre-covid
2019;11;Galicia;Pomelo;74.87;140.71;1.88;4.13;0.03;0.05;2019-11-01;Pre-covid;Pre-covid
2019;11;Galicia;Chirimoya;0.0;0.0;0.0;0.0;0.0;0.0;2019-11-01;Pre-covid;Pre-covid
2019;11;Galicia;Mango;164.63;410.24;2.49;9.25;0.06;0.15;2019-11-01;Pre-covid;Pre-covid
2019;11;Galicia;Frutas iv gama;527.44;1075.49;2.04;17.01;0.19;0.4;2019-11-01;Pre-covid;Pre-covid
2019;11;La rioja;Frutas frescas;2058.29;3230.85;1.57;96.35;6.35;9.97;2019-11-01;Pre-covid;Pre-covid
2019;11;La rioja;Naranjas;439.83;494.04;1.12;51.32;1.36;1.52;2019-11-01;Pre-covid;Pre-covid
2019;11;La rioja;Mandarinas;294.03;408.45;1.39;63.15;0.91;1.26;2019-11-01;Pre-covid;Pre-covid
2019;11;La rioja;Limones;102.48;128.77;1.26;31.2;0.32;0.4;2019-11-01;Pre-covid;Pre-covid
2019;11;La rioja;Platanos;326.21;594.83;1.82;70.29;1.01;1.84;2019-11-01;Pre-covid;Pre-covid
2019;11;La rioja;Manzanas;296.98;452.88;1.52;60.54;0.92;1.4;2019-11-01;Pre-covid;Pre-covid
2019;11;La rioja;Peras;185.95;290.37;1.56;42.62;0.57;0.9;2019-11-01;Pre-covid;Pre-covid
2019;11;La rioja;Melocotones;7.62;18.13;2.38;4.8;0.02;0.06;2019-11-01;Pre-covid;Pre-covid
2019;11;La rioja;Nectarinas;0.79;1.18;1.5;1.5;0.0;0.0;2019-11-01;Pre-covid;Pre-covid
2019;11;La rioja;Albaricoques;0.0;0.0;0.0;0.0;0.0;0.0;2019-11-01;Pre-covid;Pre-covid
2019;11;La rioja;Fresas/freson;4.03;13.02;3.23;3.17;0.01;0.04;2019-11-01;Pre-covid;Pre-covid
2019;11;La rioja;Melon;51.22;39.8;0.78;7.08;0.16;0.12;2019-11-01;Pre-covid;Pre-covid
2019;11;La rioja;Sandia;19.55;15.94;0.82;2.39;0.06;0.05;2019-11-01;Pre-covid;Pre-covid
2019;11;La rioja;Ciruelas;2.36;3.86;1.64;3.98;0.01;0.01;2019-11-01;Pre-covid;Pre-covid
2019;11;La rioja;Cerezas;0.0;0.0;0.0;0.0;0.0;0.0;2019-11-01;Pre-covid;Pre-covid
2019;11;La rioja;Uvas;70.02;169.04;2.41;20.82;0.22;0.52;2019-11-01;Pre-covid;Pre-covid
2019;11;La rioja;Kiwi;43.13;169.39;3.93;27.29;0.13;0.52;2019-11-01;Pre-covid;Pre-covid
2019;11;La rioja;Aguacate;21.13;92.54;4.38;15.49;0.07;0.29;2019-11-01;Pre-covid;Pre-covid
2019;11;La rioja;Piña;29.12;49.36;1.7;7.82;0.09;0.15;2019-11-01;Pre-covid;Pre-covid
2019;11;La rioja;Otras frutas frescas;163.83;289.26;1.77;55.4;0.51;0.89;2019-11-01;Pre-covid;Pre-covid
2019;11;La rioja;Pomelo;0.0;0.0;0.0;0.0;0.0;0.0;2019-11-01;Pre-covid;Pre-covid
2019;11;La rioja;Chirimoya;0.0;0.0;0.0;0.0;0.0;0.0;2019-11-01;Pre-covid;Pre-covid
2019;11;La rioja;Mango;10.76;22.01;2.05;5.67;0.03;0.07;2019-11-01;Pre-covid;Pre-covid
2019;11;La rioja;Frutas iv gama;29.14;55.61;1.91;17.23;0.09;0.17;2019-11-01;Pre-covid;Pre-covid
2019;11;Madrid;Frutas frescas;45697.25;76909.17;1.68;95.96;7.22;12.15;2019-11-01;Pre-covid;Pre-covid
2019;11;Madrid;Naranjas;9025.82;9487.76;1.05;56.77;1.43;1.5;2019-11-01;Pre-covid;Pre-covid
2019;11;Madrid;Mandarinas;6134.63;9052.1;1.48;65.89;0.97;1.43;2019-11-01;Pre-covid;Pre-covid
2019;11;Madrid;Limones;1187.26;1914.51;1.61;39.4;0.19;0.3;2019-11-01;Pre-covid;Pre-covid
2019;11;Madrid;Platanos;6609.11;11564.08;1.75;77.77;1.04;1.83;2019-11-01;Pre-covid;Pre-covid
2019;11;Madrid;Manzanas;5455.35;8280.4;1.52;69.1;0.86;1.31;2019-11-01;Pre-covid;Pre-covid
2019;11;Madrid;Peras;3334.51;5261.65;1.58;54.21;0.53;0.83;2019-11-01;Pre-covid;Pre-covid
2019;11;Madrid;Melocotones;515.71;1161.19;2.25;10.84;0.08;0.18;2019-11-01;Pre-covid;Pre-covid
2019;11;Madrid;Nectarinas;187.69;257.16;1.37;5.46;0.03;0.04;2019-11-01;Pre-covid;Pre-covid
2019;11;Madrid;Albaricoques;22.18;25.88;1.17;1.11;0.0;0.0;2019-11-01;Pre-covid;Pre-covid
2019;11;Madrid;Fresas/freson;185.25;568.01;3.07;6.39;0.03;0.09;2019-11-01;Pre-covid;Pre-covid
2019;11;Madrid;Melon;1094.79;1831.47;1.67;14.0;0.17;0.29;2019-11-01;Pre-covid;Pre-covid
2019;11;Madrid;Sandia;72.63;89.27;1.23;1.34;0.01;0.01;2019-11-01;Pre-covid;Pre-covid
2019;11;Madrid;Ciruelas;565.27;828.29;1.47;18.86;0.09;0.13;2019-11-01;Pre-covid;Pre-covid
2019;11;Madrid;Cerezas;42.41;98.64;2.33;2.28;0.01;0.02;2019-11-01;Pre-covid;Pre-covid
2019;11;Madrid;Uvas;2057.97;4863.77;2.36;39.16;0.33;0.77;2019-11-01;Pre-covid;Pre-covid
2019;11;Madrid;Kiwi;1803.57;5866.67;3.25;42.09;0.29;0.93;2019-11-01;Pre-covid;Pre-covid
2019;11;Madrid;Aguacate;757.15;2813.45;3.72;35.52;0.12;0.44;2019-11-01;Pre-covid;Pre-covid
2019;11;Madrid;Piña;1072.51;1653.53;1.54;20.89;0.17;0.26;2019-11-01;Pre-covid;Pre-covid
2019;11;Madrid;Otras frutas frescas;5573.45;11291.36;2.03;65.4;0.88;1.78;2019-11-01;Pre-covid;Pre-covid
2019;11;Madrid;Pomelo;60.46;113.03;1.87;3.29;0.01;0.02;2019-11-01;Pre-covid;Pre-covid
2019;11;Madrid;Chirimoya;8.91;23.43;2.63;0.37;0.0;0.0;2019-11-01;Pre-covid;Pre-covid
2019;11;Madrid;Mango;712.43;1765.21;2.48;17.61;0.11;0.28;2019-11-01;Pre-covid;Pre-covid
2019;11;Madrid;Frutas iv gama;1575.64;3025.53;1.92;26.72;0.25;0.48;2019-11-01;Pre-covid;Pre-covid
2019;11;Murcia;Frutas frescas;8925.42;14358.44;1.61;95.62;6.2;9.97;2019-11-01;Pre-covid;Pre-covid
2019;11;Murcia;Naranjas;1149.31;1190.84;1.04;44.38;0.8;0.83;2019-11-01;Pre-covid;Pre-covid
2019;11;Murcia;Mandarinas;874.62;1299.2;1.49;55.99;0.61;0.9;2019-11-01;Pre-covid;Pre-covid
2019;11;Murcia;Limones;691.08;863.3;1.25;31.7;0.48;0.6;2019-11-01;Pre-covid;Pre-covid
2019;11;Murcia;Platanos;1641.47;2470.41;1.5;85.03;1.14;1.72;2019-11-01;Pre-covid;Pre-covid
2019;11;Murcia;Manzanas;1156.0;1703.17;1.47;74.43;0.8;1.18;2019-11-01;Pre-covid;Pre-covid
2019;11;Murcia;Peras;664.1;959.61;1.44;46.88;0.46;0.67;2019-11-01;Pre-covid;Pre-covid
2019;11;Murcia;Melocotones;169.92;289.83;1.71;17.18;0.12;0.2;2019-11-01;Pre-covid;Pre-covid
2019;11;Murcia;Nectarinas;16.98;29.65;1.75;3.49;0.01;0.02;2019-11-01;Pre-covid;Pre-covid
2019;11;Murcia;Albaricoques;1.71;3.4;1.99;0.4;0.0;0.0;2019-11-01;Pre-covid;Pre-covid
2019;11;Murcia;Fresas/freson;8.42;44.64;5.3;2.78;0.01;0.03;2019-11-01;Pre-covid;Pre-covid
2019;11;Murcia;Melon;290.13;375.99;1.3;12.51;0.2;0.26;2019-11-01;Pre-covid;Pre-covid
2019;11;Murcia;Sandia;5.63;2.81;0.5;0.57;0.0;0.0;2019-11-01;Pre-covid;Pre-covid
2019;11;Murcia;Ciruelas;153.41;186.26;1.21;11.69;0.11;0.13;2019-11-01;Pre-covid;Pre-covid
2019;11;Murcia;Cerezas;1.54;33.86;22.0;1.28;0.0;0.02;2019-11-01;Pre-covid;Pre-covid
2019;11;Murcia;Uvas;364.38;755.03;2.07;45.54;0.25;0.52;2019-11-01;Pre-covid;Pre-covid
2019;11;Murcia;Kiwi;186.67;653.68;3.5;40.33;0.13;0.45;2019-11-01;Pre-covid;Pre-covid
2019;11;Murcia;Aguacate;123.0;463.59;3.77;22.66;0.09;0.32;2019-11-01;Pre-covid;Pre-covid
2019;11;Murcia;Piña;180.78;319.32;1.77;19.92;0.13;0.22;2019-11-01;Pre-covid;Pre-covid
2019;11;Murcia;Otras frutas frescas;1246.26;2713.82;2.18;69.02;0.87;1.88;2019-11-01;Pre-covid;Pre-covid
2019;11;Murcia;Pomelo;96.83;173.76;1.79;3.17;0.07;0.12;2019-11-01;Pre-covid;Pre-covid
2019;11;Murcia;Chirimoya;0.0;0.0;0.0;0.0;0.0;0.0;2019-11-01;Pre-covid;Pre-covid
2019;11;Murcia;Mango;111.46;249.01;2.23;18.24;0.08;0.17;2019-11-01;Pre-covid;Pre-covid
2019;11;Murcia;Frutas iv gama;223.66;451.69;2.02;22.54;0.16;0.31;2019-11-01;Pre-covid;Pre-covid
2019;11;Navarra;Frutas frescas;3589.39;6341.72;1.77;96.62;6.0;10.61;2019-11-01;Pre-covid;Pre-covid
2019;11;Navarra;Naranjas;672.65;788.27;1.17;47.74;1.13;1.32;2019-11-01;Pre-covid;Pre-covid
2019;11;Navarra;Mandarinas;588.55;865.33;1.47;57.18;0.98;1.45;2019-11-01;Pre-covid;Pre-covid
2019;11;Navarra;Limones;78.55;138.4;1.76;26.85;0.13;0.23;2019-11-01;Pre-covid;Pre-covid
2019;11;Navarra;Platanos;673.87;1242.77;1.84;74.98;1.13;2.08;2019-11-01;Pre-covid;Pre-covid
2019;11;Navarra;Manzanas;407.16;587.13;1.44;54.16;0.68;0.98;2019-11-01;Pre-covid;Pre-covid
2019;11;Navarra;Peras;154.88;224.5;1.45;35.6;0.26;0.38;2019-11-01;Pre-covid;Pre-covid
2019;11;Navarra;Melocotones;8.12;14.64;1.8;2.07;0.01;0.02;2019-11-01;Pre-covid;Pre-covid
2019;11;Navarra;Nectarinas;11.26;17.47;1.55;3.03;0.02;0.03;2019-11-01;Pre-covid;Pre-covid
2019;11;Navarra;Albaricoques;0.0;0.0;0.0;0.0;0.0;0.0;2019-11-01;Pre-covid;Pre-covid
2019;11;Navarra;Fresas/freson;22.34;52.73;2.36;6.58;0.04;0.09;2019-11-01;Pre-covid;Pre-covid
2019;11;Navarra;Melon;118.26;173.28;1.47;19.61;0.2;0.29;2019-11-01;Pre-covid;Pre-covid
2019;11;Navarra;Sandia;10.02;15.02;1.5;2.02;0.02;0.03;2019-11-01;Pre-covid;Pre-covid
2019;11;Navarra;Ciruelas;16.99;28.37;1.67;6.52;0.03;0.05;2019-11-01;Pre-covid;Pre-covid
2019;11;Navarra;Cerezas;0.0;0.0;0.0;0.0;0.0;0.0;2019-11-01;Pre-covid;Pre-covid
2019;11;Navarra;Uvas;128.07;309.49;2.42;28.02;0.21;0.52;2019-11-01;Pre-covid;Pre-covid
2019;11;Navarra;Kiwi;183.16;605.4;3.31;37.25;0.31;1.01;2019-11-01;Pre-covid;Pre-covid
2019;11;Navarra;Aguacate;80.75;371.65;4.6;48.94;0.14;0.62;2019-11-01;Pre-covid;Pre-covid
2019;11;Navarra;Piña;134.16;336.38;2.51;23.94;0.22;0.56;2019-11-01;Pre-covid;Pre-covid
2019;11;Navarra;Otras frutas frescas;300.61;570.91;1.9;53.95;0.5;0.96;2019-11-01;Pre-covid;Pre-covid
2019;11;Navarra;Pomelo;12.25;26.62;2.17;4.01;0.02;0.04;2019-11-01;Pre-covid;Pre-covid
2019;11;Navarra;Chirimoya;0.0;0.0;0.0;0.0;0.0;0.0;2019-11-01;Pre-covid;Pre-covid
2019;11;Navarra;Mango;21.42;52.58;2.45;10.78;0.04;0.09;2019-11-01;Pre-covid;Pre-covid
2019;11;Navarra;Frutas iv gama;183.74;471.84;2.57;29.26;0.31;0.79;2019-11-01;Pre-covid;Pre-covid
2019;11;Pais vasco;Frutas frescas;18875.84;34310.36;1.82;95.75;8.93;16.23;2019-11-01;Pre-covid;Pre-covid
2019;11;Pais vasco;Naranjas;3592.45;4135.92;1.15;57.02;1.7;1.96;2019-11-01;Pre-covid;Pre-covid
2019;11;Pais vasco;Mandarinas;2365.47;3615.62;1.53;65.38;1.12;1.71;2019-11-01;Pre-covid;Pre-covid
2019;11;Pais vasco;Limones;352.1;636.21;1.81;37.45;0.17;0.3;2019-11-01;Pre-covid;Pre-covid
2019;11;Pais vasco;Platanos;2626.4;5204.4;1.98;78.29;1.24;2.46;2019-11-01;Pre-covid;Pre-covid
2019;11;Pais vasco;Manzanas;3461.37;5309.68;1.53;65.97;1.64;2.51;2019-11-01;Pre-covid;Pre-covid
2019;11;Pais vasco;Peras;1426.36;2205.11;1.55;49.14;0.67;1.04;2019-11-01;Pre-covid;Pre-covid
2019;11;Pais vasco;Melocotones;90.72;149.56;1.65;6.88;0.04;0.07;2019-11-01;Pre-covid;Pre-covid
2019;11;Pais vasco;Nectarinas;26.97;45.91;1.7;1.8;0.01;0.02;2019-11-01;Pre-covid;Pre-covid
2019;11;Pais vasco;Albaricoques;1.42;2.78;1.96;0.63;0.0;0.0;2019-11-01;Pre-covid;Pre-covid
2019;11;Pais vasco;Fresas/freson;29.34;129.19;4.4;3.25;0.01;0.06;2019-11-01;Pre-covid;Pre-covid
2019;11;Pais vasco;Melon;269.94;412.94;1.53;12.88;0.13;0.2;2019-11-01;Pre-covid;Pre-covid
2019;11;Pais vasco;Sandia;11.57;16.46;1.42;1.12;0.01;0.01;2019-11-01;Pre-covid;Pre-covid
2019;11;Pais vasco;Ciruelas;89.86;277.66;3.09;14.07;0.04;0.13;2019-11-01;Pre-covid;Pre-covid
2019;11;Pais vasco;Cerezas;3.19;63.58;19.92;1.51;0.0;0.03;2019-11-01;Pre-covid;Pre-covid
2019;11;Pais vasco;Uvas;607.43;1480.14;2.44;35.79;0.29;0.7;2019-11-01;Pre-covid;Pre-covid
2019;11;Pais vasco;Kiwi;1146.21;4321.25;3.77;44.31;0.54;2.04;2019-11-01;Pre-covid;Pre-covid
2019;11;Pais vasco;Aguacate;199.23;719.43;3.61;23.29;0.09;0.34;2019-11-01;Pre-covid;Pre-covid
2019;11;Pais vasco;Piña;423.5;855.31;2.02;19.06;0.2;0.4;2019-11-01;Pre-covid;Pre-covid
2019;11;Pais vasco;Otras frutas frescas;2152.33;4729.21;2.2;55.3;1.02;2.24;2019-11-01;Pre-covid;Pre-covid
2019;11;Pais vasco;Pomelo;162.33;372.73;2.3;8.45;0.08;0.18;2019-11-01;Pre-covid;Pre-covid
2019;11;Pais vasco;Chirimoya;0.0;0.0;0.0;0.0;0.0;0.0;2019-11-01;Pre-covid;Pre-covid
2019;11;Pais vasco;Mango;219.74;629.75;2.87;13.35;0.1;0.3;2019-11-01;Pre-covid;Pre-covid
2019;11;Pais vasco;Frutas iv gama;2236.81;5134.48;2.3;23.58;1.06;2.43;2019-11-01;Pre-covid;Pre-covid
2019;11;Valencia;Frutas frescas;31307.11;53598.3;1.71;94.07;6.45;11.04;2019-11-01;Pre-covid;Pre-covid
2019;11;Valencia;Naranjas;3436.72;3442.78;1.0;34.89;0.71;0.71;2019-11-01;Pre-covid;Pre-covid
2019;11;Valencia;Mandarinas;4413.57;6090.93;1.38;48.34;0.91;1.25;2019-11-01;Pre-covid;Pre-covid
2019;11;Valencia;Limones;956.97;1409.92;1.47;39.63;0.2;0.29;2019-11-01;Pre-covid;Pre-covid
2019;11;Valencia;Platanos;5610.08;9687.73;1.73;82.64;1.16;1.99;2019-11-01;Pre-covid;Pre-covid
2019;11;Valencia;Manzanas;3710.65;5466.08;1.47;64.35;0.76;1.13;2019-11-01;Pre-covid;Pre-covid
2019;11;Valencia;Peras;2212.77;3458.84;1.56;49.84;0.46;0.71;2019-11-01;Pre-covid;Pre-covid
2019;11;Valencia;Melocotones;347.8;717.18;2.06;9.52;0.07;0.15;2019-11-01;Pre-covid;Pre-covid
2019;11;Valencia;Nectarinas;111.86;132.44;1.18;3.29;0.02;0.03;2019-11-01;Pre-covid;Pre-covid
2019;11;Valencia;Albaricoques;5.63;10.62;1.89;0.32;0.0;0.0;2019-11-01;Pre-covid;Pre-covid
2019;11;Valencia;Fresas/freson;71.39;206.95;2.9;2.63;0.01;0.04;2019-11-01;Pre-covid;Pre-covid
2019;11;Valencia;Melon;1292.18;2104.96;1.63;16.31;0.27;0.43;2019-11-01;Pre-covid;Pre-covid
2019;11;Valencia;Sandia;70.6;92.7;1.31;1.3;0.01;0.02;2019-11-01;Pre-covid;Pre-covid
2019;11;Valencia;Ciruelas;440.99;815.59;1.85;19.16;0.09;0.17;2019-11-01;Pre-covid;Pre-covid
2019;11;Valencia;Cerezas;27.17;53.51;1.97;1.82;0.01;0.01;2019-11-01;Pre-covid;Pre-covid
2019;11;Valencia;Uvas;1849.77;4306.83;2.33;38.45;0.38;0.89;2019-11-01;Pre-covid;Pre-covid
2019;11;Valencia;Kiwi;1089.2;3603.14;3.31;38.98;0.22;0.74;2019-11-01;Pre-covid;Pre-covid
2019;11;Valencia;Aguacate;582.42;2162.57;3.71;31.35;0.12;0.45;2019-11-01;Pre-covid;Pre-covid
2019;11;Valencia;Piña;661.27;991.76;1.5;18.17;0.14;0.2;2019-11-01;Pre-covid;Pre-covid
2019;11;Valencia;Otras frutas frescas;4416.07;8843.78;2.0;59.16;0.91;1.82;2019-11-01;Pre-covid;Pre-covid
2019;11;Valencia;Pomelo;68.05;123.11;1.81;2.51;0.01;0.03;2019-11-01;Pre-covid;Pre-covid
2019;11;Valencia;Chirimoya;0.0;0.0;0.0;0.0;0.0;0.0;2019-11-01;Pre-covid;Pre-covid
2019;11;Valencia;Mango;298.84;737.44;2.47;12.94;0.06;0.15;2019-11-01;Pre-covid;Pre-covid
2019;11;Valencia;Frutas iv gama;1357.91;2325.69;1.71;26.85;0.28;0.48;2019-11-01;Pre-covid;Pre-covid
2019;12;Nacional;Patatas;105495.73;102073.78;0.97;79.64;2.29;2.21;2019-12-01;Pre-covid;Pre-covid
2019;12;Nacional;Patatas frescas;72778.3;65823.49;0.9;65.57;1.58;1.43;2019-12-01;Pre-covid;Pre-covid
2019;12;Nacional;Patatas congeladas;3989.35;5103.14;1.28;11.19;0.09;0.11;2019-12-01;Pre-covid;Pre-covid
2019;12;Nacional;Patatas procesadas;5745.62;31147.15;5.42;51.5;0.12;0.68;2019-12-01;Pre-covid;Pre-covid
2019;12;Nacional;Patatas fritas;4655.99;29407.82;6.32;49.7;0.1;0.64;2019-12-01;Pre-covid;Pre-covid
2019;12;Nacional;Hortalizas frescas;187757.9;368920.26;1.96;95.85;4.07;8.0;2019-12-01;Pre-covid;Pre-covid
2019;12;Nacional;Omates;36498.68;66355.42;1.82;74.99;0.79;1.44;2019-12-01;Pre-covid;Pre-covid
2019;12;Nacional;Cebollas;25360.39;30811.95;1.21;63.44;0.55;0.67;2019-12-01;Pre-covid;Pre-covid
2019;12;Nacional;Ajos;2458.68;10747.68;4.37;35.1;0.05;0.23;2019-12-01;Pre-covid;Pre-covid
2019;12;Nacional;Coles;6522.05;7813.83;1.2;21.11;0.14;0.17;2019-12-01;Pre-covid;Pre-covid
2019;12;Nacional;Pepinos;3815.86;5642.6;1.48;22.04;0.08;0.12;2019-12-01;Pre-covid;Pre-covid
2019;12;Nacional;Judias verdes;5029.32;16034.04;3.19;28.42;0.11;0.35;2019-12-01;Pre-covid;Pre-covid
2019;12;Nacional;Pimientos;14909.56;28805.43;1.93;60.13;0.32;0.62;2019-12-01;Pre-covid;Pre-covid
2019;12;Nacional;Champiñoneso setas;6186.9;26128.16;4.22;40.8;0.13;0.57;2019-12-01;Pre-covid;Pre-covid
2019;12;Nacional;Lechuga/esc /endivia;14056.75;39398.42;2.8;63.03;0.3;0.85;2019-12-01;Pre-covid;Pre-covid
2019;12;Nacional;Esparragos;1313.06;3884.39;2.96;6.8;0.03;0.08;2019-12-01;Pre-covid;Pre-covid
2019;12;Nacional;Verduras de hoja;4463.95;10985.08;2.46;23.37;0.1;0.24;2019-12-01;Pre-covid;Pre-covid
2019;12;Nacional;Berenjenas;4425.26;7121.55;1.61;25.56;0.1;0.15;2019-12-01;Pre-covid;Pre-covid
2019;12;Nacional;Zanahorias;11919.56;11152.01;0.94;52.55;0.26;0.24;2019-12-01;Pre-covid;Pre-covid
2019;12;Nacional;Calabacines;12572.63;18590.61;1.48;48.9;0.27;0.4;2019-12-01;Pre-covid;Pre-covid
2019;12;Nacional;Otr hortalizas/verd ;38225.26;85449.1;2.24;74.61;0.83;1.85;2019-12-01;Pre-covid;Pre-covid
2019;12;Nacional;Brocoli;5742.68;9363.3;1.63;20.44;0.12;0.2;2019-12-01;Pre-covid;Pre-covid
2019;12;Nacional;Alcachofas;3690.16;9332.59;2.53;15.14;0.08;0.2;2019-12-01;Pre-covid;Pre-covid
2019;12;Nacional;Apio;2091.64;3143.81;1.5;11.32;0.05;0.07;2019-12-01;Pre-covid;Pre-covid
2019;12;Nacional;Coliflor;2039.64;3820.99;1.87;8.78;0.04;0.08;2019-12-01;Pre-covid;Pre-covid
2019;12;Nacional;Verd /hort  iv gama;22213.48;61362.42;2.76;63.06;0.48;1.33;2019-12-01;Pre-covid;Pre-covid
2019;12;Nacional;Puerro;3848.63;10632.52;2.76;32.07;0.08;0.23;2019-12-01;Pre-covid;Pre-covid
2019;12;Andalucia;Patatas;20515.07;19063.55;0.93;82.98;2.36;2.2;2019-12-01;Pre-covid;Pre-covid
2019;12;Andalucia;Patatas frescas;13618.6;11830.02;0.87;67.79;1.57;1.36;2019-12-01;Pre-covid;Pre-covid
2019;12;Andalucia;Patatas congeladas;876.94;1051.87;1.2;15.24;0.1;0.12;2019-12-01;Pre-covid;Pre-covid
2019;12;Andalucia;Patatas procesadas;1203.91;6181.66;5.13;54.7;0.14;0.71;2019-12-01;Pre-covid;Pre-covid
2019;12;Andalucia;Patatas fritas;976.8;5824.52;5.96;52.52;0.11;0.67;2019-12-01;Pre-covid;Pre-covid
2019;12;Andalucia;Hortalizas frescas;29843.67;54926.41;1.84;95.14;3.44;6.33;2019-12-01;Pre-covid;Pre-covid
2019;12;Andalucia;Omates;6836.73;10908.77;1.6;75.57;0.79;1.26;2019-12-01;Pre-covid;Pre-covid
2019;12;Andalucia;Cebollas;4422.12;5015.82;1.13;66.19;0.51;0.58;2019-12-01;Pre-covid;Pre-covid
2019;12;Andalucia;Ajos;460.4;1832.13;3.98;35.5;0.05;0.21;2019-12-01;Pre-covid;Pre-covid
2019;12;Andalucia;Coles;666.88;803.2;1.2;14.77;0.08;0.09;2019-12-01;Pre-covid;Pre-covid
2019;12;Andalucia;Pepinos;540.22;793.95;1.47;23.83;0.06;0.09;2019-12-01;Pre-covid;Pre-covid
2019;12;Andalucia;Judias verdes;580.08;1815.83;3.13;22.64;0.07;0.21;2019-12-01;Pre-covid;Pre-covid
2019;12;Andalucia;Pimientos;2527.56;4670.27;1.85;62.17;0.29;0.54;2019-12-01;Pre-covid;Pre-covid
2019;12;Andalucia;Champiñoneso setas;980.2;3881.99;3.96;38.84;0.11;0.45;2019-12-01;Pre-covid;Pre-covid
2019;12;Andalucia;Lechuga/esc /endivia;2128.32;5687.74;2.67;62.02;0.25;0.66;2019-12-01;Pre-covid;Pre-covid
2019;12;Andalucia;Esparragos;121.06;434.82;3.59;4.78;0.01;0.05;2019-12-01;Pre-covid;Pre-covid
2019;12;Andalucia;Verduras de hoja;450.09;1205.22;2.68;16.81;0.05;0.14;2019-12-01;Pre-covid;Pre-covid
2019;12;Andalucia;Berenjenas;753.0;1191.79;1.58;27.66;0.09;0.14;2019-12-01;Pre-covid;Pre-covid
2019;12;Andalucia;Zanahorias;1975.61;1875.21;0.95;48.53;0.23;0.22;2019-12-01;Pre-covid;Pre-covid
2019;12;Andalucia;Calabacines;2130.97;3114.41;1.46;49.25;0.25;0.36;2019-12-01;Pre-covid;Pre-covid
2019;12;Andalucia;Otr hortalizas/verd ;5270.44;11695.25;2.22;70.03;0.61;1.35;2019-12-01;Pre-covid;Pre-covid
2019;12;Andalucia;Brocoli;567.42;1060.31;1.87;17.31;0.07;0.12;2019-12-01;Pre-covid;Pre-covid
2019;12;Andalucia;Alcachofas;517.44;1223.48;2.36;15.41;0.06;0.14;2019-12-01;Pre-covid;Pre-covid
2019;12;Andalucia;Apio;224.23;366.38;1.63;9.63;0.03;0.04;2019-12-01;Pre-covid;Pre-covid
2019;12;Andalucia;Coliflor;358.58;667.68;1.86;9.57;0.04;0.08;2019-12-01;Pre-covid;Pre-covid
2019;12;Andalucia;Verd /hort  iv gama;4081.1;9970.34;2.44;62.6;0.47;1.15;2019-12-01;Pre-covid;Pre-covid
2019;12;Andalucia;Puerro;551.13;1381.67;2.51;27.99;0.06;0.16;2019-12-01;Pre-covid;Pre-covid
2019;12;Aragon;Patatas;2708.54;2453.49;0.91;67.74;2.07;1.87;2019-12-01;Pre-covid;Pre-covid
2019;12;Aragon;Patatas frescas;2099.57;1733.51;0.83;61.72;1.6;1.32;2019-12-01;Pre-covid;Pre-covid
2019;12;Aragon;Patatas congeladas;47.16;78.17;1.66;9.19;0.04;0.06;2019-12-01;Pre-covid;Pre-covid
2019;12;Aragon;Patatas procesadas;112.36;641.81;5.71;42.72;0.09;0.49;2019-12-01;Pre-covid;Pre-covid
2019;12;Aragon;Patatas fritas;97.23;617.55;6.35;41.48;0.07;0.47;2019-12-01;Pre-covid;Pre-covid
2019;12;Aragon;Hortalizas frescas;6747.17;13042.98;1.93;97.0;5.15;9.96;2019-12-01;Pre-covid;Pre-covid
2019;12;Aragon;Omates;1035.51;1904.63;1.84;77.89;0.79;1.45;2019-12-01;Pre-covid;Pre-covid
2019;12;Aragon;Cebollas;727.47;868.05;1.19;60.01;0.56;0.66;2019-12-01;Pre-covid;Pre-covid
2019;12;Aragon;Ajos;69.34;270.99;3.91;39.14;0.05;0.21;2019-12-01;Pre-covid;Pre-covid
2019;12;Aragon;Coles;315.52;335.16;1.06;21.62;0.24;0.26;2019-12-01;Pre-covid;Pre-covid
2019;12;Aragon;Pepinos;134.64;201.12;1.49;21.68;0.1;0.15;2019-12-01;Pre-covid;Pre-covid
2019;12;Aragon;Judias verdes;264.71;856.4;3.24;40.89;0.2;0.65;2019-12-01;Pre-covid;Pre-covid
2019;12;Aragon;Pimientos;449.52;804.77;1.79;64.8;0.34;0.61;2019-12-01;Pre-covid;Pre-covid
2019;12;Aragon;Champiñoneso setas;200.76;912.48;4.55;47.32;0.15;0.7;2019-12-01;Pre-covid;Pre-covid
2019;12;Aragon;Lechuga/esc /endivia;653.3;1806.16;2.76;67.35;0.5;1.38;2019-12-01;Pre-covid;Pre-covid
2019;12;Aragon;Esparragos;39.34;259.15;6.59;13.93;0.03;0.2;2019-12-01;Pre-covid;Pre-covid
2019;12;Aragon;Verduras de hoja;372.62;726.63;1.95;30.9;0.28;0.55;2019-12-01;Pre-covid;Pre-covid
2019;12;Aragon;Berenjenas;77.08;121.28;1.57;23.1;0.06;0.09;2019-12-01;Pre-covid;Pre-covid
2019;12;Aragon;Zanahorias;399.82;357.72;0.89;63.53;0.31;0.27;2019-12-01;Pre-covid;Pre-covid
2019;12;Aragon;Calabacines;347.65;482.43;1.39;47.37;0.27;0.37;2019-12-01;Pre-covid;Pre-covid
2019;12;Aragon;Otr hortalizas/verd ;1659.89;3136.03;1.89;83.84;1.27;2.39;2019-12-01;Pre-covid;Pre-covid
2019;12;Aragon;Brocoli;349.25;462.44;1.32;23.77;0.27;0.35;2019-12-01;Pre-covid;Pre-covid
2019;12;Aragon;Alcachofas;115.54;296.86;2.57;20.61;0.09;0.23;2019-12-01;Pre-covid;Pre-covid
2019;12;Aragon;Apio;145.69;186.25;1.28;14.88;0.11;0.14;2019-12-01;Pre-covid;Pre-covid
2019;12;Aragon;Coliflor;60.95;108.11;1.77;12.73;0.05;0.08;2019-12-01;Pre-covid;Pre-covid
2019;12;Aragon;Verd /hort  iv gama;604.73;1836.91;3.04;67.09;0.46;1.4;2019-12-01;Pre-covid;Pre-covid
2019;12;Aragon;Puerro;97.68;303.05;3.1;28.08;0.07;0.23;2019-12-01;Pre-covid;Pre-covid
2019;12;Asturias;Patatas;2344.5;2105.16;0.9;65.26;2.18;1.96;2019-12-01;Pre-covid;Pre-covid
2019;12;Asturias;Patatas frescas;1843.79;1542.56;0.84;56.08;1.72;1.44;2019-12-01;Pre-covid;Pre-covid
2019;12;Asturias;Patatas congeladas;78.56;111.48;1.42;8.94;0.07;0.1;2019-12-01;Pre-covid;Pre-covid
2019;12;Asturias;Patatas procesadas;84.43;451.12;5.34;29.17;0.08;0.42;2019-12-01;Pre-covid;Pre-covid
2019;12;Asturias;Patatas fritas;52.55;402.13;7.65;26.22;0.05;0.37;2019-12-01;Pre-covid;Pre-covid
2019;12;Asturias;Hortalizas frescas;3066.24;6212.25;2.03;95.63;2.85;5.78;2019-12-01;Pre-covid;Pre-covid
2019;12;Asturias;Omates;459.82;892.72;1.94;67.47;0.43;0.83;2019-12-01;Pre-covid;Pre-covid
2019;12;Asturias;Cebollas;550.37;728.09;1.32;64.74;0.51;0.68;2019-12-01;Pre-covid;Pre-covid
2019;12;Asturias;Ajos;60.39;294.63;4.88;35.37;0.06;0.27;2019-12-01;Pre-covid;Pre-covid
2019;12;Asturias;Coles;112.05;139.21;1.24;14.38;0.1;0.13;2019-12-01;Pre-covid;Pre-covid
2019;12;Asturias;Pepinos;50.79;79.53;1.57;9.19;0.05;0.07;2019-12-01;Pre-covid;Pre-covid
2019;12;Asturias;Judias verdes;88.49;277.42;3.13;19.73;0.08;0.26;2019-12-01;Pre-covid;Pre-covid
2019;12;Asturias;Pimientos;327.16;708.03;2.16;56.71;0.3;0.66;2019-12-01;Pre-covid;Pre-covid
2019;12;Asturias;Champiñoneso setas;82.19;309.09;3.76;29.9;0.08;0.29;2019-12-01;Pre-covid;Pre-covid
2019;12;Asturias;Lechuga/esc /endivia;202.17;589.23;2.91;54.43;0.19;0.55;2019-12-01;Pre-covid;Pre-covid
2019;12;Asturias;Esparragos;5.22;8.02;1.54;0.79;0.0;0.01;2019-12-01;Pre-covid;Pre-covid
2019;12;Asturias;Verduras de hoja;74.51;143.64;1.93;13.9;0.07;0.13;2019-12-01;Pre-covid;Pre-covid
2019;12;Asturias;Berenjenas;56.25;91.26;1.62;20.48;0.05;0.08;2019-12-01;Pre-covid;Pre-covid
2019;12;Asturias;Zanahorias;228.66;211.59;0.93;52.43;0.21;0.2;2019-12-01;Pre-covid;Pre-covid
2019;12;Asturias;Calabacines;257.24;385.32;1.5;39.7;0.24;0.36;2019-12-01;Pre-covid;Pre-covid
2019;12;Asturias;Otr hortalizas/verd ;510.92;1354.47;2.65;74.78;0.48;1.26;2019-12-01;Pre-covid;Pre-covid
2019;12;Asturias;Brocoli;67.25;174.08;2.59;18.74;0.06;0.16;2019-12-01;Pre-covid;Pre-covid
2019;12;Asturias;Alcachofas;16.51;36.51;2.21;6.34;0.02;0.03;2019-12-01;Pre-covid;Pre-covid
2019;12;Asturias;Apio;29.82;44.63;1.5;8.26;0.03;0.04;2019-12-01;Pre-covid;Pre-covid
2019;12;Asturias;Coliflor;22.47;30.67;1.36;4.11;0.02;0.03;2019-12-01;Pre-covid;Pre-covid
2019;12;Asturias;Verd /hort  iv gama;292.52;956.68;3.27;58.14;0.27;0.89;2019-12-01;Pre-covid;Pre-covid
2019;12;Asturias;Puerro;99.3;309.53;3.12;34.55;0.09;0.29;2019-12-01;Pre-covid;Pre-covid
2019;12;Baleares;Patatas;3171.74;3417.36;1.08;84.61;3.01;3.24;2019-12-01;Pre-covid;Pre-covid
2019;12;Baleares;Patatas frescas;2054.47;2018.37;0.98;75.3;1.95;1.91;2019-12-01;Pre-covid;Pre-covid
2019;12;Baleares;Patatas congeladas;124.51;150.64;1.21;10.52;0.12;0.14;2019-12-01;Pre-covid;Pre-covid
2019;12;Baleares;Patatas procesadas;198.55;1248.35;6.29;58.9;0.19;1.18;2019-12-01;Pre-covid;Pre-covid
2019;12;Baleares;Patatas fritas;168.15;1186.27;7.05;57.34;0.16;1.12;2019-12-01;Pre-covid;Pre-covid
2019;12;Baleares;Hortalizas frescas;5735.97;12573.48;2.19;96.88;5.44;11.91;2019-12-01;Pre-covid;Pre-covid
2019;12;Baleares;Omates;1090.57;2154.77;1.98;85.4;1.03;2.04;2019-12-01;Pre-covid;Pre-covid
2019;12;Baleares;Cebollas;833.22;1181.3;1.42;73.07;0.79;1.12;2019-12-01;Pre-covid;Pre-covid
2019;12;Baleares;Ajos;58.94;278.8;4.73;34.73;0.06;0.26;2019-12-01;Pre-covid;Pre-covid
2019;12;Baleares;Coles;296.51;414.27;1.4;37.43;0.28;0.39;2019-12-01;Pre-covid;Pre-covid
2019;12;Baleares;Pepinos;77.45;105.22;1.36;24.86;0.07;0.1;2019-12-01;Pre-covid;Pre-covid
2019;12;Baleares;Judias verdes;145.65;507.36;3.48;45.77;0.14;0.48;2019-12-01;Pre-covid;Pre-covid
2019;12;Baleares;Pimientos;424.32;866.94;2.04;66.55;0.4;0.82;2019-12-01;Pre-covid;Pre-covid
2019;12;Baleares;Champiñoneso setas;290.97;1135.46;3.9;56.11;0.28;1.08;2019-12-01;Pre-covid;Pre-covid
2019;12;Baleares;Lechuga/esc /endivia;365.46;1306.41;3.57;77.37;0.35;1.24;2019-12-01;Pre-covid;Pre-covid
2019;12;Baleares;Esparragos;16.52;89.89;5.44;7.64;0.02;0.09;2019-12-01;Pre-covid;Pre-covid
2019;12;Baleares;Verduras de hoja;75.84;233.13;3.07;25.22;0.07;0.22;2019-12-01;Pre-covid;Pre-covid
2019;12;Baleares;Berenjenas;171.53;304.33;1.77;33.38;0.16;0.29;2019-12-01;Pre-covid;Pre-covid
2019;12;Baleares;Zanahorias;345.36;320.57;0.93;52.47;0.33;0.3;2019-12-01;Pre-covid;Pre-covid
2019;12;Baleares;Calabacines;291.43;490.18;1.68;44.76;0.28;0.46;2019-12-01;Pre-covid;Pre-covid
2019;12;Baleares;Otr hortalizas/verd ;1252.18;3184.84;2.54;82.25;1.19;3.02;2019-12-01;Pre-covid;Pre-covid
2019;12;Baleares;Brocoli;127.97;288.7;2.26;30.98;0.12;0.27;2019-12-01;Pre-covid;Pre-covid
2019;12;Baleares;Alcachofas;118.95;338.25;2.84;31.45;0.11;0.32;2019-12-01;Pre-covid;Pre-covid
2019;12;Baleares;Apio;66.05;120.18;1.82;15.49;0.06;0.11;2019-12-01;Pre-covid;Pre-covid
2019;12;Baleares;Coliflor;117.42;216.06;1.84;22.81;0.11;0.2;2019-12-01;Pre-covid;Pre-covid
2019;12;Baleares;Verd /hort  iv gama;808.72;2304.94;2.85;73.67;0.77;2.18;2019-12-01;Pre-covid;Pre-covid
2019;12;Baleares;Puerro;141.95;387.01;2.73;37.32;0.13;0.37;2019-12-01;Pre-covid;Pre-covid
2019;12;Canarias;Patatas;4967.4;5125.86;1.03;85.46;2.25;2.32;2019-12-01;Pre-covid;Pre-covid
2019;12;Canarias;Patatas frescas;3880.41;4009.83;1.03;76.01;1.76;1.82;2019-12-01;Pre-covid;Pre-covid
2019;12;Canarias;Patatas congeladas;283.09;303.48;1.07;12.07;0.13;0.14;2019-12-01;Pre-covid;Pre-covid
2019;12;Canarias;Patatas procesadas;160.78;812.55;5.05;45.89;0.07;0.37;2019-12-01;Pre-covid;Pre-covid
2019;12;Canarias;Patatas fritas;125.17;754.5;6.03;45.24;0.06;0.34;2019-12-01;Pre-covid;Pre-covid
2019;12;Canarias;Hortalizas frescas;8377.38;16651.22;1.99;97.08;3.79;7.54;2019-12-01;Pre-covid;Pre-covid
2019;12;Canarias;Omates;1445.0;2363.67;1.64;79.2;0.65;1.07;2019-12-01;Pre-covid;Pre-covid
2019;12;Canarias;Cebollas;1276.34;1515.6;1.19;67.72;0.58;0.69;2019-12-01;Pre-covid;Pre-covid
2019;12;Canarias;Ajos;132.91;549.01;4.13;36.04;0.06;0.25;2019-12-01;Pre-covid;Pre-covid
2019;12;Canarias;Coles;199.52;279.68;1.4;18.82;0.09;0.13;2019-12-01;Pre-covid;Pre-covid
2019;12;Canarias;Pepinos;143.25;223.7;1.56;21.4;0.06;0.1;2019-12-01;Pre-covid;Pre-covid
2019;12;Canarias;Judias verdes;161.83;302.29;1.87;18.04;0.07;0.14;2019-12-01;Pre-covid;Pre-covid
2019;12;Canarias;Pimientos;1022.08;1941.16;1.9;72.97;0.46;0.88;2019-12-01;Pre-covid;Pre-covid
2019;12;Canarias;Champiñoneso setas;161.63;777.48;4.81;34.18;0.07;0.35;2019-12-01;Pre-covid;Pre-covid
2019;12;Canarias;Lechuga/esc /endivia;342.77;1265.65;3.69;49.9;0.16;0.57;2019-12-01;Pre-covid;Pre-covid
2019;12;Canarias;Esparragos;7.95;61.92;7.79;2.02;0.0;0.03;2019-12-01;Pre-covid;Pre-covid
2019;12;Canarias;Verduras de hoja;90.96;264.52;2.91;16.8;0.04;0.12;2019-12-01;Pre-covid;Pre-covid
2019;12;Canarias;Berenjenas;108.33;152.58;1.41;15.8;0.05;0.07;2019-12-01;Pre-covid;Pre-covid
2019;12;Canarias;Zanahorias;778.88;778.5;1.0;68.2;0.35;0.35;2019-12-01;Pre-covid;Pre-covid
2019;12;Canarias;Calabacines;716.17;1507.41;2.1;59.17;0.32;0.68;2019-12-01;Pre-covid;Pre-covid
2019;12;Canarias;Otr hortalizas/verd ;1789.76;4668.06;2.61;79.02;0.81;2.11;2019-12-01;Pre-covid;Pre-covid
2019;12;Canarias;Brocoli;34.49;78.12;2.27;2.59;0.02;0.04;2019-12-01;Pre-covid;Pre-covid
2019;12;Canarias;Alcachofas;0.0;0.0;0.0;0.0;0.0;0.0;2019-12-01;Pre-covid;Pre-covid
2019;12;Canarias;Apio;124.95;235.82;1.89;10.12;0.06;0.11;2019-12-01;Pre-covid;Pre-covid
2019;12;Canarias;Coliflor;61.95;125.77;2.03;8.47;0.03;0.06;2019-12-01;Pre-covid;Pre-covid
2019;12;Canarias;Verd /hort  iv gama;1343.28;3578.82;2.66;57.03;0.61;1.62;2019-12-01;Pre-covid;Pre-covid
2019;12;Canarias;Puerro;152.67;370.41;2.43;35.15;0.07;0.17;2019-12-01;Pre-covid;Pre-covid
2019;12;Cantabria;Patatas;1408.15;1479.67;1.05;78.39;2.5;2.63;2019-12-01;Pre-covid;Pre-covid
2019;12;Cantabria;Patatas frescas;1025.33;1086.15;1.06;56.99;1.82;1.93;2019-12-01;Pre-covid;Pre-covid
2019;12;Cantabria;Patatas congeladas;101.48;115.88;1.14;16.06;0.18;0.21;2019-12-01;Pre-covid;Pre-covid
2019;12;Cantabria;Patatas procesadas;56.27;277.64;4.93;46.66;0.1;0.49;2019-12-01;Pre-covid;Pre-covid
2019;12;Cantabria;Patatas fritas;34.71;245.77;7.08;42.27;0.06;0.44;2019-12-01;Pre-covid;Pre-covid
2019;12;Cantabria;Hortalizas frescas;1679.69;3627.58;2.16;92.95;2.98;6.44;2019-12-01;Pre-covid;Pre-covid
2019;12;Cantabria;Omates;204.53;444.45;2.17;53.64;0.36;0.79;2019-12-01;Pre-covid;Pre-covid
2019;12;Cantabria;Cebollas;264.13;368.42;1.39;64.12;0.47;0.65;2019-12-01;Pre-covid;Pre-covid
2019;12;Cantabria;Ajos;30.69;157.14;5.12;37.62;0.05;0.28;2019-12-01;Pre-covid;Pre-covid
2019;12;Cantabria;Coles;33.88;57.54;1.7;14.0;0.06;0.1;2019-12-01;Pre-covid;Pre-covid
2019;12;Cantabria;Pepinos;26.16;41.17;1.57;11.83;0.05;0.07;2019-12-01;Pre-covid;Pre-covid
2019;12;Cantabria;Judias verdes;67.66;165.87;2.45;22.44;0.12;0.29;2019-12-01;Pre-covid;Pre-covid
2019;12;Cantabria;Pimientos;153.97;338.79;2.2;55.74;0.27;0.6;2019-12-01;Pre-covid;Pre-covid
2019;12;Cantabria;Champiñoneso setas;51.24;232.5;4.54;36.27;0.09;0.41;2019-12-01;Pre-covid;Pre-covid
2019;12;Cantabria;Lechuga/esc /endivia;117.56;308.47;2.62;48.27;0.21;0.55;2019-12-01;Pre-covid;Pre-covid
2019;12;Cantabria;Esparragos;7.65;29.51;3.86;4.04;0.01;0.05;2019-12-01;Pre-covid;Pre-covid
2019;12;Cantabria;Verduras de hoja;56.59;135.19;2.39;22.57;0.1;0.24;2019-12-01;Pre-covid;Pre-covid
2019;12;Cantabria;Berenjenas;41.81;75.76;1.81;21.02;0.07;0.13;2019-12-01;Pre-covid;Pre-covid
2019;12;Cantabria;Zanahorias;123.26;94.56;0.77;56.29;0.22;0.17;2019-12-01;Pre-covid;Pre-covid
2019;12;Cantabria;Calabacines;182.84;275.3;1.51;50.34;0.32;0.49;2019-12-01;Pre-covid;Pre-covid
2019;12;Cantabria;Otr hortalizas/verd ;317.73;902.91;2.84;66.99;0.56;1.6;2019-12-01;Pre-covid;Pre-covid
2019;12;Cantabria;Brocoli;55.61;122.64;2.21;17.64;0.1;0.22;2019-12-01;Pre-covid;Pre-covid
2019;12;Cantabria;Alcachofas;19.04;40.5;2.13;8.0;0.03;0.07;2019-12-01;Pre-covid;Pre-covid
2019;12;Cantabria;Apio;2.51;6.84;2.73;2.09;0.0;0.01;2019-12-01;Pre-covid;Pre-covid
2019;12;Cantabria;Coliflor;22.64;48.24;2.13;4.25;0.04;0.09;2019-12-01;Pre-covid;Pre-covid
2019;12;Cantabria;Verd /hort  iv gama;211.15;692.49;3.28;50.92;0.37;1.23;2019-12-01;Pre-covid;Pre-covid
2019;12;Cantabria;Puerro;75.61;289.6;3.83;40.19;0.13;0.51;2019-12-01;Pre-covid;Pre-covid
2019;12;Castilla la mancha;Patatas;4273.95;3991.6;0.93;77.3;2.04;1.9;2019-12-01;Pre-covid;Pre-covid
2019;12;Castilla la mancha;Patatas frescas;2806.13;2298.71;0.82;60.37;1.34;1.1;2019-12-01;Pre-covid;Pre-covid
2019;12;Castilla la mancha;Patatas congeladas;274.11;334.33;1.22;18.5;0.13;0.16;2019-12-01;Pre-covid;Pre-covid
2019;12;Castilla la mancha;Patatas procesadas;238.74;1358.56;5.69;55.43;0.11;0.65;2019-12-01;Pre-covid;Pre-covid
2019;12;Castilla la mancha;Patatas fritas;212.41;1305.36;6.15;53.61;0.1;0.62;2019-12-01;Pre-covid;Pre-covid
2019;12;Castilla la mancha;Hortalizas frescas;6794.0;13142.07;1.93;95.46;3.24;6.27;2019-12-01;Pre-covid;Pre-covid
2019;12;Castilla la mancha;Omates;1587.71;2677.32;1.69;74.87;0.76;1.28;2019-12-01;Pre-covid;Pre-covid
2019;12;Castilla la mancha;Cebollas;715.09;809.49;1.13;51.46;0.34;0.39;2019-12-01;Pre-covid;Pre-covid
2019;12;Castilla la mancha;Ajos;66.88;280.19;4.19;23.86;0.03;0.13;2019-12-01;Pre-covid;Pre-covid
2019;12;Castilla la mancha;Coles;262.57;326.04;1.24;26.5;0.13;0.16;2019-12-01;Pre-covid;Pre-covid
2019;12;Castilla la mancha;Pepinos;205.49;291.16;1.42;23.57;0.1;0.14;2019-12-01;Pre-covid;Pre-covid
2019;12;Castilla la mancha;Judias verdes;249.59;778.46;3.12;33.49;0.12;0.37;2019-12-01;Pre-covid;Pre-covid
2019;12;Castilla la mancha;Pimientos;663.63;1214.72;1.83;58.25;0.32;0.58;2019-12-01;Pre-covid;Pre-covid
2019;12;Castilla la mancha;Champiñoneso setas;310.79;1268.37;4.08;47.26;0.15;0.61;2019-12-01;Pre-covid;Pre-covid
2019;12;Castilla la mancha;Lechuga/esc /endivia;428.61;1218.56;2.84;58.69;0.2;0.58;2019-12-01;Pre-covid;Pre-covid
2019;12;Castilla la mancha;Esparragos;37.59;139.26;3.7;7.58;0.02;0.07;2019-12-01;Pre-covid;Pre-covid
2019;12;Castilla la mancha;Verduras de hoja;111.82;292.44;2.62;19.36;0.05;0.14;2019-12-01;Pre-covid;Pre-covid
2019;12;Castilla la mancha;Berenjenas;133.97;212.77;1.59;25.5;0.06;0.1;2019-12-01;Pre-covid;Pre-covid
2019;12;Castilla la mancha;Zanahorias;435.05;396.42;0.91;46.18;0.21;0.19;2019-12-01;Pre-covid;Pre-covid
2019;12;Castilla la mancha;Calabacines;439.25;674.94;1.54;49.25;0.21;0.32;2019-12-01;Pre-covid;Pre-covid
2019;12;Castilla la mancha;Otr hortalizas/verd ;1145.96;2561.94;2.24;71.61;0.55;1.22;2019-12-01;Pre-covid;Pre-covid
2019;12;Castilla la mancha;Brocoli;168.37;298.73;1.77;20.0;0.08;0.14;2019-12-01;Pre-covid;Pre-covid
2019;12;Castilla la mancha;Alcachofas;95.59;241.93;2.53;14.51;0.05;0.12;2019-12-01;Pre-covid;Pre-covid
2019;12;Castilla la mancha;Apio;26.12;49.35;1.89;5.3;0.01;0.02;2019-12-01;Pre-covid;Pre-covid
2019;12;Castilla la mancha;Coliflor;84.77;157.43;1.86;9.24;0.04;0.08;2019-12-01;Pre-covid;Pre-covid
2019;12;Castilla la mancha;Verd /hort  iv gama;754.19;2123.14;2.82;58.91;0.36;1.01;2019-12-01;Pre-covid;Pre-covid
2019;12;Castilla la mancha;Puerro;119.23;304.11;2.55;29.59;0.06;0.15;2019-12-01;Pre-covid;Pre-covid
2019;12;Castilla leon;Patatas;4188.49;3773.19;0.9;65.84;1.74;1.57;2019-12-01;Pre-covid;Pre-covid
2019;12;Castilla leon;Patatas frescas;3081.52;2514.87;0.82;50.33;1.28;1.05;2019-12-01;Pre-covid;Pre-covid
2019;12;Castilla leon;Patatas congeladas;100.0;173.27;1.73;6.78;0.04;0.07;2019-12-01;Pre-covid;Pre-covid
2019;12;Castilla leon;Patatas procesadas;201.39;1085.06;5.39;40.76;0.08;0.45;2019-12-01;Pre-covid;Pre-covid
2019;12;Castilla leon;Patatas fritas;163.29;1016.43;6.22;39.06;0.07;0.42;2019-12-01;Pre-covid;Pre-covid
2019;12;Castilla leon;Hortalizas frescas;8784.0;16512.51;1.88;93.2;3.65;6.87;2019-12-01;Pre-covid;Pre-covid
2019;12;Castilla leon;Omates;1571.69;2705.49;1.72;65.19;0.65;1.13;2019-12-01;Pre-covid;Pre-covid
2019;12;Castilla leon;Cebollas;1149.14;1352.79;1.18;58.62;0.48;0.56;2019-12-01;Pre-covid;Pre-covid
2019;12;Castilla leon;Ajos;126.58;502.58;3.97;31.47;0.05;0.21;2019-12-01;Pre-covid;Pre-covid
2019;12;Castilla leon;Coles;486.8;550.51;1.13;24.74;0.2;0.23;2019-12-01;Pre-covid;Pre-covid
2019;12;Castilla leon;Pepinos;159.47;220.94;1.39;14.22;0.07;0.09;2019-12-01;Pre-covid;Pre-covid
2019;12;Castilla leon;Judias verdes;194.03;578.57;2.98;23.92;0.08;0.24;2019-12-01;Pre-covid;Pre-covid
2019;12;Castilla leon;Pimientos;822.06;1622.44;1.97;58.66;0.34;0.68;2019-12-01;Pre-covid;Pre-covid
2019;12;Castilla leon;Champiñoneso setas;279.57;1186.08;4.24;34.49;0.12;0.49;2019-12-01;Pre-covid;Pre-covid
2019;12;Castilla leon;Lechuga/esc /endivia;818.8;2138.99;2.61;63.89;0.34;0.89;2019-12-01;Pre-covid;Pre-covid
2019;12;Castilla leon;Esparragos;29.42;107.61;3.66;4.61;0.01;0.04;2019-12-01;Pre-covid;Pre-covid
2019;12;Castilla leon;Verduras de hoja;205.23;489.51;2.39;19.84;0.09;0.2;2019-12-01;Pre-covid;Pre-covid
2019;12;Castilla leon;Berenjenas;156.94;222.03;1.41;15.62;0.07;0.09;2019-12-01;Pre-covid;Pre-covid
2019;12;Castilla leon;Zanahorias;650.79;525.4;0.81;52.85;0.27;0.22;2019-12-01;Pre-covid;Pre-covid
2019;12;Castilla leon;Calabacines;652.2;868.64;1.33;43.58;0.27;0.36;2019-12-01;Pre-covid;Pre-covid
2019;12;Castilla leon;Otr hortalizas/verd ;1481.3;3440.94;2.32;65.83;0.62;1.43;2019-12-01;Pre-covid;Pre-covid
2019;12;Castilla leon;Brocoli;263.09;519.78;1.98;23.38;0.11;0.22;2019-12-01;Pre-covid;Pre-covid
2019;12;Castilla leon;Alcachofas;77.55;237.13;3.06;8.77;0.03;0.1;2019-12-01;Pre-covid;Pre-covid
2019;12;Castilla leon;Apio;91.87;133.22;1.45;10.46;0.04;0.06;2019-12-01;Pre-covid;Pre-covid
2019;12;Castilla leon;Coliflor;202.61;377.97;1.87;10.05;0.08;0.16;2019-12-01;Pre-covid;Pre-covid
2019;12;Castilla leon;Verd /hort  iv gama;809.43;2474.02;3.06;61.5;0.34;1.03;2019-12-01;Pre-covid;Pre-covid
2019;12;Castilla leon;Puerro;200.73;591.86;2.95;38.02;0.08;0.25;2019-12-01;Pre-covid;Pre-covid
2019;12;Cataluña;Patatas;18443.1;18869.83;1.02;86.94;2.58;2.64;2019-12-01;Pre-covid;Pre-covid
2019;12;Cataluña;Patatas frescas;11837.59;11077.66;0.94;72.84;1.65;1.55;2019-12-01;Pre-covid;Pre-covid
2019;12;Cataluña;Patatas congeladas;601.54;859.69;1.43;10.36;0.08;0.12;2019-12-01;Pre-covid;Pre-covid
2019;12;Cataluña;Patatas procesadas;1200.79;6932.48;5.77;63.59;0.17;0.97;2019-12-01;Pre-covid;Pre-covid
2019;12;Cataluña;Patatas fritas;980.51;6575.83;6.71;61.88;0.14;0.92;2019-12-01;Pre-covid;Pre-covid
2019;12;Cataluña;Hortalizas frescas;34906.51;70928.44;2.03;96.67;4.88;9.91;2019-12-01;Pre-covid;Pre-covid
2019;12;Cataluña;Omates;7136.08;14586.42;2.04;82.66;1.0;2.04;2019-12-01;Pre-covid;Pre-covid
2019;12;Cataluña;Cebollas;4960.95;6020.57;1.21;69.88;0.69;0.84;2019-12-01;Pre-covid;Pre-covid
2019;12;Cataluña;Ajos;340.09;1555.08;4.57;33.83;0.05;0.22;2019-12-01;Pre-covid;Pre-covid
2019;12;Cataluña;Coles;1228.95;1402.74;1.14;21.01;0.17;0.2;2019-12-01;Pre-covid;Pre-covid
2019;12;Cataluña;Pepinos;709.24;1117.84;1.58;24.46;0.1;0.16;2019-12-01;Pre-covid;Pre-covid
2019;12;Cataluña;Judias verdes;1117.15;4051.85;3.63;34.31;0.16;0.57;2019-12-01;Pre-covid;Pre-covid
2019;12;Cataluña;Pimientos;2232.17;4346.48;1.95;56.61;0.31;0.61;2019-12-01;Pre-covid;Pre-covid
2019;12;Cataluña;Champiñoneso setas;987.26;4324.25;4.38;39.64;0.14;0.6;2019-12-01;Pre-covid;Pre-covid
2019;12;Cataluña;Lechuga/esc /endivia;2569.79;7342.84;2.86;67.97;0.36;1.03;2019-12-01;Pre-covid;Pre-covid
2019;12;Cataluña;Esparragos;516.09;1024.58;1.99;9.24;0.07;0.14;2019-12-01;Pre-covid;Pre-covid
2019;12;Cataluña;Verduras de hoja;847.52;2141.28;2.53;28.55;0.12;0.3;2019-12-01;Pre-covid;Pre-covid
2019;12;Cataluña;Berenjenas;840.74;1311.7;1.56;31.43;0.12;0.18;2019-12-01;Pre-covid;Pre-covid
2019;12;Cataluña;Zanahorias;1821.41;1911.11;1.05;50.91;0.25;0.27;2019-12-01;Pre-covid;Pre-covid
2019;12;Cataluña;Calabacines;2112.27;3071.11;1.45;50.31;0.3;0.43;2019-12-01;Pre-covid;Pre-covid
2019;12;Cataluña;Otr hortalizas/verd ;7486.78;16720.59;2.23;80.98;1.05;2.34;2019-12-01;Pre-covid;Pre-covid
2019;12;Cataluña;Brocoli;1188.56;1864.21;1.57;26.93;0.17;0.26;2019-12-01;Pre-covid;Pre-covid
2019;12;Cataluña;Alcachofas;900.78;2487.02;2.76;22.22;0.13;0.35;2019-12-01;Pre-covid;Pre-covid
2019;12;Cataluña;Apio;673.37;955.59;1.42;20.78;0.09;0.13;2019-12-01;Pre-covid;Pre-covid
2019;12;Cataluña;Coliflor;272.16;555.29;2.04;7.06;0.04;0.08;2019-12-01;Pre-covid;Pre-covid
2019;12;Cataluña;Verd /hort  iv gama;4237.09;11422.74;2.7;68.94;0.59;1.6;2019-12-01;Pre-covid;Pre-covid
2019;12;Cataluña;Puerro;746.95;1883.51;2.52;34.69;0.1;0.26;2019-12-01;Pre-covid;Pre-covid
2019;12;Extremadura;Patatas;2515.5;2473.24;0.98;81.29;2.14;2.1;2019-12-01;Pre-covid;Pre-covid
2019;12;Extremadura;Patatas frescas;1724.91;1628.08;0.94;68.4;1.47;1.38;2019-12-01;Pre-covid;Pre-covid
2019;12;Extremadura;Patatas congeladas;158.72;160.34;1.01;12.57;0.13;0.14;2019-12-01;Pre-covid;Pre-covid
2019;12;Extremadura;Patatas procesadas;126.37;684.82;5.42;52.62;0.11;0.58;2019-12-01;Pre-covid;Pre-covid
2019;12;Extremadura;Patatas fritas;117.78;669.32;5.68;51.51;0.1;0.57;2019-12-01;Pre-covid;Pre-covid
2019;12;Extremadura;Hortalizas frescas;3641.74;6990.4;1.92;95.49;3.09;5.94;2019-12-01;Pre-covid;Pre-covid
2019;12;Extremadura;Omates;850.56;1314.39;1.55;71.45;0.72;1.12;2019-12-01;Pre-covid;Pre-covid
2019;12;Extremadura;Cebollas;448.08;566.74;1.26;57.86;0.38;0.48;2019-12-01;Pre-covid;Pre-covid
2019;12;Extremadura;Ajos;55.91;263.48;4.71;32.08;0.05;0.22;2019-12-01;Pre-covid;Pre-covid
2019;12;Extremadura;Coles;67.93;88.25;1.3;14.26;0.06;0.07;2019-12-01;Pre-covid;Pre-covid
2019;12;Extremadura;Pepinos;76.49;110.64;1.45;17.95;0.06;0.09;2019-12-01;Pre-covid;Pre-covid
2019;12;Extremadura;Judias verdes;94.21;231.98;2.46;19.26;0.08;0.2;2019-12-01;Pre-covid;Pre-covid
2019;12;Extremadura;Pimientos;328.8;605.7;1.84;61.14;0.28;0.51;2019-12-01;Pre-covid;Pre-covid
2019;12;Extremadura;Champiñoneso setas;109.32;545.63;4.99;43.87;0.09;0.46;2019-12-01;Pre-covid;Pre-covid
2019;12;Extremadura;Lechuga/esc /endivia;297.2;827.71;2.79;62.17;0.25;0.7;2019-12-01;Pre-covid;Pre-covid
2019;12;Extremadura;Esparragos;2.33;15.75;6.75;2.14;0.0;0.01;2019-12-01;Pre-covid;Pre-covid
2019;12;Extremadura;Verduras de hoja;97.86;263.74;2.7;23.87;0.08;0.22;2019-12-01;Pre-covid;Pre-covid
2019;12;Extremadura;Berenjenas;49.71;70.06;1.41;16.54;0.04;0.06;2019-12-01;Pre-covid;Pre-covid
2019;12;Extremadura;Zanahorias;219.87;205.12;0.93;47.29;0.19;0.17;2019-12-01;Pre-covid;Pre-covid
2019;12;Extremadura;Calabacines;260.62;390.1;1.5;47.7;0.22;0.33;2019-12-01;Pre-covid;Pre-covid
2019;12;Extremadura;Otr hortalizas/verd ;682.85;1491.1;2.18;70.82;0.58;1.27;2019-12-01;Pre-covid;Pre-covid
2019;12;Extremadura;Brocoli;148.74;196.93;1.32;18.95;0.13;0.17;2019-12-01;Pre-covid;Pre-covid
2019;12;Extremadura;Alcachofas;49.49;114.95;2.32;12.64;0.04;0.1;2019-12-01;Pre-covid;Pre-covid
2019;12;Extremadura;Apio;24.15;33.33;1.38;6.62;0.02;0.03;2019-12-01;Pre-covid;Pre-covid
2019;12;Extremadura;Coliflor;26.71;58.18;2.18;5.38;0.02;0.05;2019-12-01;Pre-covid;Pre-covid
2019;12;Extremadura;Verd /hort  iv gama;468.7;1226.6;2.62;60.37;0.4;1.04;2019-12-01;Pre-covid;Pre-covid
2019;12;Extremadura;Puerro;64.05;185.34;2.89;29.52;0.05;0.16;2019-12-01;Pre-covid;Pre-covid
2019;12;Galicia;Patatas;6140.2;5389.61;0.88;64.33;2.26;1.98;2019-12-01;Pre-covid;Pre-covid
2019;12;Galicia;Patatas frescas;4837.5;4085.64;0.84;46.56;1.78;1.5;2019-12-01;Pre-covid;Pre-covid
2019;12;Galicia;Patatas congeladas;204.01;251.84;1.23;8.84;0.08;0.09;2019-12-01;Pre-covid;Pre-covid
2019;12;Galicia;Patatas procesadas;219.74;1052.13;4.79;33.42;0.08;0.39;2019-12-01;Pre-covid;Pre-covid
2019;12;Galicia;Patatas fritas;151.1;944.12;6.25;32.19;0.06;0.35;2019-12-01;Pre-covid;Pre-covid
2019;12;Galicia;Hortalizas frescas;9502.87;17919.82;1.89;93.93;3.5;6.6;2019-12-01;Pre-covid;Pre-covid
2019;12;Galicia;Omates;1333.02;2622.84;1.97;65.26;0.49;0.97;2019-12-01;Pre-covid;Pre-covid
2019;12;Galicia;Cebollas;1127.54;1462.88;1.3;45.61;0.42;0.54;2019-12-01;Pre-covid;Pre-covid
2019;12;Galicia;Ajos;173.65;728.14;4.19;39.49;0.06;0.27;2019-12-01;Pre-covid;Pre-covid
2019;12;Galicia;Coles;904.45;1006.89;1.11;38.19;0.33;0.37;2019-12-01;Pre-covid;Pre-covid
2019;12;Galicia;Pepinos;76.94;124.24;1.61;11.29;0.03;0.05;2019-12-01;Pre-covid;Pre-covid
2019;12;Galicia;Judias verdes;221.43;678.04;3.06;22.41;0.08;0.25;2019-12-01;Pre-covid;Pre-covid
2019;12;Galicia;Pimientos;625.1;1365.85;2.19;50.5;0.23;0.5;2019-12-01;Pre-covid;Pre-covid
2019;12;Galicia;Champiñoneso setas;193.28;831.13;4.3;26.17;0.07;0.31;2019-12-01;Pre-covid;Pre-covid
2019;12;Galicia;Lechuga/esc /endivia;1025.72;2610.71;2.55;55.24;0.38;0.96;2019-12-01;Pre-covid;Pre-covid
2019;12;Galicia;Esparragos;41.24;167.1;4.05;4.53;0.02;0.06;2019-12-01;Pre-covid;Pre-covid
2019;12;Galicia;Verduras de hoja;250.53;608.59;2.43;15.18;0.09;0.22;2019-12-01;Pre-covid;Pre-covid
2019;12;Galicia;Berenjenas;124.77;217.79;1.75;13.69;0.05;0.08;2019-12-01;Pre-covid;Pre-covid
2019;12;Galicia;Zanahorias;699.59;670.96;0.96;50.65;0.26;0.25;2019-12-01;Pre-covid;Pre-covid
2019;12;Galicia;Calabacines;388.27;597.54;1.54;33.86;0.14;0.22;2019-12-01;Pre-covid;Pre-covid
2019;12;Galicia;Otr hortalizas/verd ;2317.33;4227.13;1.82;66.86;0.85;1.56;2019-12-01;Pre-covid;Pre-covid
2019;12;Galicia;Brocoli;898.23;1056.4;1.18;26.4;0.33;0.39;2019-12-01;Pre-covid;Pre-covid
2019;12;Galicia;Alcachofas;31.38;67.16;2.14;3.46;0.01;0.02;2019-12-01;Pre-covid;Pre-covid
2019;12;Galicia;Apio;138.05;176.82;1.28;5.84;0.05;0.07;2019-12-01;Pre-covid;Pre-covid
2019;12;Galicia;Coliflor;154.21;231.43;1.5;8.87;0.06;0.09;2019-12-01;Pre-covid;Pre-covid
2019;12;Galicia;Verd /hort  iv gama;928.48;2602.89;2.8;50.08;0.34;0.96;2019-12-01;Pre-covid;Pre-covid
2019;12;Galicia;Puerro;188.07;540.33;2.87;28.1;0.07;0.2;2019-12-01;Pre-covid;Pre-covid
2019;12;La rioja;Patatas;418.67;445.94;1.07;68.05;1.29;1.38;2019-12-01;Pre-covid;Pre-covid
2019;12;La rioja;Patatas frescas;326.27;329.45;1.01;58.14;1.01;1.02;2019-12-01;Pre-covid;Pre-covid
2019;12;La rioja;Patatas congeladas;3.63;4.42;1.22;3.35;0.01;0.01;2019-12-01;Pre-covid;Pre-covid
2019;12;La rioja;Patatas procesadas;17.75;112.08;6.31;34.57;0.05;0.35;2019-12-01;Pre-covid;Pre-covid
2019;12;La rioja;Patatas fritas;16.76;110.87;6.62;33.75;0.05;0.34;2019-12-01;Pre-covid;Pre-covid
2019;12;La rioja;Hortalizas frescas;1068.26;2110.6;1.98;90.87;3.3;6.51;2019-12-01;Pre-covid;Pre-covid
2019;12;La rioja;Omates;84.6;182.51;2.16;41.7;0.26;0.56;2019-12-01;Pre-covid;Pre-covid
2019;12;La rioja;Cebollas;137.5;216.31;1.57;50.11;0.42;0.67;2019-12-01;Pre-covid;Pre-covid
2019;12;La rioja;Ajos;13.31;61.73;4.64;28.04;0.04;0.19;2019-12-01;Pre-covid;Pre-covid
2019;12;La rioja;Coles;31.0;31.87;1.03;15.97;0.1;0.1;2019-12-01;Pre-covid;Pre-covid
2019;12;La rioja;Pepinos;2.48;3.76;1.52;5.48;0.01;0.01;2019-12-01;Pre-covid;Pre-covid
2019;12;La rioja;Judias verdes;20.18;75.54;3.74;22.5;0.06;0.23;2019-12-01;Pre-covid;Pre-covid
2019;12;La rioja;Pimientos;57.23;146.24;2.56;40.05;0.18;0.45;2019-12-01;Pre-covid;Pre-covid
2019;12;La rioja;Champiñoneso setas;46.38;141.71;3.06;32.37;0.14;0.44;2019-12-01;Pre-covid;Pre-covid
2019;12;La rioja;Lechuga/esc /endivia;104.5;291.4;2.79;54.66;0.32;0.9;2019-12-01;Pre-covid;Pre-covid
2019;12;La rioja;Esparragos;2.66;17.75;6.68;5.35;0.01;0.05;2019-12-01;Pre-covid;Pre-covid
2019;12;La rioja;Verduras de hoja;116.72;218.94;1.88;25.02;0.36;0.68;2019-12-01;Pre-covid;Pre-covid
2019;12;La rioja;Berenjenas;21.89;51.95;2.37;20.54;0.07;0.16;2019-12-01;Pre-covid;Pre-covid
2019;12;La rioja;Zanahorias;77.3;72.41;0.94;64.59;0.24;0.22;2019-12-01;Pre-covid;Pre-covid
2019;12;La rioja;Calabacines;82.24;131.02;1.59;51.35;0.25;0.4;2019-12-01;Pre-covid;Pre-covid
2019;12;La rioja;Otr hortalizas/verd ;270.29;467.44;1.73;60.81;0.83;1.44;2019-12-01;Pre-covid;Pre-covid
2019;12;La rioja;Brocoli;51.12;46.79;0.92;12.51;0.16;0.14;2019-12-01;Pre-covid;Pre-covid
2019;12;La rioja;Alcachofas;16.71;45.92;2.75;4.92;0.05;0.14;2019-12-01;Pre-covid;Pre-covid
2019;12;La rioja;Apio;18.95;28.08;1.48;7.67;0.06;0.09;2019-12-01;Pre-covid;Pre-covid
2019;12;La rioja;Coliflor;11.27;25.72;2.28;8.84;0.03;0.08;2019-12-01;Pre-covid;Pre-covid
2019;12;La rioja;Verd /hort  iv gama;66.46;194.92;2.93;36.94;0.21;0.6;2019-12-01;Pre-covid;Pre-covid
2019;12;La rioja;Puerro;28.53;86.65;3.04;24.73;0.09;0.27;2019-12-01;Pre-covid;Pre-covid
2019;12;Madrid;Patatas;13925.76;13395.55;0.96;78.97;2.2;2.12;2019-12-01;Pre-covid;Pre-covid
2019;12;Madrid;Patatas frescas;9049.61;8110.18;0.9;65.35;1.43;1.28;2019-12-01;Pre-covid;Pre-covid
2019;12;Madrid;Patatas congeladas;509.13;656.96;1.29;10.23;0.08;0.1;2019-12-01;Pre-covid;Pre-covid
2019;12;Madrid;Patatas procesadas;873.4;4628.41;5.3;51.81;0.14;0.73;2019-12-01;Pre-covid;Pre-covid
2019;12;Madrid;Patatas fritas;681.59;4324.47;6.34;49.45;0.11;0.68;2019-12-01;Pre-covid;Pre-covid
2019;12;Madrid;Hortalizas frescas;24875.46;48753.91;1.96;96.55;3.93;7.71;2019-12-01;Pre-covid;Pre-covid
2019;12;Madrid;Omates;5025.38;9289.48;1.85;78.09;0.79;1.47;2019-12-01;Pre-covid;Pre-covid
2019;12;Madrid;Cebollas;3147.9;3846.49;1.22;62.53;0.5;0.61;2019-12-01;Pre-covid;Pre-covid
2019;12;Madrid;Ajos;364.76;1586.32;4.35;40.72;0.06;0.25;2019-12-01;Pre-covid;Pre-covid
2019;12;Madrid;Coles;1012.86;1216.79;1.2;25.73;0.16;0.19;2019-12-01;Pre-covid;Pre-covid
2019;12;Madrid;Pepinos;504.62;740.46;1.47;23.79;0.08;0.12;2019-12-01;Pre-covid;Pre-covid
2019;12;Madrid;Judias verdes;715.36;2114.59;2.96;28.11;0.11;0.33;2019-12-01;Pre-covid;Pre-covid
2019;12;Madrid;Pimientos;2107.76;3995.09;1.9;64.99;0.33;0.63;2019-12-01;Pre-covid;Pre-covid
2019;12;Madrid;Champiñoneso setas;872.11;3371.98;3.87;43.71;0.14;0.53;2019-12-01;Pre-covid;Pre-covid
2019;12;Madrid;Lechuga/esc /endivia;1566.86;4762.84;3.04;62.21;0.25;0.75;2019-12-01;Pre-covid;Pre-covid
2019;12;Madrid;Esparragos;192.8;703.02;3.65;8.55;0.03;0.11;2019-12-01;Pre-covid;Pre-covid
2019;12;Madrid;Verduras de hoja;530.2;1408.1;2.66;24.4;0.08;0.22;2019-12-01;Pre-covid;Pre-covid
2019;12;Madrid;Berenjenas;633.4;1021.29;1.61;26.11;0.1;0.16;2019-12-01;Pre-covid;Pre-covid
2019;12;Madrid;Zanahorias;1722.63;1541.19;0.89;53.73;0.27;0.24;2019-12-01;Pre-covid;Pre-covid
2019;12;Madrid;Calabacines;2090.68;2799.91;1.34;56.85;0.33;0.44;2019-12-01;Pre-covid;Pre-covid
2019;12;Madrid;Otr hortalizas/verd ;4388.15;10356.38;2.36;76.22;0.69;1.64;2019-12-01;Pre-covid;Pre-covid
2019;12;Madrid;Brocoli;676.21;1352.99;2.0;21.85;0.11;0.21;2019-12-01;Pre-covid;Pre-covid
2019;12;Madrid;Alcachofas;258.91;734.99;2.84;8.2;0.04;0.12;2019-12-01;Pre-covid;Pre-covid
2019;12;Madrid;Apio;244.27;363.8;1.49;10.64;0.04;0.06;2019-12-01;Pre-covid;Pre-covid
2019;12;Madrid;Coliflor;234.97;441.55;1.88;8.02;0.04;0.07;2019-12-01;Pre-covid;Pre-covid
2019;12;Madrid;Verd /hort  iv gama;2942.18;8814.19;3.0;65.83;0.46;1.39;2019-12-01;Pre-covid;Pre-covid
2019;12;Madrid;Puerro;587.5;1457.46;2.48;33.58;0.09;0.23;2019-12-01;Pre-covid;Pre-covid
2019;12;Murcia;Patatas;2844.65;2719.44;0.96;78.28;1.98;1.89;2019-12-01;Pre-covid;Pre-covid
2019;12;Murcia;Patatas frescas;2030.76;1739.29;0.86;59.56;1.41;1.21;2019-12-01;Pre-covid;Pre-covid
2019;12;Murcia;Patatas congeladas;88.77;109.64;1.24;11.69;0.06;0.08;2019-12-01;Pre-covid;Pre-covid
2019;12;Murcia;Patatas procesadas;145.03;870.51;6.0;54.29;0.1;0.6;2019-12-01;Pre-covid;Pre-covid
2019;12;Murcia;Patatas fritas;135.47;853.67;6.3;53.73;0.09;0.59;2019-12-01;Pre-covid;Pre-covid
2019;12;Murcia;Hortalizas frescas;6619.14;12408.02;1.87;97.09;4.6;8.62;2019-12-01;Pre-covid;Pre-covid
2019;12;Murcia;Omates;1375.02;2444.76;1.78;78.96;0.95;1.7;2019-12-01;Pre-covid;Pre-covid
2019;12;Murcia;Cebollas;836.55;894.07;1.07;59.6;0.58;0.62;2019-12-01;Pre-covid;Pre-covid
2019;12;Murcia;Ajos;101.84;388.26;3.81;41.2;0.07;0.27;2019-12-01;Pre-covid;Pre-covid
2019;12;Murcia;Coles;127.49;150.8;1.18;18.84;0.09;0.1;2019-12-01;Pre-covid;Pre-covid
2019;12;Murcia;Pepinos;239.66;330.07;1.38;30.72;0.17;0.23;2019-12-01;Pre-covid;Pre-covid
2019;12;Murcia;Judias verdes;193.11;601.24;3.11;38.78;0.13;0.42;2019-12-01;Pre-covid;Pre-covid
2019;12;Murcia;Pimientos;461.69;895.5;1.94;62.38;0.32;0.62;2019-12-01;Pre-covid;Pre-covid
2019;12;Murcia;Champiñoneso setas;171.63;780.41;4.55;44.79;0.12;0.54;2019-12-01;Pre-covid;Pre-covid
2019;12;Murcia;Lechuga/esc /endivia;540.99;1431.22;2.65;70.2;0.38;0.99;2019-12-01;Pre-covid;Pre-covid
2019;12;Murcia;Esparragos;77.81;196.83;2.53;13.6;0.05;0.14;2019-12-01;Pre-covid;Pre-covid
2019;12;Murcia;Verduras de hoja;99.49;244.9;2.46;26.92;0.07;0.17;2019-12-01;Pre-covid;Pre-covid
2019;12;Murcia;Berenjenas;214.96;340.52;1.58;34.71;0.15;0.24;2019-12-01;Pre-covid;Pre-covid
2019;12;Murcia;Zanahorias;301.39;267.32;0.89;49.34;0.21;0.19;2019-12-01;Pre-covid;Pre-covid
2019;12;Murcia;Calabacines;396.35;595.57;1.5;49.21;0.28;0.41;2019-12-01;Pre-covid;Pre-covid
2019;12;Murcia;Otr hortalizas/verd ;1481.18;2846.54;1.92;81.83;1.03;1.98;2019-12-01;Pre-covid;Pre-covid
2019;12;Murcia;Brocoli;234.1;335.89;1.43;25.58;0.16;0.23;2019-12-01;Pre-covid;Pre-covid
2019;12;Murcia;Alcachofas;194.57;463.03;2.38;27.64;0.14;0.32;2019-12-01;Pre-covid;Pre-covid
2019;12;Murcia;Apio;47.2;79.17;1.68;11.96;0.03;0.05;2019-12-01;Pre-covid;Pre-covid
2019;12;Murcia;Coliflor;74.68;143.36;1.92;8.83;0.05;0.1;2019-12-01;Pre-covid;Pre-covid
2019;12;Murcia;Verd /hort  iv gama;473.49;1480.95;3.13;60.82;0.33;1.03;2019-12-01;Pre-covid;Pre-covid
2019;12;Murcia;Puerro;81.31;238.09;2.93;27.44;0.06;0.17;2019-12-01;Pre-covid;Pre-covid
2019;12;Navarra;Patatas;1215.46;1185.43;0.98;60.91;2.03;1.98;2019-12-01;Pre-covid;Pre-covid
2019;12;Navarra;Patatas frescas;978.95;875.65;0.89;53.71;1.64;1.46;2019-12-01;Pre-covid;Pre-covid
2019;12;Navarra;Patatas congeladas;39.74;53.99;1.36;4.66;0.07;0.09;2019-12-01;Pre-covid;Pre-covid
2019;12;Navarra;Patatas procesadas;39.36;255.8;6.5;26.4;0.07;0.43;2019-12-01;Pre-covid;Pre-covid
2019;12;Navarra;Patatas fritas;35.85;252.18;7.03;25.68;0.06;0.42;2019-12-01;Pre-covid;Pre-covid
2019;12;Navarra;Hortalizas frescas;2847.25;6033.99;2.12;94.97;4.76;10.09;2019-12-01;Pre-covid;Pre-covid
2019;12;Navarra;Omates;223.15;380.6;1.71;44.74;0.37;0.64;2019-12-01;Pre-covid;Pre-covid
2019;12;Navarra;Cebollas;264.2;374.13;1.42;64.43;0.44;0.63;2019-12-01;Pre-covid;Pre-covid
2019;12;Navarra;Ajos;24.7;216.71;8.78;28.24;0.04;0.36;2019-12-01;Pre-covid;Pre-covid
2019;12;Navarra;Coles;80.31;94.57;1.18;13.7;0.13;0.16;2019-12-01;Pre-covid;Pre-covid
2019;12;Navarra;Pepinos;48.75;80.48;1.65;19.61;0.08;0.13;2019-12-01;Pre-covid;Pre-covid
2019;12;Navarra;Judias verdes;58.5;188.51;3.22;28.35;0.1;0.32;2019-12-01;Pre-covid;Pre-covid
2019;12;Navarra;Pimientos;101.31;196.22;1.94;47.51;0.17;0.33;2019-12-01;Pre-covid;Pre-covid
2019;12;Navarra;Champiñoneso setas;105.17;531.29;5.05;43.41;0.18;0.89;2019-12-01;Pre-covid;Pre-covid
2019;12;Navarra;Lechuga/esc /endivia;326.25;907.99;2.78;68.4;0.55;1.52;2019-12-01;Pre-covid;Pre-covid
2019;12;Navarra;Esparragos;1.8;9.95;5.52;1.29;0.0;0.02;2019-12-01;Pre-covid;Pre-covid
2019;12;Navarra;Verduras de hoja;61.48;121.31;1.97;19.62;0.1;0.2;2019-12-01;Pre-covid;Pre-covid
2019;12;Navarra;Berenjenas;88.15;138.04;1.57;16.86;0.15;0.23;2019-12-01;Pre-covid;Pre-covid
2019;12;Navarra;Zanahorias;93.76;87.46;0.93;40.13;0.16;0.15;2019-12-01;Pre-covid;Pre-covid
2019;12;Navarra;Calabacines;138.18;199.95;1.45;40.58;0.23;0.33;2019-12-01;Pre-covid;Pre-covid
2019;12;Navarra;Otr hortalizas/verd ;1231.55;2506.8;2.04;68.87;2.06;4.19;2019-12-01;Pre-covid;Pre-covid
2019;12;Navarra;Brocoli;165.45;173.37;1.05;28.03;0.28;0.29;2019-12-01;Pre-covid;Pre-covid
2019;12;Navarra;Alcachofas;79.47;200.65;2.52;8.86;0.13;0.34;2019-12-01;Pre-covid;Pre-covid
2019;12;Navarra;Apio;1.89;4.13;2.19;1.66;0.0;0.01;2019-12-01;Pre-covid;Pre-covid
2019;12;Navarra;Coliflor;6.32;13.38;2.12;1.83;0.01;0.02;2019-12-01;Pre-covid;Pre-covid
2019;12;Navarra;Verd /hort  iv gama;242.26;780.93;3.22;60.6;0.41;1.31;2019-12-01;Pre-covid;Pre-covid
2019;12;Navarra;Puerro;84.24;316.51;3.76;32.79;0.14;0.53;2019-12-01;Pre-covid;Pre-covid
2019;12;Pais vasco;Patatas;5459.13;5358.84;0.98;80.43;2.58;2.54;2019-12-01;Pre-covid;Pre-covid
2019;12;Pais vasco;Patatas frescas;4321.58;4093.26;0.95;69.02;2.04;1.94;2019-12-01;Pre-covid;Pre-covid
2019;12;Pais vasco;Patatas congeladas;109.62;151.19;1.38;6.54;0.05;0.07;2019-12-01;Pre-covid;Pre-covid
2019;12;Pais vasco;Patatas procesadas;205.58;1114.4;5.42;39.77;0.1;0.53;2019-12-01;Pre-covid;Pre-covid
2019;12;Pais vasco;Patatas fritas;155.14;1039.87;6.7;37.53;0.07;0.49;2019-12-01;Pre-covid;Pre-covid
2019;12;Pais vasco;Hortalizas frescas;9651.82;20182.14;2.09;97.15;4.57;9.55;2019-12-01;Pre-covid;Pre-covid
2019;12;Pais vasco;Omates;1498.68;3113.65;2.08;65.66;0.71;1.47;2019-12-01;Pre-covid;Pre-covid
2019;12;Pais vasco;Cebollas;1636.15;2159.92;1.32;67.42;0.77;1.02;2019-12-01;Pre-covid;Pre-covid
2019;12;Pais vasco;Ajos;133.01;623.91;4.69;36.87;0.06;0.3;2019-12-01;Pre-covid;Pre-covid
2019;12;Pais vasco;Coles;238.14;303.26;1.27;16.04;0.11;0.14;2019-12-01;Pre-covid;Pre-covid
2019;12;Pais vasco;Pepinos;127.37;190.7;1.5;13.62;0.06;0.09;2019-12-01;Pre-covid;Pre-covid
2019;12;Pais vasco;Judias verdes;284.89;911.95;3.2;30.98;0.13;0.43;2019-12-01;Pre-covid;Pre-covid
2019;12;Pais vasco;Pimientos;808.77;1724.51;2.13;60.7;0.38;0.82;2019-12-01;Pre-covid;Pre-covid
2019;12;Pais vasco;Champiñoneso setas;404.08;1847.41;4.57;47.1;0.19;0.87;2019-12-01;Pre-covid;Pre-covid
2019;12;Pais vasco;Lechuga/esc /endivia;1063.68;2593.34;2.44;63.36;0.5;1.23;2019-12-01;Pre-covid;Pre-covid
2019;12;Pais vasco;Esparragos;24.51;167.9;6.85;5.78;0.01;0.08;2019-12-01;Pre-covid;Pre-covid
2019;12;Pais vasco;Verduras de hoja;258.8;681.69;2.63;26.88;0.12;0.32;2019-12-01;Pre-covid;Pre-covid
2019;12;Pais vasco;Berenjenas;113.1;188.13;1.66;16.84;0.05;0.09;2019-12-01;Pre-covid;Pre-covid
2019;12;Pais vasco;Zanahorias;684.04;665.76;0.97;57.97;0.32;0.31;2019-12-01;Pre-covid;Pre-covid
2019;12;Pais vasco;Calabacines;697.4;1039.04;1.49;40.64;0.33;0.49;2019-12-01;Pre-covid;Pre-covid
2019;12;Pais vasco;Otr hortalizas/verd ;1679.22;3970.97;2.36;68.54;0.79;1.88;2019-12-01;Pre-covid;Pre-covid
2019;12;Pais vasco;Brocoli;253.0;419.0;1.66;13.8;0.12;0.2;2019-12-01;Pre-covid;Pre-covid
2019;12;Pais vasco;Alcachofas;108.62;266.94;2.46;8.3;0.05;0.13;2019-12-01;Pre-covid;Pre-covid
2019;12;Pais vasco;Apio;30.55;55.98;1.83;5.17;0.01;0.03;2019-12-01;Pre-covid;Pre-covid
2019;12;Pais vasco;Coliflor;81.19;135.23;1.67;5.24;0.04;0.06;2019-12-01;Pre-covid;Pre-covid
2019;12;Pais vasco;Verd /hort  iv gama;1277.25;3229.14;2.53;60.27;0.6;1.53;2019-12-01;Pre-covid;Pre-covid
2019;12;Pais vasco;Puerro;271.26;918.65;3.39;40.93;0.13;0.43;2019-12-01;Pre-covid;Pre-covid
2019;12;Valencia;Patatas;10955.43;10826.02;0.99;85.55;2.26;2.23;2019-12-01;Pre-covid;Pre-covid
2019;12;Valencia;Patatas frescas;7261.32;6850.28;0.94;69.76;1.5;1.41;2019-12-01;Pre-covid;Pre-covid
2019;12;Valencia;Patatas congeladas;388.35;535.96;1.38;11.47;0.08;0.11;2019-12-01;Pre-covid;Pre-covid
2019;12;Valencia;Patatas procesadas;661.15;3439.78;5.2;58.76;0.14;0.71;2019-12-01;Pre-covid;Pre-covid
2019;12;Valencia;Patatas fritas;551.48;3284.94;5.96;57.22;0.11;0.68;2019-12-01;Pre-covid;Pre-covid
2019;12;Valencia;Hortalizas frescas;23616.72;46904.44;1.99;96.33;4.86;9.66;2019-12-01;Pre-covid;Pre-covid
2019;12;Valencia;Omates;4740.65;8368.95;1.77;77.27;0.98;1.72;2019-12-01;Pre-covid;Pre-covid
2019;12;Valencia;Cebollas;2863.65;3431.28;1.2;66.34;0.59;0.71;2019-12-01;Pre-covid;Pre-covid
2019;12;Valencia;Ajos;245.28;1158.58;4.72;30.72;0.05;0.24;2019-12-01;Pre-covid;Pre-covid
2019;12;Valencia;Coles;457.18;613.06;1.34;17.95;0.09;0.13;2019-12-01;Pre-covid;Pre-covid
2019;12;Valencia;Pepinos;692.86;987.62;1.43;32.42;0.14;0.2;2019-12-01;Pre-covid;Pre-covid
2019;12;Valencia;Judias verdes;572.43;1898.14;3.32;31.95;0.12;0.39;2019-12-01;Pre-covid;Pre-covid
2019;12;Valencia;Pimientos;1796.44;3362.73;1.87;59.16;0.37;0.69;2019-12-01;Pre-covid;Pre-covid
2019;12;Valencia;Champiñoneso setas;940.31;4050.89;4.31;50.0;0.19;0.83;2019-12-01;Pre-covid;Pre-covid
2019;12;Valencia;Lechuga/esc /endivia;1504.78;4309.16;2.86;66.62;0.31;0.89;2019-12-01;Pre-covid;Pre-covid
2019;12;Valencia;Esparragos;189.07;451.33;2.39;8.3;0.04;0.09;2019-12-01;Pre-covid;Pre-covid
2019;12;Valencia;Verduras de hoja;763.7;1806.26;2.37;33.05;0.16;0.37;2019-12-01;Pre-covid;Pre-covid
2019;12;Valencia;Berenjenas;839.62;1410.28;1.68;36.19;0.17;0.29;2019-12-01;Pre-covid;Pre-covid
2019;12;Valencia;Zanahorias;1362.15;1170.72;0.86;54.36;0.28;0.24;2019-12-01;Pre-covid;Pre-covid
2019;12;Valencia;Calabacines;1388.88;1967.75;1.42;51.62;0.29;0.41;2019-12-01;Pre-covid;Pre-covid
2019;12;Valencia;Otr hortalizas/verd ;5259.72;11917.72;2.27;78.21;1.08;2.45;2019-12-01;Pre-covid;Pre-covid
2019;12;Valencia;Brocoli;493.81;912.92;1.85;17.66;0.1;0.19;2019-12-01;Pre-covid;Pre-covid
2019;12;Valencia;Alcachofas;1089.61;2537.25;2.33;30.98;0.22;0.52;2019-12-01;Pre-covid;Pre-covid
2019;12;Valencia;Apio;201.98;304.25;1.51;12.77;0.04;0.06;2019-12-01;Pre-covid;Pre-covid
2019;12;Valencia;Coliflor;246.72;484.91;1.97;9.88;0.05;0.1;2019-12-01;Pre-covid;Pre-covid
2019;12;Valencia;Verd /hort  iv gama;2672.45;7672.71;2.87;66.73;0.55;1.58;2019-12-01;Pre-covid;Pre-covid
2019;12;Valencia;Puerro;358.4;1068.77;2.98;30.05;0.07;0.22;2019-12-01;Pre-covid;Pre-covid
2019;12;Nacional;Frutas frescas;298690.59;485524.89;1.63;94.58;6.48;10.53;2019-12-01;Pre-covid;Pre-covid
2019;12;Nacional;Naranjas;66124.7;66011.01;1.0;53.55;1.43;1.43;2019-12-01;Pre-covid;Pre-covid
2019;12;Nacional;Mandarinas;41037.62;58278.69;1.42;59.47;0.89;1.26;2019-12-01;Pre-covid;Pre-covid
2019;12;Nacional;Limones;9663.33;15637.74;1.62;39.53;0.21;0.34;2019-12-01;Pre-covid;Pre-covid
2019;12;Nacional;Platanos;45653.18;78111.73;1.71;76.23;0.99;1.69;2019-12-01;Pre-covid;Pre-covid
2019;12;Nacional;Manzanas;35911.54;52827.4;1.47;61.01;0.78;1.15;2019-12-01;Pre-covid;Pre-covid
2019;12;Nacional;Peras;17922.78;27889.0;1.56;45.65;0.39;0.6;2019-12-01;Pre-covid;Pre-covid
2019;12;Nacional;Melocotones;222.96;433.05;1.94;1.13;0.0;0.01;2019-12-01;Pre-covid;Pre-covid
2019;12;Nacional;Nectarinas;566.84;989.81;1.75;1.98;0.01;0.02;2019-12-01;Pre-covid;Pre-covid
2019;12;Nacional;Albaricoques;130.87;362.29;2.77;0.85;0.0;0.01;2019-12-01;Pre-covid;Pre-covid
2019;12;Nacional;Fresas/freson;1214.82;5499.48;4.53;6.66;0.03;0.12;2019-12-01;Pre-covid;Pre-covid
2019;12;Nacional;Melon;8014.95;13529.71;1.69;13.7;0.17;0.29;2019-12-01;Pre-covid;Pre-covid
2019;12;Nacional;Sandia;373.85;652.12;1.74;0.81;0.01;0.01;2019-12-01;Pre-covid;Pre-covid
2019;12;Nacional;Ciruelas;1417.89;2147.06;1.51;6.53;0.03;0.05;2019-12-01;Pre-covid;Pre-covid
2019;12;Nacional;Cerezas;211.2;1028.1;4.87;1.96;0.0;0.02;2019-12-01;Pre-covid;Pre-covid
2019;12;Nacional;Uvas;11235.57;29617.31;2.64;43.88;0.24;0.64;2019-12-01;Pre-covid;Pre-covid
2019;12;Nacional;Kiwi;11289.49;33875.78;3.0;36.73;0.24;0.73;2019-12-01;Pre-covid;Pre-covid
2019;12;Nacional;Aguacate;6040.83;20229.94;3.35;31.62;0.13;0.44;2019-12-01;Pre-covid;Pre-covid
2019;12;Nacional;Piña;15665.02;20975.07;1.34;33.55;0.34;0.45;2019-12-01;Pre-covid;Pre-covid
2019;12;Nacional;Otras frutas frescas;25993.14;57429.6;2.21;54.02;0.56;1.25;2019-12-01;Pre-covid;Pre-covid
2019;12;Nacional;Pomelo;1031.61;2121.15;2.06;2.89;0.02;0.05;2019-12-01;Pre-covid;Pre-covid
2019;12;Nacional;Chirimoya;11.34;54.33;4.79;0.1;0.0;0.0;2019-12-01;Pre-covid;Pre-covid
2019;12;Nacional;Mango;3457.17;8734.06;2.53;14.55;0.07;0.19;2019-12-01;Pre-covid;Pre-covid
2019;12;Nacional;Frutas iv gama;11557.72;21330.49;1.85;25.16;0.25;0.46;2019-12-01;Pre-covid;Pre-covid
2019;12;Andalucia;Frutas frescas;44506.89;72047.16;1.62;93.31;5.13;8.3;2019-12-01;Pre-covid;Pre-covid
2019;12;Andalucia;Naranjas;8978.5;8882.86;0.99;46.38;1.03;1.02;2019-12-01;Pre-covid;Pre-covid
2019;12;Andalucia;Mandarinas;5601.17;7693.19;1.37;55.66;0.65;0.89;2019-12-01;Pre-covid;Pre-covid
2019;12;Andalucia;Limones;1778.94;2816.13;1.58;31.65;0.2;0.32;2019-12-01;Pre-covid;Pre-covid
2019;12;Andalucia;Platanos;7333.43;11681.03;1.59;76.72;0.84;1.35;2019-12-01;Pre-covid;Pre-covid
2019;12;Andalucia;Manzanas;5202.73;7710.57;1.48;55.05;0.6;0.89;2019-12-01;Pre-covid;Pre-covid
2019;12;Andalucia;Peras;2911.92;4433.4;1.52;45.24;0.34;0.51;2019-12-01;Pre-covid;Pre-covid
2019;12;Andalucia;Melocotones;19.7;39.12;1.99;0.49;0.0;0.0;2019-12-01;Pre-covid;Pre-covid
2019;12;Andalucia;Nectarinas;194.59;328.82;1.69;3.39;0.02;0.04;2019-12-01;Pre-covid;Pre-covid
2019;12;Andalucia;Albaricoques;13.16;45.96;3.49;0.56;0.0;0.01;2019-12-01;Pre-covid;Pre-covid
2019;12;Andalucia;Fresas/freson;122.06;652.85;5.35;6.24;0.01;0.08;2019-12-01;Pre-covid;Pre-covid
2019;12;Andalucia;Melon;1103.08;1801.47;1.63;12.86;0.13;0.21;2019-12-01;Pre-covid;Pre-covid
2019;12;Andalucia;Sandia;41.12;101.27;2.46;0.88;0.0;0.01;2019-12-01;Pre-covid;Pre-covid
2019;12;Andalucia;Ciruelas;249.66;371.7;1.49;6.42;0.03;0.04;2019-12-01;Pre-covid;Pre-covid
2019;12;Andalucia;Cerezas;20.27;99.03;4.89;0.8;0.0;0.01;2019-12-01;Pre-covid;Pre-covid
2019;12;Andalucia;Uvas;1806.05;4704.42;2.6;41.34;0.21;0.54;2019-12-01;Pre-covid;Pre-covid
2019;12;Andalucia;Kiwi;1525.15;4562.1;2.99;34.58;0.18;0.53;2019-12-01;Pre-covid;Pre-covid
2019;12;Andalucia;Aguacate;986.23;3144.55;3.19;33.17;0.11;0.36;2019-12-01;Pre-covid;Pre-covid
2019;12;Andalucia;Piña;2396.56;2999.21;1.25;32.0;0.28;0.35;2019-12-01;Pre-covid;Pre-covid
2019;12;Andalucia;Otras frutas frescas;4222.57;9979.51;2.36;52.75;0.49;1.15;2019-12-01;Pre-covid;Pre-covid
2019;12;Andalucia;Pomelo;96.03;160.6;1.67;1.85;0.01;0.02;2019-12-01;Pre-covid;Pre-covid
2019;12;Andalucia;Chirimoya;0.66;4.48;6.82;0.04;0.0;0.0;2019-12-01;Pre-covid;Pre-covid
2019;12;Andalucia;Mango;617.15;1470.11;2.38;17.22;0.07;0.17;2019-12-01;Pre-covid;Pre-covid
2019;12;Andalucia;Frutas iv gama;2282.05;3959.22;1.73;28.45;0.26;0.46;2019-12-01;Pre-covid;Pre-covid
2019;12;Aragon;Frutas frescas;9686.07;15336.28;1.58;98.49;7.4;11.71;2019-12-01;Pre-covid;Pre-covid
2019;12;Aragon;Naranjas;1975.5;1951.25;0.99;59.04;1.51;1.49;2019-12-01;Pre-covid;Pre-covid
2019;12;Aragon;Mandarinas;1968.26;2477.24;1.26;75.07;1.5;1.89;2019-12-01;Pre-covid;Pre-covid
2019;12;Aragon;Limones;315.67;535.71;1.7;58.33;0.24;0.41;2019-12-01;Pre-covid;Pre-covid
2019;12;Aragon;Platanos;1165.74;1952.58;1.67;76.51;0.89;1.49;2019-12-01;Pre-covid;Pre-covid
2019;12;Aragon;Manzanas;1110.25;1655.3;1.49;64.47;0.85;1.26;2019-12-01;Pre-covid;Pre-covid
2019;12;Aragon;Peras;617.89;933.41;1.51;56.08;0.47;0.71;2019-12-01;Pre-covid;Pre-covid
2019;12;Aragon;Melocotones;20.52;49.36;2.41;3.02;0.02;0.04;2019-12-01;Pre-covid;Pre-covid
2019;12;Aragon;Nectarinas;1.84;2.3;1.25;0.12;0.0;0.0;2019-12-01;Pre-covid;Pre-covid
2019;12;Aragon;Albaricoques;23.39;28.76;1.23;5.39;0.02;0.02;2019-12-01;Pre-covid;Pre-covid
2019;12;Aragon;Fresas/freson;33.31;200.53;6.02;11.94;0.03;0.15;2019-12-01;Pre-covid;Pre-covid
2019;12;Aragon;Melon;186.59;298.3;1.6;14.52;0.14;0.23;2019-12-01;Pre-covid;Pre-covid
2019;12;Aragon;Sandia;39.43;54.85;1.39;1.42;0.03;0.04;2019-12-01;Pre-covid;Pre-covid
2019;12;Aragon;Ciruelas;45.86;66.28;1.45;7.71;0.04;0.05;2019-12-01;Pre-covid;Pre-covid
2019;12;Aragon;Cerezas;25.65;209.12;8.15;8.17;0.02;0.16;2019-12-01;Pre-covid;Pre-covid
2019;12;Aragon;Uvas;326.84;872.25;2.67;45.99;0.25;0.67;2019-12-01;Pre-covid;Pre-covid
2019;12;Aragon;Kiwi;306.88;1031.67;3.36;37.44;0.23;0.79;2019-12-01;Pre-covid;Pre-covid
2019;12;Aragon;Aguacate;154.1;548.24;3.56;31.62;0.12;0.42;2019-12-01;Pre-covid;Pre-covid
2019;12;Aragon;Piña;563.41;758.0;1.35;41.29;0.43;0.58;2019-12-01;Pre-covid;Pre-covid
2019;12;Aragon;Otras frutas frescas;804.94;1711.12;2.13;58.18;0.61;1.31;2019-12-01;Pre-covid;Pre-covid
2019;12;Aragon;Pomelo;6.15;17.93;2.92;1.17;0.0;0.01;2019-12-01;Pre-covid;Pre-covid
2019;12;Aragon;Chirimoya;0.0;0.0;0.0;0.0;0.0;0.0;2019-12-01;Pre-covid;Pre-covid
2019;12;Aragon;Mango;109.23;284.42;2.6;13.08;0.08;0.22;2019-12-01;Pre-covid;Pre-covid
2019;12;Aragon;Frutas iv gama;372.59;642.37;1.72;24.75;0.28;0.49;2019-12-01;Pre-covid;Pre-covid
2019;12;Asturias;Frutas frescas;7333.89;11452.22;1.56;97.22;6.82;10.66;2019-12-01;Pre-covid;Pre-covid
2019;12;Asturias;Naranjas;2108.76;1996.64;0.95;61.04;1.96;1.86;2019-12-01;Pre-covid;Pre-covid
2019;12;Asturias;Mandarinas;907.3;1405.59;1.55;61.25;0.84;1.31;2019-12-01;Pre-covid;Pre-covid
2019;12;Asturias;Limones;181.26;323.98;1.79;35.89;0.17;0.3;2019-12-01;Pre-covid;Pre-covid
2019;12;Asturias;Platanos;1198.16;2039.07;1.7;78.84;1.11;1.9;2019-12-01;Pre-covid;Pre-covid
2019;12;Asturias;Manzanas;754.64;1034.8;1.37;61.06;0.7;0.96;2019-12-01;Pre-covid;Pre-covid
2019;12;Asturias;Peras;297.78;492.66;1.65;36.61;0.28;0.46;2019-12-01;Pre-covid;Pre-covid
2019;12;Asturias;Melocotones;1.5;3.8;2.53;0.85;0.0;0.0;2019-12-01;Pre-covid;Pre-covid
2019;12;Asturias;Nectarinas;17.85;141.6;7.93;2.26;0.02;0.13;2019-12-01;Pre-covid;Pre-covid
2019;12;Asturias;Albaricoques;5.84;6.96;1.19;0.54;0.01;0.01;2019-12-01;Pre-covid;Pre-covid
2019;12;Asturias;Fresas/freson;63.6;286.55;4.51;8.54;0.06;0.27;2019-12-01;Pre-covid;Pre-covid
2019;12;Asturias;Melon;167.69;259.28;1.55;10.77;0.16;0.24;2019-12-01;Pre-covid;Pre-covid
2019;12;Asturias;Sandia;14.01;23.07;1.65;1.97;0.01;0.02;2019-12-01;Pre-covid;Pre-covid
2019;12;Asturias;Ciruelas;12.44;18.55;1.49;4.02;0.01;0.02;2019-12-01;Pre-covid;Pre-covid
2019;12;Asturias;Cerezas;8.66;41.23;4.76;3.37;0.01;0.04;2019-12-01;Pre-covid;Pre-covid
2019;12;Asturias;Uvas;324.43;764.3;2.36;53.78;0.3;0.71;2019-12-01;Pre-covid;Pre-covid
2019;12;Asturias;Kiwi;273.86;783.56;2.86;38.86;0.25;0.73;2019-12-01;Pre-covid;Pre-covid
2019;12;Asturias;Aguacate;67.25;274.6;4.08;11.99;0.06;0.26;2019-12-01;Pre-covid;Pre-covid
2019;12;Asturias;Piña;411.68;539.4;1.31;35.35;0.38;0.5;2019-12-01;Pre-covid;Pre-covid
2019;12;Asturias;Otras frutas frescas;517.16;1016.58;1.97;48.19;0.48;0.95;2019-12-01;Pre-covid;Pre-covid
2019;12;Asturias;Pomelo;25.34;52.47;2.07;4.72;0.02;0.05;2019-12-01;Pre-covid;Pre-covid
2019;12;Asturias;Chirimoya;0.0;0.0;0.0;0.0;0.0;0.0;2019-12-01;Pre-covid;Pre-covid
2019;12;Asturias;Mango;63.1;169.18;2.68;13.89;0.06;0.16;2019-12-01;Pre-covid;Pre-covid
2019;12;Asturias;Frutas iv gama;221.6;351.86;1.59;24.55;0.21;0.33;2019-12-01;Pre-covid;Pre-covid
2019;12;Baleares;Frutas frescas;8142.63;13580.91;1.67;93.68;7.72;12.87;2019-12-01;Pre-covid;Pre-covid
2019;12;Baleares;Naranjas;1315.77;1260.52;0.96;55.8;1.25;1.19;2019-12-01;Pre-covid;Pre-covid
2019;12;Baleares;Mandarinas;965.99;1311.24;1.36;56.34;0.92;1.24;2019-12-01;Pre-covid;Pre-covid
2019;12;Baleares;Limones;213.42;352.34;1.65;39.09;0.2;0.33;2019-12-01;Pre-covid;Pre-covid
2019;12;Baleares;Platanos;1288.65;2142.41;1.66;86.62;1.22;2.03;2019-12-01;Pre-covid;Pre-covid
2019;12;Baleares;Manzanas;1040.8;1537.56;1.48;68.68;0.99;1.46;2019-12-01;Pre-covid;Pre-covid
2019;12;Baleares;Peras;393.88;622.74;1.58;45.25;0.37;0.59;2019-12-01;Pre-covid;Pre-covid
2019;12;Baleares;Melocotones;8.25;11.14;1.35;1.96;0.01;0.01;2019-12-01;Pre-covid;Pre-covid
2019;12;Baleares;Nectarinas;8.63;13.12;1.52;1.53;0.01;0.01;2019-12-01;Pre-covid;Pre-covid
2019;12;Baleares;Albaricoques;10.1;93.39;9.24;2.14;0.01;0.09;2019-12-01;Pre-covid;Pre-covid
2019;12;Baleares;Fresas/freson;25.59;74.18;2.9;5.96;0.02;0.07;2019-12-01;Pre-covid;Pre-covid
2019;12;Baleares;Melon;375.79;610.64;1.62;19.68;0.36;0.58;2019-12-01;Pre-covid;Pre-covid
2019;12;Baleares;Sandia;7.6;4.8;0.63;0.36;0.01;0.0;2019-12-01;Pre-covid;Pre-covid
2019;12;Baleares;Ciruelas;25.78;61.46;2.38;8.05;0.02;0.06;2019-12-01;Pre-covid;Pre-covid
2019;12;Baleares;Cerezas;1.65;3.29;2.0;1.08;0.0;0.0;2019-12-01;Pre-covid;Pre-covid
2019;12;Baleares;Uvas;320.98;1000.01;3.12;43.51;0.3;0.95;2019-12-01;Pre-covid;Pre-covid
2019;12;Baleares;Kiwi;375.93;1244.36;3.31;44.41;0.36;1.18;2019-12-01;Pre-covid;Pre-covid
2019;12;Baleares;Aguacate;279.99;861.85;3.08;39.42;0.27;0.82;2019-12-01;Pre-covid;Pre-covid
2019;12;Baleares;Piña;575.96;608.89;1.06;38.8;0.55;0.58;2019-12-01;Pre-covid;Pre-covid
2019;12;Baleares;Otras frutas frescas;907.88;1766.97;1.95;59.22;0.86;1.67;2019-12-01;Pre-covid;Pre-covid
2019;12;Baleares;Pomelo;8.0;14.39;1.8;0.81;0.01;0.01;2019-12-01;Pre-covid;Pre-covid
2019;12;Baleares;Chirimoya;0.0;0.0;0.0;0.0;0.0;0.0;2019-12-01;Pre-covid;Pre-covid
2019;12;Baleares;Mango;218.74;463.11;2.12;17.74;0.21;0.44;2019-12-01;Pre-covid;Pre-covid
2019;12;Baleares;Frutas iv gama;321.35;543.01;1.69;20.71;0.3;0.51;2019-12-01;Pre-covid;Pre-covid
2019;12;Canarias;Frutas frescas;13010.8;22243.13;1.71;95.44;5.89;10.07;2019-12-01;Pre-covid;Pre-covid
2019;12;Canarias;Naranjas;2619.51;2642.31;1.01;48.43;1.19;1.2;2019-12-01;Pre-covid;Pre-covid
2019;12;Canarias;Mandarinas;853.82;1278.49;1.5;40.97;0.39;0.58;2019-12-01;Pre-covid;Pre-covid
2019;12;Canarias;Limones;410.45;713.05;1.74;41.33;0.19;0.32;2019-12-01;Pre-covid;Pre-covid
2019;12;Canarias;Platanos;2727.14;4331.4;1.59;72.09;1.23;1.96;2019-12-01;Pre-covid;Pre-covid
2019;12;Canarias;Manzanas;1544.05;2303.13;1.49;70.43;0.7;1.04;2019-12-01;Pre-covid;Pre-covid
2019;12;Canarias;Peras;959.29;1566.88;1.63;42.1;0.43;0.71;2019-12-01;Pre-covid;Pre-covid
2019;12;Canarias;Melocotones;3.12;4.95;1.59;1.17;0.0;0.0;2019-12-01;Pre-covid;Pre-covid
2019;12;Canarias;Nectarinas;0.0;0.0;0.0;0.0;0.0;0.0;2019-12-01;Pre-covid;Pre-covid
2019;12;Canarias;Albaricoques;3.48;13.39;3.84;0.21;0.0;0.01;2019-12-01;Pre-covid;Pre-covid
2019;12;Canarias;Fresas/freson;3.19;27.25;8.54;1.37;0.0;0.01;2019-12-01;Pre-covid;Pre-covid
2019;12;Canarias;Melon;78.79;99.23;1.26;4.11;0.04;0.04;2019-12-01;Pre-covid;Pre-covid
2019;12;Canarias;Sandia;72.0;92.94;1.29;1.88;0.03;0.04;2019-12-01;Pre-covid;Pre-covid
2019;12;Canarias;Ciruelas;154.71;248.56;1.61;13.48;0.07;0.11;2019-12-01;Pre-covid;Pre-covid
2019;12;Canarias;Cerezas;5.36;16.98;3.17;1.66;0.0;0.01;2019-12-01;Pre-covid;Pre-covid
2019;12;Canarias;Uvas;412.23;938.73;2.28;53.64;0.19;0.42;2019-12-01;Pre-covid;Pre-covid
2019;12;Canarias;Kiwi;573.78;1555.4;2.71;34.4;0.26;0.7;2019-12-01;Pre-covid;Pre-covid
2019;12;Canarias;Aguacate;778.31;2423.3;3.11;45.91;0.35;1.1;2019-12-01;Pre-covid;Pre-covid
2019;12;Canarias;Piña;90.82;216.29;2.38;7.58;0.04;0.1;2019-12-01;Pre-covid;Pre-covid
2019;12;Canarias;Otras frutas frescas;1720.75;3770.86;2.19;64.28;0.78;1.71;2019-12-01;Pre-covid;Pre-covid
2019;12;Canarias;Pomelo;88.52;274.83;3.1;6.78;0.04;0.12;2019-12-01;Pre-covid;Pre-covid
2019;12;Canarias;Chirimoya;0.0;0.0;0.0;0.0;0.0;0.0;2019-12-01;Pre-covid;Pre-covid
2019;12;Canarias;Mango;223.38;731.18;3.27;11.86;0.1;0.33;2019-12-01;Pre-covid;Pre-covid
2019;12;Canarias;Frutas iv gama;744.52;1132.65;1.52;26.63;0.34;0.51;2019-12-01;Pre-covid;Pre-covid
2019;12;Cantabria;Frutas frescas;3712.75;5826.95;1.57;97.76;6.59;10.34;2019-12-01;Pre-covid;Pre-covid
2019;12;Cantabria;Naranjas;1292.67;1401.61;1.08;69.83;2.29;2.49;2019-12-01;Pre-covid;Pre-covid
2019;12;Cantabria;Mandarinas;409.42;587.24;1.43;51.84;0.73;1.04;2019-12-01;Pre-covid;Pre-covid
2019;12;Cantabria;Limones;78.74;139.22;1.77;34.61;0.14;0.25;2019-12-01;Pre-covid;Pre-covid
2019;12;Cantabria;Platanos;523.16;907.79;1.74;79.6;0.93;1.61;2019-12-01;Pre-covid;Pre-covid
2019;12;Cantabria;Manzanas;397.84;561.74;1.41;52.02;0.71;1.0;2019-12-01;Pre-covid;Pre-covid
2019;12;Cantabria;Peras;156.7;247.12;1.58;37.14;0.28;0.44;2019-12-01;Pre-covid;Pre-covid
2019;12;Cantabria;Melocotones;4.14;5.18;1.25;0.97;0.01;0.01;2019-12-01;Pre-covid;Pre-covid
2019;12;Cantabria;Nectarinas;0.0;0.0;0.0;0.0;0.0;0.0;2019-12-01;Pre-covid;Pre-covid
2019;12;Cantabria;Albaricoques;0.59;2.6;4.38;1.46;0.0;0.0;2019-12-01;Pre-covid;Pre-covid
2019;12;Cantabria;Fresas/freson;35.31;86.43;2.45;11.94;0.06;0.15;2019-12-01;Pre-covid;Pre-covid
2019;12;Cantabria;Melon;107.83;219.44;2.04;21.61;0.19;0.39;2019-12-01;Pre-covid;Pre-covid
2019;12;Cantabria;Sandia;0.0;0.0;0.0;0.0;0.0;0.0;2019-12-01;Pre-covid;Pre-covid
2019;12;Cantabria;Ciruelas;10.47;22.75;2.17;4.63;0.02;0.04;2019-12-01;Pre-covid;Pre-covid
2019;12;Cantabria;Cerezas;1.45;15.48;10.66;1.95;0.0;0.03;2019-12-01;Pre-covid;Pre-covid
2019;12;Cantabria;Uvas;110.88;308.47;2.78;41.46;0.2;0.55;2019-12-01;Pre-covid;Pre-covid
2019;12;Cantabria;Kiwi;134.7;433.11;3.22;28.38;0.24;0.77;2019-12-01;Pre-covid;Pre-covid
2019;12;Cantabria;Aguacate;38.62;167.72;4.34;24.29;0.07;0.3;2019-12-01;Pre-covid;Pre-covid
2019;12;Cantabria;Piña;192.33;282.15;1.47;29.18;0.34;0.5;2019-12-01;Pre-covid;Pre-covid
2019;12;Cantabria;Otras frutas frescas;217.9;438.9;2.01;49.39;0.39;0.78;2019-12-01;Pre-covid;Pre-covid
2019;12;Cantabria;Pomelo;4.99;9.35;1.87;1.94;0.01;0.02;2019-12-01;Pre-covid;Pre-covid
2019;12;Cantabria;Chirimoya;0.0;0.0;0.0;0.0;0.0;0.0;2019-12-01;Pre-covid;Pre-covid
2019;12;Cantabria;Mango;40.34;105.01;2.6;9.59;0.07;0.19;2019-12-01;Pre-covid;Pre-covid
2019;12;Cantabria;Frutas iv gama;145.72;280.44;1.92;29.71;0.26;0.5;2019-12-01;Pre-covid;Pre-covid
2019;12;Castilla la mancha;Frutas frescas;13732.37;21006.38;1.53;95.99;6.55;10.02;2019-12-01;Pre-covid;Pre-covid
2019;12;Castilla la mancha;Naranjas;2999.93;2830.16;0.94;58.2;1.43;1.35;2019-12-01;Pre-covid;Pre-covid
2019;12;Castilla la mancha;Mandarinas;2320.24;3094.6;1.33;69.28;1.11;1.48;2019-12-01;Pre-covid;Pre-covid
2019;12;Castilla la mancha;Limones;544.52;758.83;1.39;44.42;0.26;0.36;2019-12-01;Pre-covid;Pre-covid
2019;12;Castilla la mancha;Platanos;1996.38;3360.02;1.68;79.83;0.95;1.6;2019-12-01;Pre-covid;Pre-covid
2019;12;Castilla la mancha;Manzanas;1540.37;2194.31;1.42;66.76;0.74;1.05;2019-12-01;Pre-covid;Pre-covid
2019;12;Castilla la mancha;Peras;892.99;1333.54;1.49;47.2;0.43;0.64;2019-12-01;Pre-covid;Pre-covid
2019;12;Castilla la mancha;Melocotones;6.31;11.74;1.86;0.96;0.0;0.01;2019-12-01;Pre-covid;Pre-covid
2019;12;Castilla la mancha;Nectarinas;43.37;68.25;1.57;3.63;0.02;0.03;2019-12-01;Pre-covid;Pre-covid
2019;12;Castilla la mancha;Albaricoques;0.0;0.0;0.0;0.0;0.0;0.0;2019-12-01;Pre-covid;Pre-covid
2019;12;Castilla la mancha;Fresas/freson;118.57;536.22;4.52;9.09;0.06;0.26;2019-12-01;Pre-covid;Pre-covid
2019;12;Castilla la mancha;Melon;404.74;722.07;1.78;11.98;0.19;0.34;2019-12-01;Pre-covid;Pre-covid
2019;12;Castilla la mancha;Sandia;35.04;64.82;1.85;0.21;0.02;0.03;2019-12-01;Pre-covid;Pre-covid
2019;12;Castilla la mancha;Ciruelas;91.14;115.34;1.27;8.83;0.04;0.06;2019-12-01;Pre-covid;Pre-covid
2019;12;Castilla la mancha;Cerezas;0.0;0.0;0.0;0.0;0.0;0.0;2019-12-01;Pre-covid;Pre-covid
2019;12;Castilla la mancha;Uvas;372.43;980.25;2.63;36.2;0.18;0.47;2019-12-01;Pre-covid;Pre-covid
2019;12;Castilla la mancha;Kiwi;381.86;982.85;2.57;33.19;0.18;0.47;2019-12-01;Pre-covid;Pre-covid
2019;12;Castilla la mancha;Aguacate;194.62;733.73;3.77;29.28;0.09;0.35;2019-12-01;Pre-covid;Pre-covid
2019;12;Castilla la mancha;Piña;675.59;920.68;1.36;40.71;0.32;0.44;2019-12-01;Pre-covid;Pre-covid
2019;12;Castilla la mancha;Otras frutas frescas;1114.26;2298.98;2.06;52.67;0.53;1.1;2019-12-01;Pre-covid;Pre-covid
2019;12;Castilla la mancha;Pomelo;4.21;7.53;1.79;1.07;0.0;0.0;2019-12-01;Pre-covid;Pre-covid
2019;12;Castilla la mancha;Chirimoya;0.0;0.0;0.0;0.0;0.0;0.0;2019-12-01;Pre-covid;Pre-covid
2019;12;Castilla la mancha;Mango;86.51;228.49;2.64;12.86;0.04;0.11;2019-12-01;Pre-covid;Pre-covid
2019;12;Castilla la mancha;Frutas iv gama;488.45;834.54;1.71;27.13;0.23;0.4;2019-12-01;Pre-covid;Pre-covid
2019;12;Castilla leon;Frutas frescas;17287.77;26220.63;1.52;94.76;7.19;10.91;2019-12-01;Pre-covid;Pre-covid
2019;12;Castilla leon;Naranjas;4439.04;4255.22;0.96;65.19;1.85;1.77;2019-12-01;Pre-covid;Pre-covid
2019;12;Castilla leon;Mandarinas;2191.14;2945.92;1.34;63.39;0.91;1.23;2019-12-01;Pre-covid;Pre-covid
2019;12;Castilla leon;Limones;606.37;1025.71;1.69;53.71;0.25;0.43;2019-12-01;Pre-covid;Pre-covid
2019;12;Castilla leon;Platanos;2316.7;3922.04;1.69;77.13;0.96;1.63;2019-12-01;Pre-covid;Pre-covid
2019;12;Castilla leon;Manzanas;2047.49;2758.04;1.35;59.35;0.85;1.15;2019-12-01;Pre-covid;Pre-covid
2019;12;Castilla leon;Peras;1130.72;1648.53;1.46;49.25;0.47;0.69;2019-12-01;Pre-covid;Pre-covid
2019;12;Castilla leon;Melocotones;35.62;57.38;1.61;1.85;0.01;0.02;2019-12-01;Pre-covid;Pre-covid
2019;12;Castilla leon;Nectarinas;35.89;58.55;1.63;2.03;0.01;0.02;2019-12-01;Pre-covid;Pre-covid
2019;12;Castilla leon;Albaricoques;4.51;5.36;1.19;0.24;0.0;0.0;2019-12-01;Pre-covid;Pre-covid
2019;12;Castilla leon;Fresas/freson;62.32;224.91;3.61;6.92;0.03;0.09;2019-12-01;Pre-covid;Pre-covid
2019;12;Castilla leon;Melon;605.54;995.15;1.64;15.36;0.25;0.41;2019-12-01;Pre-covid;Pre-covid
2019;12;Castilla leon;Sandia;8.62;7.08;0.82;0.57;0.0;0.0;2019-12-01;Pre-covid;Pre-covid
2019;12;Castilla leon;Ciruelas;43.39;74.72;1.72;6.59;0.02;0.03;2019-12-01;Pre-covid;Pre-covid
2019;12;Castilla leon;Cerezas;23.26;76.34;3.28;0.91;0.01;0.03;2019-12-01;Pre-covid;Pre-covid
2019;12;Castilla leon;Uvas;442.27;1122.32;2.54;43.49;0.18;0.47;2019-12-01;Pre-covid;Pre-covid
2019;12;Castilla leon;Kiwi;642.41;1950.22;3.04;37.81;0.27;0.81;2019-12-01;Pre-covid;Pre-covid
2019;12;Castilla leon;Aguacate;318.27;1050.69;3.3;32.63;0.13;0.44;2019-12-01;Pre-covid;Pre-covid
2019;12;Castilla leon;Piña;885.99;1098.36;1.24;32.52;0.37;0.46;2019-12-01;Pre-covid;Pre-covid
2019;12;Castilla leon;Otras frutas frescas;1448.24;2944.1;2.03;57.59;0.6;1.22;2019-12-01;Pre-covid;Pre-covid
2019;12;Castilla leon;Pomelo;31.71;52.23;1.65;1.42;0.01;0.02;2019-12-01;Pre-covid;Pre-covid
2019;12;Castilla leon;Chirimoya;0.0;0.0;0.0;0.0;0.0;0.0;2019-12-01;Pre-covid;Pre-covid
2019;12;Castilla leon;Mango;144.12;324.53;2.25;11.73;0.06;0.14;2019-12-01;Pre-covid;Pre-covid
2019;12;Castilla leon;Frutas iv gama;562.07;995.52;1.77;22.23;0.23;0.41;2019-12-01;Pre-covid;Pre-covid
2019;12;Cataluña;Frutas frescas;51384.22;86450.97;1.68;95.32;7.18;12.08;2019-12-01;Pre-covid;Pre-covid
2019;12;Cataluña;Naranjas;11918.46;12398.99;1.04;57.3;1.67;1.73;2019-12-01;Pre-covid;Pre-covid
2019;12;Cataluña;Mandarinas;7870.51;11700.06;1.49;67.35;1.1;1.63;2019-12-01;Pre-covid;Pre-covid
2019;12;Cataluña;Limones;1447.64;2588.05;1.79;39.97;0.2;0.36;2019-12-01;Pre-covid;Pre-covid
2019;12;Cataluña;Platanos;7431.7;13449.07;1.81;75.52;1.04;1.88;2019-12-01;Pre-covid;Pre-covid
2019;12;Cataluña;Manzanas;6135.47;9033.02;1.47;63.24;0.86;1.26;2019-12-01;Pre-covid;Pre-covid
2019;12;Cataluña;Peras;3136.72;5025.7;1.6;47.82;0.44;0.7;2019-12-01;Pre-covid;Pre-covid
2019;12;Cataluña;Melocotones;49.65;129.41;2.61;1.96;0.01;0.02;2019-12-01;Pre-covid;Pre-covid
2019;12;Cataluña;Nectarinas;51.22;58.33;1.14;1.62;0.01;0.01;2019-12-01;Pre-covid;Pre-covid
2019;12;Cataluña;Albaricoques;5.14;12.9;2.51;0.2;0.0;0.0;2019-12-01;Pre-covid;Pre-covid
2019;12;Cataluña;Fresas/freson;165.38;808.11;4.89;7.54;0.02;0.11;2019-12-01;Pre-covid;Pre-covid
2019;12;Cataluña;Melon;1763.77;3037.28;1.72;18.87;0.25;0.42;2019-12-01;Pre-covid;Pre-covid
2019;12;Cataluña;Sandia;52.84;124.02;2.35;0.64;0.01;0.02;2019-12-01;Pre-covid;Pre-covid
2019;12;Cataluña;Ciruelas;254.31;428.46;1.68;6.46;0.04;0.06;2019-12-01;Pre-covid;Pre-covid
2019;12;Cataluña;Cerezas;32.74;217.27;6.64;2.54;0.0;0.03;2019-12-01;Pre-covid;Pre-covid
2019;12;Cataluña;Uvas;2033.54;5827.94;2.87;44.13;0.28;0.81;2019-12-01;Pre-covid;Pre-covid
2019;12;Cataluña;Kiwi;1729.49;5527.15;3.2;35.92;0.24;0.77;2019-12-01;Pre-covid;Pre-covid
2019;12;Cataluña;Aguacate;801.97;2939.46;3.67;31.73;0.11;0.41;2019-12-01;Pre-covid;Pre-covid
2019;12;Cataluña;Piña;2784.04;3998.71;1.44;36.45;0.39;0.56;2019-12-01;Pre-covid;Pre-covid
2019;12;Cataluña;Otras frutas frescas;3719.63;9147.03;2.46;55.04;0.52;1.28;2019-12-01;Pre-covid;Pre-covid
2019;12;Cataluña;Pomelo;117.75;216.46;1.84;1.8;0.02;0.03;2019-12-01;Pre-covid;Pre-covid
2019;12;Cataluña;Chirimoya;0.0;0.0;0.0;0.0;0.0;0.0;2019-12-01;Pre-covid;Pre-covid
2019;12;Cataluña;Mango;661.73;1660.01;2.51;18.21;0.09;0.23;2019-12-01;Pre-covid;Pre-covid
2019;12;Cataluña;Frutas iv gama;1811.48;3680.47;2.03;29.39;0.25;0.51;2019-12-01;Pre-covid;Pre-covid
2019;12;Extremadura;Frutas frescas;6753.66;10021.85;1.48;94.19;5.74;8.51;2019-12-01;Pre-covid;Pre-covid
2019;12;Extremadura;Naranjas;1951.52;2014.06;1.03;50.54;1.66;1.71;2019-12-01;Pre-covid;Pre-covid
2019;12;Extremadura;Mandarinas;777.06;1089.77;1.4;49.51;0.66;0.93;2019-12-01;Pre-covid;Pre-covid
2019;12;Extremadura;Limones;124.11;196.04;1.58;30.08;0.11;0.17;2019-12-01;Pre-covid;Pre-covid
2019;12;Extremadura;Platanos;923.58;1459.55;1.58;70.48;0.78;1.24;2019-12-01;Pre-covid;Pre-covid
2019;12;Extremadura;Manzanas;693.06;979.65;1.41;48.69;0.59;0.83;2019-12-01;Pre-covid;Pre-covid
2019;12;Extremadura;Peras;340.64;547.36;1.61;44.36;0.29;0.47;2019-12-01;Pre-covid;Pre-covid
2019;12;Extremadura;Melocotones;1.32;3.8;2.88;0.64;0.0;0.0;2019-12-01;Pre-covid;Pre-covid
2019;12;Extremadura;Nectarinas;12.54;21.53;1.72;4.77;0.01;0.02;2019-12-01;Pre-covid;Pre-covid
2019;12;Extremadura;Albaricoques;0.0;0.0;0.0;0.0;0.0;0.0;2019-12-01;Pre-covid;Pre-covid
2019;12;Extremadura;Fresas/freson;55.7;134.74;2.42;5.51;0.05;0.11;2019-12-01;Pre-covid;Pre-covid
2019;12;Extremadura;Melon;293.58;462.19;1.57;13.8;0.25;0.39;2019-12-01;Pre-covid;Pre-covid
2019;12;Extremadura;Sandia;0.0;0.0;0.0;0.0;0.0;0.0;2019-12-01;Pre-covid;Pre-covid
2019;12;Extremadura;Ciruelas;4.13;5.44;1.32;2.96;0.0;0.0;2019-12-01;Pre-covid;Pre-covid
2019;12;Extremadura;Cerezas;1.13;22.54;19.91;1.42;0.0;0.02;2019-12-01;Pre-covid;Pre-covid
2019;12;Extremadura;Uvas;205.69;453.2;2.2;43.0;0.17;0.39;2019-12-01;Pre-covid;Pre-covid
2019;12;Extremadura;Kiwi;282.2;815.02;2.89;46.19;0.24;0.69;2019-12-01;Pre-covid;Pre-covid
2019;12;Extremadura;Aguacate;135.9;438.15;3.22;34.91;0.12;0.37;2019-12-01;Pre-covid;Pre-covid
2019;12;Extremadura;Piña;387.89;416.12;1.07;22.55;0.33;0.35;2019-12-01;Pre-covid;Pre-covid
2019;12;Extremadura;Otras frutas frescas;563.62;962.69;1.71;45.04;0.48;0.82;2019-12-01;Pre-covid;Pre-covid
2019;12;Extremadura;Pomelo;6.78;12.16;1.79;1.37;0.01;0.01;2019-12-01;Pre-covid;Pre-covid
2019;12;Extremadura;Chirimoya;0.0;0.0;0.0;0.0;0.0;0.0;2019-12-01;Pre-covid;Pre-covid
2019;12;Extremadura;Mango;47.37;116.64;2.46;14.28;0.04;0.1;2019-12-01;Pre-covid;Pre-covid
2019;12;Extremadura;Frutas iv gama;328.71;516.02;1.57;14.95;0.28;0.44;2019-12-01;Pre-covid;Pre-covid
2019;12;Galicia;Frutas frescas;19850.56;32119.6;1.62;94.51;7.31;11.83;2019-12-01;Pre-covid;Pre-covid
2019;12;Galicia;Naranjas;4597.77;4666.01;1.01;55.33;1.69;1.72;2019-12-01;Pre-covid;Pre-covid
2019;12;Galicia;Mandarinas;2737.77;4134.2;1.51;59.87;1.01;1.52;2019-12-01;Pre-covid;Pre-covid
2019;12;Galicia;Limones;803.82;1114.39;1.39;44.77;0.3;0.41;2019-12-01;Pre-covid;Pre-covid
2019;12;Galicia;Platanos;2979.98;5578.93;1.87;77.12;1.1;2.05;2019-12-01;Pre-covid;Pre-covid
2019;12;Galicia;Manzanas;2588.06;3708.77;1.43;62.45;0.95;1.37;2019-12-01;Pre-covid;Pre-covid
2019;12;Galicia;Peras;958.04;1494.46;1.56;37.99;0.35;0.55;2019-12-01;Pre-covid;Pre-covid
2019;12;Galicia;Melocotones;1.01;5.31;5.25;0.32;0.0;0.0;2019-12-01;Pre-covid;Pre-covid
2019;12;Galicia;Nectarinas;35.75;73.53;2.06;3.37;0.01;0.03;2019-12-01;Pre-covid;Pre-covid
2019;12;Galicia;Albaricoques;27.99;36.97;1.32;2.4;0.01;0.01;2019-12-01;Pre-covid;Pre-covid
2019;12;Galicia;Fresas/freson;24.16;125.56;5.2;5.57;0.01;0.05;2019-12-01;Pre-covid;Pre-covid
2019;12;Galicia;Melon;294.01;450.36;1.53;8.18;0.11;0.17;2019-12-01;Pre-covid;Pre-covid
2019;12;Galicia;Sandia;22.7;38.14;1.68;0.67;0.01;0.01;2019-12-01;Pre-covid;Pre-covid
2019;12;Galicia;Ciruelas;35.15;57.68;1.64;3.52;0.01;0.02;2019-12-01;Pre-covid;Pre-covid
2019;12;Galicia;Cerezas;1.3;7.8;6.0;0.38;0.0;0.0;2019-12-01;Pre-covid;Pre-covid
2019;12;Galicia;Uvas;871.77;2282.62;2.62;40.43;0.32;0.84;2019-12-01;Pre-covid;Pre-covid
2019;12;Galicia;Kiwi;1005.95;2628.8;2.61;38.41;0.37;0.97;2019-12-01;Pre-covid;Pre-covid
2019;12;Galicia;Aguacate;292.58;993.64;3.4;25.19;0.11;0.37;2019-12-01;Pre-covid;Pre-covid
2019;12;Galicia;Piña;1051.32;1496.62;1.42;33.53;0.39;0.55;2019-12-01;Pre-covid;Pre-covid
2019;12;Galicia;Otras frutas frescas;1521.42;3225.79;2.12;48.05;0.56;1.19;2019-12-01;Pre-covid;Pre-covid
2019;12;Galicia;Pomelo;104.67;172.06;1.64;5.39;0.04;0.06;2019-12-01;Pre-covid;Pre-covid
2019;12;Galicia;Chirimoya;0.0;0.0;0.0;0.0;0.0;0.0;2019-12-01;Pre-covid;Pre-covid
2019;12;Galicia;Mango;123.41;333.09;2.7;8.59;0.05;0.12;2019-12-01;Pre-covid;Pre-covid
2019;12;Galicia;Frutas iv gama;707.48;1243.31;1.76;18.83;0.26;0.46;2019-12-01;Pre-covid;Pre-covid
2019;12;La rioja;Frutas frescas;1667.07;2812.5;1.69;87.47;5.15;8.68;2019-12-01;Pre-covid;Pre-covid
2019;12;La rioja;Naranjas;380.31;426.11;1.12;58.53;1.17;1.32;2019-12-01;Pre-covid;Pre-covid
2019;12;La rioja;Mandarinas;232.79;357.46;1.54;47.15;0.72;1.1;2019-12-01;Pre-covid;Pre-covid
2019;12;La rioja;Limones;82.43;153.66;1.86;42.29;0.25;0.47;2019-12-01;Pre-covid;Pre-covid
2019;12;La rioja;Platanos;218.54;439.62;2.01;68.47;0.67;1.36;2019-12-01;Pre-covid;Pre-covid
2019;12;La rioja;Manzanas;280.0;390.35;1.39;49.15;0.86;1.2;2019-12-01;Pre-covid;Pre-covid
2019;12;La rioja;Peras;66.81;89.2;1.34;29.99;0.21;0.28;2019-12-01;Pre-covid;Pre-covid
2019;12;La rioja;Melocotones;0.0;0.0;0.0;0.0;0.0;0.0;2019-12-01;Pre-covid;Pre-covid
2019;12;La rioja;Nectarinas;0.0;0.0;0.0;0.0;0.0;0.0;2019-12-01;Pre-covid;Pre-covid
2019;12;La rioja;Albaricoques;4.77;44.04;9.24;3.34;0.01;0.14;2019-12-01;Pre-covid;Pre-covid
2019;12;La rioja;Fresas/freson;0.42;3.17;7.5;0.59;0.0;0.01;2019-12-01;Pre-covid;Pre-covid
2019;12;La rioja;Melon;36.73;105.61;2.88;14.78;0.11;0.33;2019-12-01;Pre-covid;Pre-covid
2019;12;La rioja;Sandia;0.0;0.0;0.0;0.0;0.0;0.0;2019-12-01;Pre-covid;Pre-covid
2019;12;La rioja;Ciruelas;1.75;2.63;1.51;2.27;0.01;0.01;2019-12-01;Pre-covid;Pre-covid
2019;12;La rioja;Cerezas;0.0;0.0;0.0;0.0;0.0;0.0;2019-12-01;Pre-covid;Pre-covid
2019;12;La rioja;Uvas;51.26;135.36;2.64;25.04;0.16;0.42;2019-12-01;Pre-covid;Pre-covid
2019;12;La rioja;Kiwi;55.56;195.54;3.52;34.08;0.17;0.6;2019-12-01;Pre-covid;Pre-covid
2019;12;La rioja;Aguacate;30.8;125.56;4.08;27.99;0.1;0.39;2019-12-01;Pre-covid;Pre-covid
2019;12;La rioja;Piña;91.33;113.75;1.25;36.21;0.28;0.35;2019-12-01;Pre-covid;Pre-covid
2019;12;La rioja;Otras frutas frescas;133.58;230.42;1.72;47.66;0.41;0.71;2019-12-01;Pre-covid;Pre-covid
2019;12;La rioja;Pomelo;0.0;0.0;0.0;0.0;0.0;0.0;2019-12-01;Pre-covid;Pre-covid
2019;12;La rioja;Chirimoya;0.0;0.0;0.0;0.0;0.0;0.0;2019-12-01;Pre-covid;Pre-covid
2019;12;La rioja;Mango;9.11;27.17;2.98;11.24;0.03;0.08;2019-12-01;Pre-covid;Pre-covid
2019;12;La rioja;Frutas iv gama;24.96;31.76;1.27;4.59;0.08;0.1;2019-12-01;Pre-covid;Pre-covid
2019;12;Madrid;Frutas frescas;43849.85;72144.2;1.65;93.69;6.93;11.4;2019-12-01;Pre-covid;Pre-covid
2019;12;Madrid;Naranjas;9766.19;9534.42;0.98;59.79;1.54;1.51;2019-12-01;Pre-covid;Pre-covid
2019;12;Madrid;Mandarinas;6538.62;9434.18;1.44;66.98;1.03;1.49;2019-12-01;Pre-covid;Pre-covid
2019;12;Madrid;Limones;1241.92;2053.17;1.65;44.11;0.2;0.32;2019-12-01;Pre-covid;Pre-covid
2019;12;Madrid;Platanos;5927.41;10483.21;1.77;73.12;0.94;1.66;2019-12-01;Pre-covid;Pre-covid
2019;12;Madrid;Manzanas;5361.11;8282.61;1.54;66.0;0.85;1.31;2019-12-01;Pre-covid;Pre-covid
2019;12;Madrid;Peras;2781.33;4413.54;1.59;49.92;0.44;0.7;2019-12-01;Pre-covid;Pre-covid
2019;12;Madrid;Melocotones;15.31;28.82;1.88;0.63;0.0;0.0;2019-12-01;Pre-covid;Pre-covid
2019;12;Madrid;Nectarinas;20.1;20.25;1.01;1.07;0.0;0.0;2019-12-01;Pre-covid;Pre-covid
2019;12;Madrid;Albaricoques;10.63;28.53;2.68;0.72;0.0;0.0;2019-12-01;Pre-covid;Pre-covid
2019;12;Madrid;Fresas/freson;243.37;876.58;3.6;6.72;0.04;0.14;2019-12-01;Pre-covid;Pre-covid
2019;12;Madrid;Melon;1002.48;1693.56;1.69;12.59;0.16;0.27;2019-12-01;Pre-covid;Pre-covid
2019;12;Madrid;Sandia;53.98;84.63;1.57;0.53;0.01;0.01;2019-12-01;Pre-covid;Pre-covid
2019;12;Madrid;Ciruelas;221.59;280.0;1.26;7.61;0.04;0.04;2019-12-01;Pre-covid;Pre-covid
2019;12;Madrid;Cerezas;39.57;134.03;3.39;3.32;0.01;0.02;2019-12-01;Pre-covid;Pre-covid
2019;12;Madrid;Uvas;1736.45;4428.88;2.55;46.52;0.27;0.7;2019-12-01;Pre-covid;Pre-covid
2019;12;Madrid;Kiwi;1750.85;5143.01;2.94;39.23;0.28;0.81;2019-12-01;Pre-covid;Pre-covid
2019;12;Madrid;Aguacate;817.85;2739.65;3.35;33.51;0.13;0.43;2019-12-01;Pre-covid;Pre-covid
2019;12;Madrid;Piña;2306.63;3073.78;1.33;37.62;0.36;0.49;2019-12-01;Pre-covid;Pre-covid
2019;12;Madrid;Otras frutas frescas;4014.48;9411.34;2.34;58.32;0.63;1.49;2019-12-01;Pre-covid;Pre-covid
2019;12;Madrid;Pomelo;99.89;233.19;2.33;3.5;0.02;0.04;2019-12-01;Pre-covid;Pre-covid
2019;12;Madrid;Chirimoya;9.33;40.59;4.35;0.53;0.0;0.01;2019-12-01;Pre-covid;Pre-covid
2019;12;Madrid;Mango;530.16;1335.79;2.52;13.88;0.08;0.21;2019-12-01;Pre-covid;Pre-covid
2019;12;Madrid;Frutas iv gama;1516.73;2905.48;1.92;28.5;0.24;0.46;2019-12-01;Pre-covid;Pre-covid
2019;12;Murcia;Frutas frescas;8566.2;13167.53;1.54;96.04;5.95;9.14;2019-12-01;Pre-covid;Pre-covid
2019;12;Murcia;Naranjas;1891.94;1844.86;0.98;52.31;1.31;1.28;2019-12-01;Pre-covid;Pre-covid
2019;12;Murcia;Mandarinas;887.86;1320.11;1.49;47.96;0.62;0.92;2019-12-01;Pre-covid;Pre-covid
2019;12;Murcia;Limones;343.28;452.82;1.32;29.16;0.24;0.31;2019-12-01;Pre-covid;Pre-covid
2019;12;Murcia;Platanos;1440.15;2230.35;1.55;84.85;1.0;1.55;2019-12-01;Pre-covid;Pre-covid
2019;12;Murcia;Manzanas;1163.78;1663.48;1.43;59.12;0.81;1.16;2019-12-01;Pre-covid;Pre-covid
2019;12;Murcia;Peras;678.15;949.0;1.4;48.72;0.47;0.66;2019-12-01;Pre-covid;Pre-covid
2019;12;Murcia;Melocotones;0.0;0.0;0.0;0.0;0.0;0.0;2019-12-01;Pre-covid;Pre-covid
2019;12;Murcia;Nectarinas;0.0;0.0;0.0;0.0;0.0;0.0;2019-12-01;Pre-covid;Pre-covid
2019;12;Murcia;Albaricoques;4.85;10.63;2.19;0.6;0.0;0.01;2019-12-01;Pre-covid;Pre-covid
2019;12;Murcia;Fresas/freson;19.6;131.97;6.73;6.98;0.01;0.09;2019-12-01;Pre-covid;Pre-covid
2019;12;Murcia;Melon;230.84;446.77;1.94;20.56;0.16;0.31;2019-12-01;Pre-covid;Pre-covid
2019;12;Murcia;Sandia;9.23;15.24;1.65;3.86;0.01;0.01;2019-12-01;Pre-covid;Pre-covid
2019;12;Murcia;Ciruelas;20.11;30.02;1.49;4.17;0.01;0.02;2019-12-01;Pre-covid;Pre-covid
2019;12;Murcia;Cerezas;1.87;3.29;1.76;1.26;0.0;0.0;2019-12-01;Pre-covid;Pre-covid
2019;12;Murcia;Uvas;239.38;648.74;2.71;39.94;0.17;0.45;2019-12-01;Pre-covid;Pre-covid
2019;12;Murcia;Kiwi;298.77;921.41;3.08;31.22;0.21;0.64;2019-12-01;Pre-covid;Pre-covid
2019;12;Murcia;Aguacate;174.28;517.32;2.97;35.15;0.12;0.36;2019-12-01;Pre-covid;Pre-covid
2019;12;Murcia;Piña;605.51;753.13;1.24;37.44;0.42;0.52;2019-12-01;Pre-covid;Pre-covid
2019;12;Murcia;Otras frutas frescas;556.59;1228.37;2.21;45.29;0.39;0.85;2019-12-01;Pre-covid;Pre-covid
2019;12;Murcia;Pomelo;7.92;17.28;2.18;1.36;0.01;0.01;2019-12-01;Pre-covid;Pre-covid
2019;12;Murcia;Chirimoya;0.0;0.0;0.0;0.0;0.0;0.0;2019-12-01;Pre-covid;Pre-covid
2019;12;Murcia;Mango;80.41;185.48;2.31;16.19;0.06;0.13;2019-12-01;Pre-covid;Pre-covid
2019;12;Murcia;Frutas iv gama;154.42;377.88;2.45;20.18;0.11;0.26;2019-12-01;Pre-covid;Pre-covid
2019;12;Navarra;Frutas frescas;4531.63;7286.76;1.61;98.39;7.58;12.19;2019-12-01;Pre-covid;Pre-covid
2019;12;Navarra;Naranjas;1070.31;1138.52;1.06;49.58;1.79;1.9;2019-12-01;Pre-covid;Pre-covid
2019;12;Navarra;Mandarinas;666.23;970.42;1.46;67.34;1.11;1.62;2019-12-01;Pre-covid;Pre-covid
2019;12;Navarra;Limones;185.9;342.25;1.84;58.61;0.31;0.57;2019-12-01;Pre-covid;Pre-covid
2019;12;Navarra;Platanos;610.63;1093.49;1.79;79.8;1.02;1.83;2019-12-01;Pre-covid;Pre-covid
2019;12;Navarra;Manzanas;660.82;954.46;1.44;63.98;1.11;1.6;2019-12-01;Pre-covid;Pre-covid
2019;12;Navarra;Peras;108.83;175.61;1.61;31.64;0.18;0.29;2019-12-01;Pre-covid;Pre-covid
2019;12;Navarra;Melocotones;0.0;0.0;0.0;0.0;0.0;0.0;2019-12-01;Pre-covid;Pre-covid
2019;12;Navarra;Nectarinas;0.0;0.0;0.0;0.0;0.0;0.0;2019-12-01;Pre-covid;Pre-covid
2019;12;Navarra;Albaricoques;2.3;5.72;2.49;1.98;0.0;0.01;2019-12-01;Pre-covid;Pre-covid
2019;12;Navarra;Fresas/freson;13.51;39.1;2.89;6.89;0.02;0.07;2019-12-01;Pre-covid;Pre-covid
2019;12;Navarra;Melon;141.64;258.94;1.83;8.97;0.24;0.43;2019-12-01;Pre-covid;Pre-covid
2019;12;Navarra;Sandia;4.73;7.15;1.51;0.79;0.01;0.01;2019-12-01;Pre-covid;Pre-covid
2019;12;Navarra;Ciruelas;4.76;6.84;1.44;2.85;0.01;0.01;2019-12-01;Pre-covid;Pre-covid
2019;12;Navarra;Cerezas;1.13;2.29;2.02;0.95;0.0;0.0;2019-12-01;Pre-covid;Pre-covid
2019;12;Navarra;Uvas;125.34;329.55;2.63;39.21;0.21;0.55;2019-12-01;Pre-covid;Pre-covid
2019;12;Navarra;Kiwi;183.4;648.69;3.54;40.61;0.31;1.09;2019-12-01;Pre-covid;Pre-covid
2019;12;Navarra;Aguacate;124.83;338.06;2.71;39.33;0.21;0.57;2019-12-01;Pre-covid;Pre-covid
2019;12;Navarra;Piña;353.5;499.58;1.41;45.7;0.59;0.84;2019-12-01;Pre-covid;Pre-covid
2019;12;Navarra;Otras frutas frescas;273.77;476.08;1.74;40.92;0.46;0.8;2019-12-01;Pre-covid;Pre-covid
2019;12;Navarra;Pomelo;2.13;2.57;1.2;0.91;0.0;0.0;2019-12-01;Pre-covid;Pre-covid
2019;12;Navarra;Chirimoya;0.0;0.0;0.0;0.0;0.0;0.0;2019-12-01;Pre-covid;Pre-covid
2019;12;Navarra;Mango;40.55;100.04;2.47;23.25;0.07;0.17;2019-12-01;Pre-covid;Pre-covid
2019;12;Navarra;Frutas iv gama;190.54;368.52;1.93;28.92;0.32;0.62;2019-12-01;Pre-covid;Pre-covid
2019;12;Pais vasco;Frutas frescas;16451.88;28105.77;1.71;95.05;7.78;13.3;2019-12-01;Pre-covid;Pre-covid
2019;12;Pais vasco;Naranjas;4037.01;4257.08;1.05;57.24;1.91;2.01;2019-12-01;Pre-covid;Pre-covid
2019;12;Pais vasco;Mandarinas;2366.57;3547.12;1.5;63.37;1.12;1.68;2019-12-01;Pre-covid;Pre-covid
2019;12;Pais vasco;Limones;565.15;916.0;1.62;45.07;0.27;0.43;2019-12-01;Pre-covid;Pre-covid
2019;12;Pais vasco;Platanos;2235.87;4309.92;1.93;74.87;1.06;2.04;2019-12-01;Pre-covid;Pre-covid
2019;12;Pais vasco;Manzanas;2168.28;3177.56;1.47;61.13;1.03;1.5;2019-12-01;Pre-covid;Pre-covid
2019;12;Pais vasco;Peras;874.71;1455.7;1.66;49.16;0.41;0.69;2019-12-01;Pre-covid;Pre-covid
2019;12;Pais vasco;Melocotones;9.43;17.92;1.9;0.64;0.0;0.01;2019-12-01;Pre-covid;Pre-covid
2019;12;Pais vasco;Nectarinas;22.66;35.79;1.58;1.27;0.01;0.02;2019-12-01;Pre-covid;Pre-covid
2019;12;Pais vasco;Albaricoques;0.0;0.0;0.0;0.0;0.0;0.0;2019-12-01;Pre-covid;Pre-covid
2019;12;Pais vasco;Fresas/freson;100.82;688.39;6.83;8.02;0.05;0.33;2019-12-01;Pre-covid;Pre-covid
2019;12;Pais vasco;Melon;320.54;681.37;2.13;10.35;0.15;0.32;2019-12-01;Pre-covid;Pre-covid
2019;12;Pais vasco;Sandia;2.64;21.39;8.12;0.89;0.0;0.01;2019-12-01;Pre-covid;Pre-covid
2019;12;Pais vasco;Ciruelas;37.93;49.78;1.31;5.17;0.02;0.02;2019-12-01;Pre-covid;Pre-covid
2019;12;Pais vasco;Cerezas;2.3;32.06;13.97;0.95;0.0;0.02;2019-12-01;Pre-covid;Pre-covid
2019;12;Pais vasco;Uvas;544.25;1441.04;2.65;45.13;0.26;0.68;2019-12-01;Pre-covid;Pre-covid
2019;12;Pais vasco;Kiwi;731.0;2270.16;3.11;35.51;0.35;1.07;2019-12-01;Pre-covid;Pre-covid
2019;12;Pais vasco;Aguacate;276.84;915.95;3.31;29.2;0.13;0.43;2019-12-01;Pre-covid;Pre-covid
2019;12;Pais vasco;Piña;700.0;1136.71;1.62;30.26;0.33;0.54;2019-12-01;Pre-covid;Pre-covid
2019;12;Pais vasco;Otras frutas frescas;1455.87;3151.84;2.16;56.28;0.69;1.49;2019-12-01;Pre-covid;Pre-covid
2019;12;Pais vasco;Pomelo;240.35;561.51;2.34;7.75;0.11;0.27;2019-12-01;Pre-covid;Pre-covid
2019;12;Pais vasco;Chirimoya;0.0;0.0;0.0;0.0;0.0;0.0;2019-12-01;Pre-covid;Pre-covid
2019;12;Pais vasco;Mango;167.12;456.67;2.73;13.15;0.08;0.22;2019-12-01;Pre-covid;Pre-covid
2019;12;Pais vasco;Frutas iv gama;712.34;1455.2;2.04;21.3;0.34;0.69;2019-12-01;Pre-covid;Pre-covid
2019;12;Valencia;Frutas frescas;28222.34;45702.09;1.62;93.27;5.81;9.41;2019-12-01;Pre-covid;Pre-covid
2019;12;Valencia;Naranjas;4781.5;4510.4;0.94;41.0;0.98;0.93;2019-12-01;Pre-covid;Pre-covid
2019;12;Valencia;Mandarinas;3742.86;4931.86;1.32;47.57;0.77;1.02;2019-12-01;Pre-covid;Pre-covid
2019;12;Valencia;Limones;739.7;1156.39;1.56;30.34;0.15;0.24;2019-12-01;Pre-covid;Pre-covid
2019;12;Valencia;Platanos;5335.98;8731.23;1.64;76.77;1.1;1.8;2019-12-01;Pre-covid;Pre-covid
2019;12;Valencia;Manzanas;3222.78;4882.05;1.51;56.54;0.66;1.01;2019-12-01;Pre-covid;Pre-covid
2019;12;Valencia;Peras;1616.37;2460.15;1.52;42.48;0.33;0.51;2019-12-01;Pre-covid;Pre-covid
2019;12;Valencia;Melocotones;47.08;65.13;1.38;1.77;0.01;0.01;2019-12-01;Pre-covid;Pre-covid
2019;12;Valencia;Nectarinas;122.4;167.74;1.37;2.38;0.03;0.03;2019-12-01;Pre-covid;Pre-covid
2019;12;Valencia;Albaricoques;14.12;27.07;1.92;1.21;0.0;0.01;2019-12-01;Pre-covid;Pre-covid
2019;12;Valencia;Fresas/freson;127.92;602.95;4.71;8.09;0.03;0.12;2019-12-01;Pre-covid;Pre-covid
2019;12;Valencia;Melon;901.3;1388.04;1.54;14.62;0.19;0.29;2019-12-01;Pre-covid;Pre-covid
2019;12;Valencia;Sandia;9.91;12.71;1.28;0.28;0.0;0.0;2019-12-01;Pre-covid;Pre-covid
2019;12;Valencia;Ciruelas;204.72;306.86;1.5;6.14;0.04;0.06;2019-12-01;Pre-covid;Pre-covid
2019;12;Valencia;Cerezas;44.86;147.34;3.28;2.09;0.01;0.03;2019-12-01;Pre-covid;Pre-covid
2019;12;Valencia;Uvas;1311.78;3379.24;2.58;48.8;0.27;0.7;2019-12-01;Pre-covid;Pre-covid
2019;12;Valencia;Kiwi;1037.71;3182.73;3.07;39.02;0.21;0.66;2019-12-01;Pre-covid;Pre-covid
2019;12;Valencia;Aguacate;568.38;2017.47;3.55;32.57;0.12;0.42;2019-12-01;Pre-covid;Pre-covid
2019;12;Valencia;Piña;1592.45;2063.71;1.3;34.92;0.33;0.42;2019-12-01;Pre-covid;Pre-covid
2019;12;Valencia;Otras frutas frescas;2800.5;5669.02;2.02;51.92;0.58;1.17;2019-12-01;Pre-covid;Pre-covid
2019;12;Valencia;Pomelo;187.17;316.6;1.69;4.29;0.04;0.07;2019-12-01;Pre-covid;Pre-covid
2019;12;Valencia;Chirimoya;1.36;9.26;6.82;0.14;0.0;0.0;2019-12-01;Pre-covid;Pre-covid
2019;12;Valencia;Mango;294.73;743.13;2.52;15.94;0.06;0.15;2019-12-01;Pre-covid;Pre-covid
2019;12;Valencia;Frutas iv gama;972.71;2012.25;2.07;21.56;0.2;0.41;2019-12-01;Pre-covid;Pre-covid
2020;01;Nacional;Patatas;101985.34;97965.62;0.96;79.37;2.3;2.21;2020-01-01;Pre-covid;Pre-covid
2020;01;Nacional;Patatas frescas;71942.24;64713.94;0.9;66.5;1.62;1.46;2020-01-01;Pre-covid;Pre-covid
2020;01;Nacional;Patatas congeladas;3948.14;5190.9;1.31;11.44;0.09;0.12;2020-01-01;Pre-covid;Pre-covid
2020;01;Nacional;Patatas procesadas;5218.99;28060.78;5.38;46.63;0.12;0.63;2020-01-01;Pre-covid;Pre-covid
2020;01;Nacional;Patatas fritas;4282.27;26597.58;6.21;44.59;0.1;0.6;2020-01-01;Pre-covid;Pre-covid
2020;01;Nacional;Hortalizas frescas;215831.81;421389.55;1.95;97.02;4.87;9.51;2020-01-01;Pre-covid;Pre-covid
2020;01;Nacional;Omates;40993.26;73154.9;1.78;79.02;0.93;1.65;2020-01-01;Pre-covid;Pre-covid
2020;01;Nacional;Cebollas;26075.03;31512.99;1.21;66.42;0.59;0.71;2020-01-01;Pre-covid;Pre-covid
2020;01;Nacional;Ajos;2591.58;11239.27;4.34;36.89;0.06;0.25;2020-01-01;Pre-covid;Pre-covid
2020;01;Nacional;Coles;8184.08;9343.9;1.14;23.83;0.18;0.21;2020-01-01;Pre-covid;Pre-covid
2020;01;Nacional;Pepinos;4394.3;7208.36;1.64;24.16;0.1;0.16;2020-01-01;Pre-covid;Pre-covid
2020;01;Nacional;Judias verdes;6616.29;21535.33;3.25;31.93;0.15;0.49;2020-01-01;Pre-covid;Pre-covid
2020;01;Nacional;Pimientos;17311.98;32109.31;1.85;64.08;0.39;0.72;2020-01-01;Pre-covid;Pre-covid
2020;01;Nacional;Champiñoneso setas;5554.29;22316.92;4.02;40.93;0.13;0.5;2020-01-01;Pre-covid;Pre-covid
2020;01;Nacional;Lechuga/esc /endivia;14461.92;40927.16;2.83;64.5;0.33;0.92;2020-01-01;Pre-covid;Pre-covid
2020;01;Nacional;Esparragos;1537.63;4717.53;3.07;8.15;0.03;0.11;2020-01-01;Pre-covid;Pre-covid
2020;01;Nacional;Verduras de hoja;5453.58;13629.5;2.5;28.13;0.12;0.31;2020-01-01;Pre-covid;Pre-covid
2020;01;Nacional;Berenjenas;4912.1;9025.59;1.84;27.49;0.11;0.2;2020-01-01;Pre-covid;Pre-covid
2020;01;Nacional;Zanahorias;14973.08;13749.87;0.92;59.15;0.34;0.31;2020-01-01;Pre-covid;Pre-covid
2020;01;Nacional;Calabacines;14482.5;24435.32;1.69;52.02;0.33;0.55;2020-01-01;Pre-covid;Pre-covid
2020;01;Nacional;Otr hortalizas/verd ;48290.19;106483.6;2.21;80.78;1.09;2.4;2020-01-01;Pre-covid;Pre-covid
2020;01;Nacional;Brocoli;7128.27;11960.74;1.68;26.58;0.16;0.27;2020-01-01;Pre-covid;Pre-covid
2020;01;Nacional;Alcachofas;7956.42;19350.99;2.43;25.82;0.18;0.44;2020-01-01;Pre-covid;Pre-covid
2020;01;Nacional;Apio;2240.2;3465.95;1.55;13.59;0.05;0.08;2020-01-01;Pre-covid;Pre-covid
2020;01;Nacional;Coliflor;2405.23;4295.23;1.79;10.2;0.05;0.1;2020-01-01;Pre-covid;Pre-covid
2020;01;Nacional;Verd /hort  iv gama;24614.57;68967.85;2.8;65.89;0.56;1.56;2020-01-01;Pre-covid;Pre-covid
2020;01;Nacional;Puerro;5190.41;13391.1;2.58;37.9;0.12;0.3;2020-01-01;Pre-covid;Pre-covid
2020;01;Andalucia;Patatas;20438.73;19405.53;0.95;83.29;2.45;2.33;2020-01-01;Pre-covid;Pre-covid
2020;01;Andalucia;Patatas frescas;14078.49;12655.62;0.9;67.12;1.69;1.52;2020-01-01;Pre-covid;Pre-covid
2020;01;Andalucia;Patatas congeladas;860.51;1062.47;1.23;12.68;0.1;0.13;2020-01-01;Pre-covid;Pre-covid
2020;01;Andalucia;Patatas procesadas;1099.95;5687.44;5.17;51.97;0.13;0.68;2020-01-01;Pre-covid;Pre-covid
2020;01;Andalucia;Patatas fritas;898.87;5375.68;5.98;49.01;0.11;0.64;2020-01-01;Pre-covid;Pre-covid
2020;01;Andalucia;Hortalizas frescas;35565.69;65993.82;1.86;97.43;4.26;7.91;2020-01-01;Pre-covid;Pre-covid
2020;01;Andalucia;Omates;7656.31;12242.79;1.6;80.16;0.92;1.47;2020-01-01;Pre-covid;Pre-covid
2020;01;Andalucia;Cebollas;4571.39;5315.89;1.16;66.71;0.55;0.64;2020-01-01;Pre-covid;Pre-covid
2020;01;Andalucia;Ajos;544.55;2185.7;4.01;41.26;0.07;0.26;2020-01-01;Pre-covid;Pre-covid
2020;01;Andalucia;Coles;1079.65;1163.84;1.08;18.15;0.13;0.14;2020-01-01;Pre-covid;Pre-covid
2020;01;Andalucia;Pepinos;642.71;1036.99;1.61;24.91;0.08;0.12;2020-01-01;Pre-covid;Pre-covid
2020;01;Andalucia;Judias verdes;908.35;2596.36;2.86;25.6;0.11;0.31;2020-01-01;Pre-covid;Pre-covid
2020;01;Andalucia;Pimientos;2898.05;5299.44;1.83;66.79;0.35;0.64;2020-01-01;Pre-covid;Pre-covid
2020;01;Andalucia;Champiñoneso setas;925.25;3651.84;3.95;40.19;0.11;0.44;2020-01-01;Pre-covid;Pre-covid
2020;01;Andalucia;Lechuga/esc /endivia;2573.1;6924.56;2.69;66.21;0.31;0.83;2020-01-01;Pre-covid;Pre-covid
2020;01;Andalucia;Esparragos;183.54;709.17;3.86;5.57;0.02;0.09;2020-01-01;Pre-covid;Pre-covid
2020;01;Andalucia;Verduras de hoja;658.77;1768.13;2.68;23.06;0.08;0.21;2020-01-01;Pre-covid;Pre-covid
2020;01;Andalucia;Berenjenas;830.39;1448.67;1.74;26.77;0.1;0.17;2020-01-01;Pre-covid;Pre-covid
2020;01;Andalucia;Zanahorias;2489.11;2379.28;0.96;56.38;0.3;0.29;2020-01-01;Pre-covid;Pre-covid
2020;01;Andalucia;Calabacines;2473.48;4051.11;1.64;50.67;0.3;0.49;2020-01-01;Pre-covid;Pre-covid
2020;01;Andalucia;Otr hortalizas/verd ;7131.06;15220.04;2.13;80.26;0.85;1.82;2020-01-01;Pre-covid;Pre-covid
2020;01;Andalucia;Brocoli;963.02;1691.67;1.76;27.76;0.12;0.2;2020-01-01;Pre-covid;Pre-covid
2020;01;Andalucia;Alcachofas;971.65;2165.38;2.23;22.43;0.12;0.26;2020-01-01;Pre-covid;Pre-covid
2020;01;Andalucia;Apio;417.75;672.32;1.61;16.2;0.05;0.08;2020-01-01;Pre-covid;Pre-covid
2020;01;Andalucia;Coliflor;447.73;773.41;1.73;10.41;0.05;0.09;2020-01-01;Pre-covid;Pre-covid
2020;01;Andalucia;Verd /hort  iv gama;4650.87;11619.5;2.5;68.26;0.56;1.39;2020-01-01;Pre-covid;Pre-covid
2020;01;Andalucia;Puerro;836.98;2059.29;2.46;34.38;0.1;0.25;2020-01-01;Pre-covid;Pre-covid
2020;01;Aragon;Patatas;2538.38;2451.45;0.97;77.76;2.02;1.95;2020-01-01;Pre-covid;Pre-covid
2020;01;Aragon;Patatas frescas;1878.13;1655.75;0.88;64.82;1.49;1.32;2020-01-01;Pre-covid;Pre-covid
2020;01;Aragon;Patatas congeladas;76.97;107.07;1.39;10.63;0.06;0.09;2020-01-01;Pre-covid;Pre-covid
2020;01;Aragon;Patatas procesadas;116.66;688.63;5.9;42.73;0.09;0.55;2020-01-01;Pre-covid;Pre-covid
2020;01;Aragon;Patatas fritas;104.12;668.73;6.42;41.16;0.08;0.53;2020-01-01;Pre-covid;Pre-covid
2020;01;Aragon;Hortalizas frescas;7411.41;14032.68;1.89;97.78;5.89;11.15;2020-01-01;Pre-covid;Pre-covid
2020;01;Aragon;Omates;990.86;1744.39;1.76;72.48;0.79;1.39;2020-01-01;Pre-covid;Pre-covid
2020;01;Aragon;Cebollas;812.18;964.23;1.19;63.68;0.65;0.77;2020-01-01;Pre-covid;Pre-covid
2020;01;Aragon;Ajos;63.36;285.82;4.51;29.38;0.05;0.23;2020-01-01;Pre-covid;Pre-covid
2020;01;Aragon;Coles;251.1;280.07;1.12;19.93;0.2;0.22;2020-01-01;Pre-covid;Pre-covid
2020;01;Aragon;Pepinos;107.47;176.94;1.65;20.68;0.09;0.14;2020-01-01;Pre-covid;Pre-covid
2020;01;Aragon;Judias verdes;265.23;770.55;2.91;33.2;0.21;0.61;2020-01-01;Pre-covid;Pre-covid
2020;01;Aragon;Pimientos;643.34;1106.8;1.72;55.06;0.51;0.88;2020-01-01;Pre-covid;Pre-covid
2020;01;Aragon;Champiñoneso setas;273.12;1022.83;3.74;52.56;0.22;0.81;2020-01-01;Pre-covid;Pre-covid
2020;01;Aragon;Lechuga/esc /endivia;634.1;1652.12;2.61;71.25;0.5;1.31;2020-01-01;Pre-covid;Pre-covid
2020;01;Aragon;Esparragos;67.47;188.03;2.79;11.26;0.05;0.15;2020-01-01;Pre-covid;Pre-covid
2020;01;Aragon;Verduras de hoja;453.27;761.55;1.68;37.56;0.36;0.61;2020-01-01;Pre-covid;Pre-covid
2020;01;Aragon;Berenjenas;104.24;192.4;1.85;21.22;0.08;0.15;2020-01-01;Pre-covid;Pre-covid
2020;01;Aragon;Zanahorias;398.78;356.62;0.89;60.99;0.32;0.28;2020-01-01;Pre-covid;Pre-covid
2020;01;Aragon;Calabacines;385.18;605.69;1.57;43.09;0.31;0.48;2020-01-01;Pre-covid;Pre-covid
2020;01;Aragon;Otr hortalizas/verd ;1961.7;3924.63;2.0;85.79;1.56;3.12;2020-01-01;Pre-covid;Pre-covid
2020;01;Aragon;Brocoli;413.35;617.82;1.49;29.01;0.33;0.49;2020-01-01;Pre-covid;Pre-covid
2020;01;Aragon;Alcachofas;201.45;512.68;2.54;27.14;0.16;0.41;2020-01-01;Pre-covid;Pre-covid
2020;01;Aragon;Apio;107.51;144.57;1.34;11.43;0.09;0.11;2020-01-01;Pre-covid;Pre-covid
2020;01;Aragon;Coliflor;73.45;129.98;1.77;8.93;0.06;0.1;2020-01-01;Pre-covid;Pre-covid
2020;01;Aragon;Verd /hort  iv gama;909.17;2178.05;2.4;69.38;0.72;1.73;2020-01-01;Pre-covid;Pre-covid
2020;01;Aragon;Puerro;148.09;403.67;2.73;41.23;0.12;0.32;2020-01-01;Pre-covid;Pre-covid
2020;01;Asturias;Patatas;2278.51;2049.89;0.9;71.98;2.22;2.0;2020-01-01;Pre-covid;Pre-covid
2020;01;Asturias;Patatas frescas;1720.74;1498.35;0.87;67.07;1.68;1.46;2020-01-01;Pre-covid;Pre-covid
2020;01;Asturias;Patatas congeladas;66.4;78.16;1.18;9.14;0.06;0.08;2020-01-01;Pre-covid;Pre-covid
2020;01;Asturias;Patatas procesadas;98.27;473.38;4.82;35.3;0.1;0.46;2020-01-01;Pre-covid;Pre-covid
2020;01;Asturias;Patatas fritas;66.96;428.17;6.39;32.02;0.07;0.42;2020-01-01;Pre-covid;Pre-covid
2020;01;Asturias;Hortalizas frescas;4221.7;8579.95;2.03;93.44;4.12;8.36;2020-01-01;Pre-covid;Pre-covid
2020;01;Asturias;Omates;735.42;1555.04;2.11;74.77;0.72;1.52;2020-01-01;Pre-covid;Pre-covid
2020;01;Asturias;Cebollas;806.77;971.11;1.2;72.18;0.79;0.95;2020-01-01;Pre-covid;Pre-covid
2020;01;Asturias;Ajos;62.22;325.06;5.22;38.79;0.06;0.32;2020-01-01;Pre-covid;Pre-covid
2020;01;Asturias;Coles;144.62;155.44;1.07;19.38;0.14;0.15;2020-01-01;Pre-covid;Pre-covid
2020;01;Asturias;Pepinos;82.91;147.57;1.78;22.09;0.08;0.14;2020-01-01;Pre-covid;Pre-covid
2020;01;Asturias;Judias verdes;115.78;361.43;3.12;18.68;0.11;0.35;2020-01-01;Pre-covid;Pre-covid
2020;01;Asturias;Pimientos;405.29;830.71;2.05;67.85;0.4;0.81;2020-01-01;Pre-covid;Pre-covid
2020;01;Asturias;Champiñoneso setas;100.57;430.24;4.28;35.19;0.1;0.42;2020-01-01;Pre-covid;Pre-covid
2020;01;Asturias;Lechuga/esc /endivia;247.32;706.7;2.86;59.88;0.24;0.69;2020-01-01;Pre-covid;Pre-covid
2020;01;Asturias;Esparragos;11.49;49.95;4.35;2.55;0.01;0.05;2020-01-01;Pre-covid;Pre-covid
2020;01;Asturias;Verduras de hoja;43.39;158.84;3.66;19.3;0.04;0.15;2020-01-01;Pre-covid;Pre-covid
2020;01;Asturias;Berenjenas;90.73;189.16;2.08;26.17;0.09;0.18;2020-01-01;Pre-covid;Pre-covid
2020;01;Asturias;Zanahorias;301.26;321.18;1.07;55.41;0.29;0.31;2020-01-01;Pre-covid;Pre-covid
2020;01;Asturias;Calabacines;315.7;544.44;1.72;51.72;0.31;0.53;2020-01-01;Pre-covid;Pre-covid
2020;01;Asturias;Otr hortalizas/verd ;758.22;1833.07;2.42;72.75;0.74;1.79;2020-01-01;Pre-covid;Pre-covid
2020;01;Asturias;Brocoli;150.77;293.99;1.95;29.22;0.15;0.29;2020-01-01;Pre-covid;Pre-covid
2020;01;Asturias;Alcachofas;71.08;207.93;2.93;12.03;0.07;0.2;2020-01-01;Pre-covid;Pre-covid
2020;01;Asturias;Apio;25.24;34.07;1.35;7.65;0.02;0.03;2020-01-01;Pre-covid;Pre-covid
2020;01;Asturias;Coliflor;18.34;32.13;1.75;4.07;0.02;0.03;2020-01-01;Pre-covid;Pre-covid
2020;01;Asturias;Verd /hort  iv gama;457.72;1311.31;2.86;52.6;0.45;1.28;2020-01-01;Pre-covid;Pre-covid
2020;01;Asturias;Puerro;98.9;310.51;3.14;37.29;0.1;0.3;2020-01-01;Pre-covid;Pre-covid
2020;01;Baleares;Patatas;2471.96;2515.0;1.02;86.46;2.42;2.46;2020-01-01;Pre-covid;Pre-covid
2020;01;Baleares;Patatas frescas;1647.16;1585.13;0.96;72.17;1.61;1.55;2020-01-01;Pre-covid;Pre-covid
2020;01;Baleares;Patatas congeladas;70.57;92.53;1.31;7.22;0.07;0.09;2020-01-01;Pre-covid;Pre-covid
2020;01;Baleares;Patatas procesadas;150.85;837.34;5.55;50.85;0.15;0.82;2020-01-01;Pre-covid;Pre-covid
2020;01;Baleares;Patatas fritas;117.69;781.55;6.64;47.45;0.12;0.77;2020-01-01;Pre-covid;Pre-covid
2020;01;Baleares;Hortalizas frescas;5536.83;11668.14;2.11;99.28;5.43;11.43;2020-01-01;Pre-covid;Pre-covid
2020;01;Baleares;Omates;996.5;1817.18;1.82;89.96;0.98;1.78;2020-01-01;Pre-covid;Pre-covid
2020;01;Baleares;Cebollas;724.94;958.07;1.32;74.06;0.71;0.94;2020-01-01;Pre-covid;Pre-covid
2020;01;Baleares;Ajos;73.18;287.15;3.92;35.01;0.07;0.28;2020-01-01;Pre-covid;Pre-covid
2020;01;Baleares;Coles;301.3;373.82;1.24;40.81;0.3;0.37;2020-01-01;Pre-covid;Pre-covid
2020;01;Baleares;Pepinos;74.63;125.18;1.68;24.92;0.07;0.12;2020-01-01;Pre-covid;Pre-covid
2020;01;Baleares;Judias verdes;137.21;504.41;3.68;38.31;0.13;0.49;2020-01-01;Pre-covid;Pre-covid
2020;01;Baleares;Pimientos;447.89;934.15;2.09;66.35;0.44;0.92;2020-01-01;Pre-covid;Pre-covid
2020;01;Baleares;Champiñoneso setas;188.09;671.94;3.57;52.57;0.18;0.66;2020-01-01;Pre-covid;Pre-covid
2020;01;Baleares;Lechuga/esc /endivia;422.97;1481.25;3.5;75.07;0.41;1.45;2020-01-01;Pre-covid;Pre-covid
2020;01;Baleares;Esparragos;17.54;91.02;5.19;5.73;0.02;0.09;2020-01-01;Pre-covid;Pre-covid
2020;01;Baleares;Verduras de hoja;110.94;364.46;3.29;33.4;0.11;0.36;2020-01-01;Pre-covid;Pre-covid
2020;01;Baleares;Berenjenas;110.02;238.46;2.17;35.79;0.11;0.23;2020-01-01;Pre-covid;Pre-covid
2020;01;Baleares;Zanahorias;346.39;317.55;0.92;65.07;0.34;0.31;2020-01-01;Pre-covid;Pre-covid
2020;01;Baleares;Calabacines;335.32;670.96;2.0;62.02;0.33;0.66;2020-01-01;Pre-covid;Pre-covid
2020;01;Baleares;Otr hortalizas/verd ;1249.92;2832.53;2.27;81.93;1.22;2.78;2020-01-01;Pre-covid;Pre-covid
2020;01;Baleares;Brocoli;144.66;305.26;2.11;28.76;0.14;0.3;2020-01-01;Pre-covid;Pre-covid
2020;01;Baleares;Alcachofas;179.53;447.85;2.49;37.82;0.18;0.44;2020-01-01;Pre-covid;Pre-covid
2020;01;Baleares;Apio;56.86;81.87;1.44;10.93;0.06;0.08;2020-01-01;Pre-covid;Pre-covid
2020;01;Baleares;Coliflor;96.33;175.46;1.82;12.66;0.09;0.17;2020-01-01;Pre-covid;Pre-covid
2020;01;Baleares;Verd /hort  iv gama;693.69;2174.72;3.14;73.39;0.68;2.13;2020-01-01;Pre-covid;Pre-covid
2020;01;Baleares;Puerro;97.02;281.09;2.9;27.55;0.1;0.28;2020-01-01;Pre-covid;Pre-covid
2020;01;Canarias;Patatas;4242.35;4199.52;0.99;81.22;1.98;1.96;2020-01-01;Pre-covid;Pre-covid
2020;01;Canarias;Patatas frescas;3269.41;3182.51;0.97;69.4;1.53;1.49;2020-01-01;Pre-covid;Pre-covid
2020;01;Canarias;Patatas congeladas;258.45;318.29;1.23;13.26;0.12;0.15;2020-01-01;Pre-covid;Pre-covid
2020;01;Canarias;Patatas procesadas;142.9;698.72;4.89;40.63;0.07;0.33;2020-01-01;Pre-covid;Pre-covid
2020;01;Canarias;Patatas fritas;119.05;654.0;5.49;38.39;0.06;0.31;2020-01-01;Pre-covid;Pre-covid
2020;01;Canarias;Hortalizas frescas;8643.43;17305.26;2.0;97.72;4.04;8.08;2020-01-01;Pre-covid;Pre-covid
2020;01;Canarias;Omates;1648.4;2688.75;1.63;78.12;0.77;1.26;2020-01-01;Pre-covid;Pre-covid
2020;01;Canarias;Cebollas;1217.75;1498.21;1.23;78.3;0.57;0.7;2020-01-01;Pre-covid;Pre-covid
2020;01;Canarias;Ajos;107.55;437.27;4.07;38.12;0.05;0.2;2020-01-01;Pre-covid;Pre-covid
2020;01;Canarias;Coles;212.67;274.24;1.29;17.26;0.1;0.13;2020-01-01;Pre-covid;Pre-covid
2020;01;Canarias;Pepinos;245.8;397.02;1.62;27.02;0.11;0.19;2020-01-01;Pre-covid;Pre-covid
2020;01;Canarias;Judias verdes;185.12;502.53;2.71;17.77;0.09;0.23;2020-01-01;Pre-covid;Pre-covid
2020;01;Canarias;Pimientos;918.54;1808.0;1.97;67.8;0.43;0.84;2020-01-01;Pre-covid;Pre-covid
2020;01;Canarias;Champiñoneso setas;165.12;786.91;4.77;33.09;0.08;0.37;2020-01-01;Pre-covid;Pre-covid
2020;01;Canarias;Lechuga/esc /endivia;395.32;1339.18;3.39;55.28;0.18;0.63;2020-01-01;Pre-covid;Pre-covid
2020;01;Canarias;Esparragos;9.02;72.3;8.02;4.34;0.0;0.03;2020-01-01;Pre-covid;Pre-covid
2020;01;Canarias;Verduras de hoja;93.21;314.87;3.38;17.94;0.04;0.15;2020-01-01;Pre-covid;Pre-covid
2020;01;Canarias;Berenjenas;80.96;164.56;2.03;16.85;0.04;0.08;2020-01-01;Pre-covid;Pre-covid
2020;01;Canarias;Zanahorias;876.31;913.81;1.04;63.14;0.41;0.43;2020-01-01;Pre-covid;Pre-covid
2020;01;Canarias;Calabacines;814.88;1877.29;2.3;58.3;0.38;0.88;2020-01-01;Pre-covid;Pre-covid
2020;01;Canarias;Otr hortalizas/verd ;1672.79;4230.32;2.53;79.31;0.78;1.98;2020-01-01;Pre-covid;Pre-covid
2020;01;Canarias;Brocoli;56.53;89.78;1.59;5.12;0.03;0.04;2020-01-01;Pre-covid;Pre-covid
2020;01;Canarias;Alcachofas;38.5;143.39;3.72;1.88;0.02;0.07;2020-01-01;Pre-covid;Pre-covid
2020;01;Canarias;Apio;34.55;78.08;2.26;6.05;0.02;0.04;2020-01-01;Pre-covid;Pre-covid
2020;01;Canarias;Coliflor;79.36;147.42;1.86;10.04;0.04;0.07;2020-01-01;Pre-covid;Pre-covid
2020;01;Canarias;Verd /hort  iv gama;1297.43;3344.01;2.58;57.54;0.61;1.56;2020-01-01;Pre-covid;Pre-covid
2020;01;Canarias;Puerro;205.94;444.06;2.16;38.75;0.1;0.21;2020-01-01;Pre-covid;Pre-covid
2020;01;Cantabria;Patatas;760.3;772.57;1.02;64.83;1.41;1.44;2020-01-01;Pre-covid;Pre-covid
2020;01;Cantabria;Patatas frescas;500.71;470.87;0.94;51.42;0.93;0.88;2020-01-01;Pre-covid;Pre-covid
2020;01;Cantabria;Patatas congeladas;57.28;71.8;1.25;11.68;0.11;0.13;2020-01-01;Pre-covid;Pre-covid
2020;01;Cantabria;Patatas procesadas;40.46;229.91;5.68;39.33;0.08;0.43;2020-01-01;Pre-covid;Pre-covid
2020;01;Cantabria;Patatas fritas;29.74;216.52;7.28;35.71;0.06;0.4;2020-01-01;Pre-covid;Pre-covid
2020;01;Cantabria;Hortalizas frescas;1968.43;3720.84;1.89;94.91;3.66;6.91;2020-01-01;Pre-covid;Pre-covid
2020;01;Cantabria;Omates;295.51;574.12;1.94;65.36;0.55;1.07;2020-01-01;Pre-covid;Pre-covid
2020;01;Cantabria;Cebollas;313.7;372.59;1.19;72.66;0.58;0.69;2020-01-01;Pre-covid;Pre-covid
2020;01;Cantabria;Ajos;30.22;126.35;4.18;45.85;0.06;0.23;2020-01-01;Pre-covid;Pre-covid
2020;01;Cantabria;Coles;82.29;93.76;1.14;17.07;0.15;0.17;2020-01-01;Pre-covid;Pre-covid
2020;01;Cantabria;Pepinos;62.44;94.79;1.52;25.98;0.12;0.18;2020-01-01;Pre-covid;Pre-covid
2020;01;Cantabria;Judias verdes;59.11;184.77;3.13;29.73;0.11;0.34;2020-01-01;Pre-covid;Pre-covid
2020;01;Cantabria;Pimientos;182.18;343.9;1.89;68.02;0.34;0.64;2020-01-01;Pre-covid;Pre-covid
2020;01;Cantabria;Champiñoneso setas;60.5;254.23;4.2;38.1;0.11;0.47;2020-01-01;Pre-covid;Pre-covid
2020;01;Cantabria;Lechuga/esc /endivia;102.7;315.65;3.07;58.84;0.19;0.59;2020-01-01;Pre-covid;Pre-covid
2020;01;Cantabria;Esparragos;35.07;31.42;0.9;6.16;0.07;0.06;2020-01-01;Pre-covid;Pre-covid
2020;01;Cantabria;Verduras de hoja;23.81;67.88;2.85;18.39;0.04;0.13;2020-01-01;Pre-covid;Pre-covid
2020;01;Cantabria;Berenjenas;56.42;107.9;1.91;24.84;0.1;0.2;2020-01-01;Pre-covid;Pre-covid
2020;01;Cantabria;Zanahorias;191.82;146.7;0.76;58.6;0.36;0.27;2020-01-01;Pre-covid;Pre-covid
2020;01;Cantabria;Calabacines;150.37;198.61;1.32;40.36;0.28;0.37;2020-01-01;Pre-covid;Pre-covid
2020;01;Cantabria;Otr hortalizas/verd ;322.29;808.16;2.51;65.8;0.6;1.5;2020-01-01;Pre-covid;Pre-covid
2020;01;Cantabria;Brocoli;81.13;129.11;1.59;24.23;0.15;0.24;2020-01-01;Pre-covid;Pre-covid
2020;01;Cantabria;Alcachofas;52.06;113.72;2.18;19.3;0.1;0.21;2020-01-01;Pre-covid;Pre-covid
2020;01;Cantabria;Apio;6.34;13.18;2.08;5.88;0.01;0.02;2020-01-01;Pre-covid;Pre-covid
2020;01;Cantabria;Coliflor;3.97;9.51;2.39;2.28;0.01;0.02;2020-01-01;Pre-covid;Pre-covid
2020;01;Cantabria;Verd /hort  iv gama;265.42;695.92;2.62;58.91;0.49;1.29;2020-01-01;Pre-covid;Pre-covid
2020;01;Cantabria;Puerro;39.7;139.97;3.53;35.27;0.07;0.26;2020-01-01;Pre-covid;Pre-covid
2020;01;Castilla la mancha;Patatas;4056.64;3899.74;0.96;78.44;2.03;1.95;2020-01-01;Pre-covid;Pre-covid
2020;01;Castilla la mancha;Patatas frescas;2657.99;2295.89;0.86;53.94;1.33;1.15;2020-01-01;Pre-covid;Pre-covid
2020;01;Castilla la mancha;Patatas congeladas;255.22;302.92;1.19;15.34;0.13;0.15;2020-01-01;Pre-covid;Pre-covid
2020;01;Castilla la mancha;Patatas procesadas;228.69;1300.93;5.69;48.56;0.11;0.65;2020-01-01;Pre-covid;Pre-covid
2020;01;Castilla la mancha;Patatas fritas;213.67;1274.59;5.97;48.17;0.11;0.64;2020-01-01;Pre-covid;Pre-covid
2020;01;Castilla la mancha;Hortalizas frescas;8082.29;15378.51;1.9;95.21;4.04;7.68;2020-01-01;Pre-covid;Pre-covid
2020;01;Castilla la mancha;Omates;2008.77;3254.92;1.62;75.89;1.0;1.63;2020-01-01;Pre-covid;Pre-covid
2020;01;Castilla la mancha;Cebollas;759.85;889.39;1.17;57.62;0.38;0.44;2020-01-01;Pre-covid;Pre-covid
2020;01;Castilla la mancha;Ajos;88.04;354.54;4.03;33.46;0.04;0.18;2020-01-01;Pre-covid;Pre-covid
2020;01;Castilla la mancha;Coles;166.11;191.95;1.16;15.04;0.08;0.1;2020-01-01;Pre-covid;Pre-covid
2020;01;Castilla la mancha;Pepinos;220.54;364.72;1.65;27.14;0.11;0.18;2020-01-01;Pre-covid;Pre-covid
2020;01;Castilla la mancha;Judias verdes;276.0;824.43;2.99;32.06;0.14;0.41;2020-01-01;Pre-covid;Pre-covid
2020;01;Castilla la mancha;Pimientos;757.86;1362.9;1.8;63.27;0.38;0.68;2020-01-01;Pre-covid;Pre-covid
2020;01;Castilla la mancha;Champiñoneso setas;255.21;1095.78;4.29;45.06;0.13;0.55;2020-01-01;Pre-covid;Pre-covid
2020;01;Castilla la mancha;Lechuga/esc /endivia;470.53;1316.81;2.8;61.82;0.24;0.66;2020-01-01;Pre-covid;Pre-covid
2020;01;Castilla la mancha;Esparragos;47.14;201.74;4.28;10.29;0.02;0.1;2020-01-01;Pre-covid;Pre-covid
2020;01;Castilla la mancha;Verduras de hoja;234.15;579.01;2.47;26.13;0.12;0.29;2020-01-01;Pre-covid;Pre-covid
2020;01;Castilla la mancha;Berenjenas;198.81;347.98;1.75;30.66;0.1;0.17;2020-01-01;Pre-covid;Pre-covid
2020;01;Castilla la mancha;Zanahorias;470.71;392.3;0.83;56.44;0.24;0.2;2020-01-01;Pre-covid;Pre-covid
2020;01;Castilla la mancha;Calabacines;653.09;1084.08;1.66;58.0;0.33;0.54;2020-01-01;Pre-covid;Pre-covid
2020;01;Castilla la mancha;Otr hortalizas/verd ;1475.48;3117.96;2.11;75.58;0.74;1.56;2020-01-01;Pre-covid;Pre-covid
2020;01;Castilla la mancha;Brocoli;210.08;415.08;1.98;25.96;0.1;0.21;2020-01-01;Pre-covid;Pre-covid
2020;01;Castilla la mancha;Alcachofas;206.85;544.03;2.63;27.11;0.1;0.27;2020-01-01;Pre-covid;Pre-covid
2020;01;Castilla la mancha;Apio;57.62;80.26;1.39;10.35;0.03;0.04;2020-01-01;Pre-covid;Pre-covid
2020;01;Castilla la mancha;Coliflor;76.74;131.64;1.72;8.63;0.04;0.07;2020-01-01;Pre-covid;Pre-covid
2020;01;Castilla la mancha;Verd /hort  iv gama;842.54;2301.3;2.73;60.41;0.42;1.15;2020-01-01;Pre-covid;Pre-covid
2020;01;Castilla la mancha;Puerro;144.21;338.28;2.35;31.27;0.07;0.17;2020-01-01;Pre-covid;Pre-covid
2020;01;Castilla leon;Patatas;4042.49;3608.69;0.89;66.15;1.76;1.57;2020-01-01;Pre-covid;Pre-covid
2020;01;Castilla leon;Patatas frescas;2996.24;2505.35;0.84;52.04;1.31;1.09;2020-01-01;Pre-covid;Pre-covid
2020;01;Castilla leon;Patatas congeladas;92.82;117.58;1.27;5.75;0.04;0.05;2020-01-01;Pre-covid;Pre-covid
2020;01;Castilla leon;Patatas procesadas;190.69;985.76;5.17;36.78;0.08;0.43;2020-01-01;Pre-covid;Pre-covid
2020;01;Castilla leon;Patatas fritas;143.71;916.15;6.37;35.6;0.06;0.4;2020-01-01;Pre-covid;Pre-covid
2020;01;Castilla leon;Hortalizas frescas;10258.22;19129.86;1.86;94.79;4.47;8.33;2020-01-01;Pre-covid;Pre-covid
2020;01;Castilla leon;Omates;1607.92;2803.6;1.74;70.49;0.7;1.22;2020-01-01;Pre-covid;Pre-covid
2020;01;Castilla leon;Cebollas;1174.19;1449.29;1.23;52.85;0.51;0.63;2020-01-01;Pre-covid;Pre-covid
2020;01;Castilla leon;Ajos;119.41;479.97;4.02;32.69;0.05;0.21;2020-01-01;Pre-covid;Pre-covid
2020;01;Castilla leon;Coles;645.55;722.82;1.12;26.41;0.28;0.31;2020-01-01;Pre-covid;Pre-covid
2020;01;Castilla leon;Pepinos;214.69;358.94;1.67;21.45;0.09;0.16;2020-01-01;Pre-covid;Pre-covid
2020;01;Castilla leon;Judias verdes;203.82;603.96;2.96;24.31;0.09;0.26;2020-01-01;Pre-covid;Pre-covid
2020;01;Castilla leon;Pimientos;891.62;1676.06;1.88;61.67;0.39;0.73;2020-01-01;Pre-covid;Pre-covid
2020;01;Castilla leon;Champiñoneso setas;315.49;1202.27;3.81;41.07;0.14;0.52;2020-01-01;Pre-covid;Pre-covid
2020;01;Castilla leon;Lechuga/esc /endivia;826.98;2202.85;2.66;64.71;0.36;0.96;2020-01-01;Pre-covid;Pre-covid
2020;01;Castilla leon;Esparragos;68.36;199.34;2.92;7.22;0.03;0.09;2020-01-01;Pre-covid;Pre-covid
2020;01;Castilla leon;Verduras de hoja;177.66;469.56;2.64;20.88;0.08;0.2;2020-01-01;Pre-covid;Pre-covid
2020;01;Castilla leon;Berenjenas;166.93;278.69;1.67;16.11;0.07;0.12;2020-01-01;Pre-covid;Pre-covid
2020;01;Castilla leon;Zanahorias;983.96;793.14;0.81;57.23;0.43;0.35;2020-01-01;Pre-covid;Pre-covid
2020;01;Castilla leon;Calabacines;681.25;1057.09;1.55;47.05;0.3;0.46;2020-01-01;Pre-covid;Pre-covid
2020;01;Castilla leon;Otr hortalizas/verd ;2180.38;4832.3;2.22;77.95;0.95;2.11;2020-01-01;Pre-covid;Pre-covid
2020;01;Castilla leon;Brocoli;279.19;510.41;1.83;19.8;0.12;0.22;2020-01-01;Pre-covid;Pre-covid
2020;01;Castilla leon;Alcachofas;224.68;554.17;2.47;17.49;0.1;0.24;2020-01-01;Pre-covid;Pre-covid
2020;01;Castilla leon;Apio;62.51;102.28;1.64;8.28;0.03;0.04;2020-01-01;Pre-covid;Pre-covid
2020;01;Castilla leon;Coliflor;206.44;388.9;1.88;15.14;0.09;0.17;2020-01-01;Pre-covid;Pre-covid
2020;01;Castilla leon;Verd /hort  iv gama;982.78;2827.55;2.88;58.12;0.43;1.23;2020-01-01;Pre-covid;Pre-covid
2020;01;Castilla leon;Puerro;269.29;777.79;2.89;38.79;0.12;0.34;2020-01-01;Pre-covid;Pre-covid
2020;01;Cataluña;Patatas;18837.89;18683.09;0.99;85.55;2.73;2.71;2020-01-01;Pre-covid;Pre-covid
2020;01;Cataluña;Patatas frescas;12871.29;11746.39;0.91;76.09;1.87;1.7;2020-01-01;Pre-covid;Pre-covid
2020;01;Cataluña;Patatas congeladas;647.5;990.87;1.53;13.94;0.09;0.14;2020-01-01;Pre-covid;Pre-covid
2020;01;Cataluña;Patatas procesadas;1063.82;5945.83;5.59;54.44;0.15;0.86;2020-01-01;Pre-covid;Pre-covid
2020;01;Cataluña;Patatas fritas;853.6;5594.3;6.55;52.47;0.12;0.81;2020-01-01;Pre-covid;Pre-covid
2020;01;Cataluña;Hortalizas frescas;42588.09;87592.33;2.06;97.05;6.17;12.69;2020-01-01;Pre-covid;Pre-covid
2020;01;Cataluña;Omates;8096.21;16058.71;1.98;84.17;1.17;2.33;2020-01-01;Pre-covid;Pre-covid
2020;01;Cataluña;Cebollas;5081.16;6390.99;1.26;69.18;0.74;0.93;2020-01-01;Pre-covid;Pre-covid
2020;01;Cataluña;Ajos;500.28;2316.09;4.63;38.05;0.07;0.34;2020-01-01;Pre-covid;Pre-covid
2020;01;Cataluña;Coles;1583.93;1875.84;1.18;27.37;0.23;0.27;2020-01-01;Pre-covid;Pre-covid
2020;01;Cataluña;Pepinos;718.36;1271.39;1.77;25.24;0.1;0.18;2020-01-01;Pre-covid;Pre-covid
2020;01;Cataluña;Judias verdes;1719.74;6374.57;3.71;42.82;0.25;0.92;2020-01-01;Pre-covid;Pre-covid
2020;01;Cataluña;Pimientos;3064.48;5683.1;1.85;63.32;0.44;0.82;2020-01-01;Pre-covid;Pre-covid
2020;01;Cataluña;Champiñoneso setas;902.08;3560.11;3.95;40.95;0.13;0.52;2020-01-01;Pre-covid;Pre-covid
2020;01;Cataluña;Lechuga/esc /endivia;2761.72;7989.38;2.89;69.18;0.4;1.16;2020-01-01;Pre-covid;Pre-covid
2020;01;Cataluña;Esparragos;473.43;945.97;2.0;9.17;0.07;0.14;2020-01-01;Pre-covid;Pre-covid
2020;01;Cataluña;Verduras de hoja;1092.85;2833.72;2.59;31.75;0.16;0.41;2020-01-01;Pre-covid;Pre-covid
2020;01;Cataluña;Berenjenas;1168.78;2213.83;1.89;35.15;0.17;0.32;2020-01-01;Pre-covid;Pre-covid
2020;01;Cataluña;Zanahorias;2317.13;2380.65;1.03;58.43;0.34;0.34;2020-01-01;Pre-covid;Pre-covid
2020;01;Cataluña;Calabacines;2528.4;4354.72;1.72;53.41;0.37;0.63;2020-01-01;Pre-covid;Pre-covid
2020;01;Cataluña;Otr hortalizas/verd ;10579.54;23343.27;2.21;85.22;1.53;3.38;2020-01-01;Pre-covid;Pre-covid
2020;01;Cataluña;Brocoli;1587.38;2450.23;1.54;31.05;0.23;0.36;2020-01-01;Pre-covid;Pre-covid
2020;01;Cataluña;Alcachofas;2490.01;6644.3;2.67;40.53;0.36;0.96;2020-01-01;Pre-covid;Pre-covid
2020;01;Cataluña;Apio;681.94;1008.06;1.48;21.88;0.1;0.15;2020-01-01;Pre-covid;Pre-covid
2020;01;Cataluña;Coliflor;463.23;861.32;1.86;12.07;0.07;0.12;2020-01-01;Pre-covid;Pre-covid
2020;01;Cataluña;Verd /hort  iv gama;4649.9;13559.38;2.92;69.77;0.67;1.96;2020-01-01;Pre-covid;Pre-covid
2020;01;Cataluña;Puerro;926.62;2327.48;2.51;37.83;0.13;0.34;2020-01-01;Pre-covid;Pre-covid
2020;01;Extremadura;Patatas;2304.03;2091.13;0.91;79.76;2.05;1.86;2020-01-01;Pre-covid;Pre-covid
2020;01;Extremadura;Patatas frescas;1664.94;1434.71;0.86;75.12;1.48;1.28;2020-01-01;Pre-covid;Pre-covid
2020;01;Extremadura;Patatas congeladas;143.4;156.1;1.09;13.86;0.13;0.14;2020-01-01;Pre-covid;Pre-covid
2020;01;Extremadura;Patatas procesadas;99.14;500.32;5.05;43.2;0.09;0.45;2020-01-01;Pre-covid;Pre-covid
2020;01;Extremadura;Patatas fritas;78.31;461.45;5.89;40.81;0.07;0.41;2020-01-01;Pre-covid;Pre-covid
2020;01;Extremadura;Hortalizas frescas;4929.58;8796.6;1.78;98.03;4.39;7.83;2020-01-01;Pre-covid;Pre-covid
2020;01;Extremadura;Omates;929.65;1522.43;1.64;81.13;0.83;1.36;2020-01-01;Pre-covid;Pre-covid
2020;01;Extremadura;Cebollas;643.88;768.28;1.19;72.71;0.57;0.68;2020-01-01;Pre-covid;Pre-covid
2020;01;Extremadura;Ajos;65.32;269.24;4.12;39.57;0.06;0.24;2020-01-01;Pre-covid;Pre-covid
2020;01;Extremadura;Coles;143.76;167.09;1.16;25.59;0.13;0.15;2020-01-01;Pre-covid;Pre-covid
2020;01;Extremadura;Pepinos;112.01;161.63;1.44;32.78;0.1;0.14;2020-01-01;Pre-covid;Pre-covid
2020;01;Extremadura;Judias verdes;91.02;273.67;3.01;22.75;0.08;0.24;2020-01-01;Pre-covid;Pre-covid
2020;01;Extremadura;Pimientos;420.55;711.63;1.69;78.98;0.37;0.63;2020-01-01;Pre-covid;Pre-covid
2020;01;Extremadura;Champiñoneso setas;173.7;605.66;3.49;48.63;0.15;0.54;2020-01-01;Pre-covid;Pre-covid
2020;01;Extremadura;Lechuga/esc /endivia;370.1;968.91;2.62;65.82;0.33;0.86;2020-01-01;Pre-covid;Pre-covid
2020;01;Extremadura;Esparragos;18.66;103.18;5.53;8.79;0.02;0.09;2020-01-01;Pre-covid;Pre-covid
2020;01;Extremadura;Verduras de hoja;180.0;439.98;2.44;33.53;0.16;0.39;2020-01-01;Pre-covid;Pre-covid
2020;01;Extremadura;Berenjenas;91.33;165.28;1.81;22.99;0.08;0.15;2020-01-01;Pre-covid;Pre-covid
2020;01;Extremadura;Zanahorias;367.89;296.71;0.81;57.89;0.33;0.26;2020-01-01;Pre-covid;Pre-covid
2020;01;Extremadura;Calabacines;301.71;491.73;1.63;52.85;0.27;0.44;2020-01-01;Pre-covid;Pre-covid
2020;01;Extremadura;Otr hortalizas/verd ;1020.02;1851.17;1.81;75.34;0.91;1.65;2020-01-01;Pre-covid;Pre-covid
2020;01;Extremadura;Brocoli;207.03;338.24;1.63;25.14;0.18;0.3;2020-01-01;Pre-covid;Pre-covid
2020;01;Extremadura;Alcachofas;86.87;166.12;1.91;22.52;0.08;0.15;2020-01-01;Pre-covid;Pre-covid
2020;01;Extremadura;Apio;35.43;53.0;1.5;8.24;0.03;0.05;2020-01-01;Pre-covid;Pre-covid
2020;01;Extremadura;Coliflor;26.35;48.91;1.86;5.48;0.02;0.04;2020-01-01;Pre-covid;Pre-covid
2020;01;Extremadura;Verd /hort  iv gama;583.32;1446.55;2.48;63.34;0.52;1.29;2020-01-01;Pre-covid;Pre-covid
2020;01;Extremadura;Puerro;104.04;228.32;2.19;32.16;0.09;0.2;2020-01-01;Pre-covid;Pre-covid
2020;01;Galicia;Patatas;6153.29;5362.21;0.87;62.22;2.37;2.06;2020-01-01;Pre-covid;Pre-covid
2020;01;Galicia;Patatas frescas;4885.41;4090.3;0.84;50.2;1.88;1.57;2020-01-01;Pre-covid;Pre-covid
2020;01;Galicia;Patatas congeladas;145.75;175.61;1.2;7.41;0.06;0.07;2020-01-01;Pre-covid;Pre-covid
2020;01;Galicia;Patatas procesadas;224.43;1096.3;4.88;32.84;0.09;0.42;2020-01-01;Pre-covid;Pre-covid
2020;01;Galicia;Patatas fritas;162.8;1007.7;6.19;30.58;0.06;0.39;2020-01-01;Pre-covid;Pre-covid
2020;01;Galicia;Hortalizas frescas;10180.33;19409.64;1.91;96.54;3.92;7.47;2020-01-01;Pre-covid;Pre-covid
2020;01;Galicia;Omates;1698.96;3206.35;1.89;74.84;0.65;1.23;2020-01-01;Pre-covid;Pre-covid
2020;01;Galicia;Cebollas;1081.13;1473.46;1.36;52.23;0.42;0.57;2020-01-01;Pre-covid;Pre-covid
2020;01;Galicia;Ajos;117.99;535.88;4.54;35.07;0.05;0.21;2020-01-01;Pre-covid;Pre-covid
2020;01;Galicia;Coles;1056.53;1109.93;1.05;30.53;0.41;0.43;2020-01-01;Pre-covid;Pre-covid
2020;01;Galicia;Pepinos;79.65;148.33;1.86;9.24;0.03;0.06;2020-01-01;Pre-covid;Pre-covid
2020;01;Galicia;Judias verdes;232.02;808.72;3.49;21.23;0.09;0.31;2020-01-01;Pre-covid;Pre-covid
2020;01;Galicia;Pimientos;743.09;1421.7;1.91;47.07;0.29;0.55;2020-01-01;Pre-covid;Pre-covid
2020;01;Galicia;Champiñoneso setas;204.66;904.42;4.42;30.27;0.08;0.35;2020-01-01;Pre-covid;Pre-covid
2020;01;Galicia;Lechuga/esc /endivia;841.17;2076.3;2.47;56.01;0.32;0.8;2020-01-01;Pre-covid;Pre-covid
2020;01;Galicia;Esparragos;27.8;127.85;4.6;4.51;0.01;0.05;2020-01-01;Pre-covid;Pre-covid
2020;01;Galicia;Verduras de hoja;409.6;873.86;2.13;20.97;0.16;0.34;2020-01-01;Pre-covid;Pre-covid
2020;01;Galicia;Berenjenas;171.78;336.85;1.96;15.49;0.07;0.13;2020-01-01;Pre-covid;Pre-covid
2020;01;Galicia;Zanahorias;862.4;774.65;0.9;57.62;0.33;0.3;2020-01-01;Pre-covid;Pre-covid
2020;01;Galicia;Calabacines;536.92;886.35;1.65;36.52;0.21;0.34;2020-01-01;Pre-covid;Pre-covid
2020;01;Galicia;Otr hortalizas/verd ;2116.63;4725.02;2.23;75.49;0.81;1.82;2020-01-01;Pre-covid;Pre-covid
2020;01;Galicia;Brocoli;588.17;984.82;1.67;30.58;0.23;0.38;2020-01-01;Pre-covid;Pre-covid
2020;01;Galicia;Alcachofas;76.2;192.7;2.53;4.26;0.03;0.07;2020-01-01;Pre-covid;Pre-covid
2020;01;Galicia;Apio;47.74;66.88;1.4;4.41;0.02;0.03;2020-01-01;Pre-covid;Pre-covid
2020;01;Galicia;Coliflor;131.0;213.57;1.63;6.7;0.05;0.08;2020-01-01;Pre-covid;Pre-covid
2020;01;Galicia;Verd /hort  iv gama;999.39;2868.08;2.87;56.51;0.38;1.1;2020-01-01;Pre-covid;Pre-covid
2020;01;Galicia;Puerro;263.15;755.5;2.87;34.56;0.1;0.29;2020-01-01;Pre-covid;Pre-covid
2020;01;La rioja;Patatas;465.47;469.06;1.01;69.28;1.51;1.52;2020-01-01;Pre-covid;Pre-covid
2020;01;La rioja;Patatas frescas;355.18;341.48;0.96;73.19;1.15;1.11;2020-01-01;Pre-covid;Pre-covid
2020;01;La rioja;Patatas congeladas;14.86;19.88;1.34;9.9;0.05;0.06;2020-01-01;Pre-covid;Pre-covid
2020;01;La rioja;Patatas procesadas;19.09;107.71;5.64;36.45;0.06;0.35;2020-01-01;Pre-covid;Pre-covid
2020;01;La rioja;Patatas fritas;17.72;105.79;5.97;35.52;0.06;0.34;2020-01-01;Pre-covid;Pre-covid
2020;01;La rioja;Hortalizas frescas;1276.2;2500.48;1.96;95.27;4.15;8.12;2020-01-01;Pre-covid;Pre-covid
2020;01;La rioja;Omates;112.72;210.44;1.87;47.24;0.37;0.68;2020-01-01;Pre-covid;Pre-covid
2020;01;La rioja;Cebollas;136.36;162.06;1.19;68.07;0.44;0.53;2020-01-01;Pre-covid;Pre-covid
2020;01;La rioja;Ajos;16.61;83.92;5.05;28.96;0.05;0.27;2020-01-01;Pre-covid;Pre-covid
2020;01;La rioja;Coles;108.63;102.41;0.94;20.51;0.35;0.33;2020-01-01;Pre-covid;Pre-covid
2020;01;La rioja;Pepinos;17.15;30.95;1.81;13.71;0.06;0.1;2020-01-01;Pre-covid;Pre-covid
2020;01;La rioja;Judias verdes;37.15;118.07;3.18;28.87;0.12;0.38;2020-01-01;Pre-covid;Pre-covid
2020;01;La rioja;Pimientos;54.29;117.6;2.17;45.5;0.18;0.38;2020-01-01;Pre-covid;Pre-covid
2020;01;La rioja;Champiñoneso setas;56.8;280.6;4.94;38.42;0.18;0.91;2020-01-01;Pre-covid;Pre-covid
2020;01;La rioja;Lechuga/esc /endivia;129.81;341.95;2.63;73.09;0.42;1.11;2020-01-01;Pre-covid;Pre-covid
2020;01;La rioja;Esparragos;0.56;2.86;5.07;0.89;0.0;0.01;2020-01-01;Pre-covid;Pre-covid
2020;01;La rioja;Verduras de hoja;27.19;74.9;2.75;21.34;0.09;0.24;2020-01-01;Pre-covid;Pre-covid
2020;01;La rioja;Berenjenas;15.5;25.76;1.66;14.32;0.05;0.08;2020-01-01;Pre-covid;Pre-covid
2020;01;La rioja;Zanahorias;91.93;80.05;0.87;62.44;0.3;0.26;2020-01-01;Pre-covid;Pre-covid
2020;01;La rioja;Calabacines;161.2;249.76;1.55;44.42;0.52;0.81;2020-01-01;Pre-covid;Pre-covid
2020;01;La rioja;Otr hortalizas/verd ;310.3;619.15;2.0;66.68;1.01;2.01;2020-01-01;Pre-covid;Pre-covid
2020;01;La rioja;Brocoli;90.19;93.3;1.03;22.91;0.29;0.3;2020-01-01;Pre-covid;Pre-covid
2020;01;La rioja;Alcachofas;29.97;74.21;2.48;24.94;0.1;0.24;2020-01-01;Pre-covid;Pre-covid
2020;01;La rioja;Apio;15.51;26.57;1.71;11.38;0.05;0.09;2020-01-01;Pre-covid;Pre-covid
2020;01;La rioja;Coliflor;15.27;21.67;1.42;9.0;0.05;0.07;2020-01-01;Pre-covid;Pre-covid
2020;01;La rioja;Verd /hort  iv gama;92.8;370.86;4.0;46.25;0.3;1.21;2020-01-01;Pre-covid;Pre-covid
2020;01;La rioja;Puerro;30.83;111.65;3.62;39.35;0.1;0.36;2020-01-01;Pre-covid;Pre-covid
2020;01;Madrid;Patatas;13203.51;12623.21;0.96;77.63;2.17;2.07;2020-01-01;Pre-covid;Pre-covid
2020;01;Madrid;Patatas frescas;8933.68;8003.63;0.9;65.56;1.47;1.32;2020-01-01;Pre-covid;Pre-covid
2020;01;Madrid;Patatas congeladas;516.64;699.8;1.35;10.66;0.08;0.11;2020-01-01;Pre-covid;Pre-covid
2020;01;Madrid;Patatas procesadas;750.64;3919.79;5.22;45.01;0.12;0.64;2020-01-01;Pre-covid;Pre-covid
2020;01;Madrid;Patatas fritas;605.01;3691.95;6.1;43.11;0.1;0.61;2020-01-01;Pre-covid;Pre-covid
2020;01;Madrid;Hortalizas frescas;30006.01;58425.5;1.95;96.77;4.93;9.6;2020-01-01;Pre-covid;Pre-covid
2020;01;Madrid;Omates;6162.55;11058.51;1.79;82.42;1.01;1.82;2020-01-01;Pre-covid;Pre-covid
2020;01;Madrid;Cebollas;3406.2;3916.14;1.15;68.63;0.56;0.64;2020-01-01;Pre-covid;Pre-covid
2020;01;Madrid;Ajos;378.29;1541.45;4.07;39.21;0.06;0.25;2020-01-01;Pre-covid;Pre-covid
2020;01;Madrid;Coles;1130.13;1352.31;1.2;27.87;0.19;0.22;2020-01-01;Pre-covid;Pre-covid
2020;01;Madrid;Pepinos;557.69;928.6;1.67;24.2;0.09;0.15;2020-01-01;Pre-covid;Pre-covid
2020;01;Madrid;Judias verdes;953.09;2891.71;3.03;32.27;0.16;0.48;2020-01-01;Pre-covid;Pre-covid
2020;01;Madrid;Pimientos;2644.06;4859.19;1.84;69.79;0.43;0.8;2020-01-01;Pre-covid;Pre-covid
2020;01;Madrid;Champiñoneso setas;797.55;3128.22;3.92;39.84;0.13;0.51;2020-01-01;Pre-covid;Pre-covid
2020;01;Madrid;Lechuga/esc /endivia;1548.22;4861.89;3.14;64.24;0.25;0.8;2020-01-01;Pre-covid;Pre-covid
2020;01;Madrid;Esparragos;277.66;915.97;3.3;10.66;0.05;0.15;2020-01-01;Pre-covid;Pre-covid
2020;01;Madrid;Verduras de hoja;674.9;1831.44;2.71;32.22;0.11;0.3;2020-01-01;Pre-covid;Pre-covid
2020;01;Madrid;Berenjenas;622.31;1116.22;1.79;26.11;0.1;0.18;2020-01-01;Pre-covid;Pre-covid
2020;01;Madrid;Zanahorias;2321.28;1980.58;0.85;64.35;0.38;0.33;2020-01-01;Pre-covid;Pre-covid
2020;01;Madrid;Calabacines;2471.37;4023.52;1.63;57.13;0.41;0.66;2020-01-01;Pre-covid;Pre-covid
2020;01;Madrid;Otr hortalizas/verd ;6060.71;14019.74;2.31;79.57;1.0;2.3;2020-01-01;Pre-covid;Pre-covid
2020;01;Madrid;Brocoli;752.76;1403.48;1.86;28.45;0.12;0.23;2020-01-01;Pre-covid;Pre-covid
2020;01;Madrid;Alcachofas;801.65;1999.7;2.49;21.95;0.13;0.33;2020-01-01;Pre-covid;Pre-covid
2020;01;Madrid;Apio;222.25;400.96;1.8;11.7;0.04;0.07;2020-01-01;Pre-covid;Pre-covid
2020;01;Madrid;Coliflor;322.34;589.52;1.83;9.91;0.05;0.1;2020-01-01;Pre-covid;Pre-covid
2020;01;Madrid;Verd /hort  iv gama;3536.43;10547.16;2.98;71.58;0.58;1.73;2020-01-01;Pre-covid;Pre-covid
2020;01;Madrid;Puerro;885.28;1967.41;2.22;44.05;0.15;0.32;2020-01-01;Pre-covid;Pre-covid
2020;01;Murcia;Patatas;2963.89;2767.96;0.93;87.03;2.14;2.0;2020-01-01;Pre-covid;Pre-covid
2020;01;Murcia;Patatas frescas;2054.62;1741.28;0.85;67.37;1.48;1.26;2020-01-01;Pre-covid;Pre-covid
2020;01;Murcia;Patatas congeladas;144.63;212.62;1.47;13.41;0.1;0.15;2020-01-01;Pre-covid;Pre-covid
2020;01;Murcia;Patatas procesadas;152.93;814.06;5.32;51.98;0.11;0.59;2020-01-01;Pre-covid;Pre-covid
2020;01;Murcia;Patatas fritas;128.56;781.71;6.08;50.37;0.09;0.56;2020-01-01;Pre-covid;Pre-covid
2020;01;Murcia;Hortalizas frescas;6602.68;12215.87;1.85;97.4;4.76;8.8;2020-01-01;Pre-covid;Pre-covid
2020;01;Murcia;Omates;1416.54;2282.29;1.61;83.32;1.02;1.65;2020-01-01;Pre-covid;Pre-covid
2020;01;Murcia;Cebollas;856.79;944.21;1.1;66.87;0.62;0.68;2020-01-01;Pre-covid;Pre-covid
2020;01;Murcia;Ajos;58.28;244.64;4.2;29.78;0.04;0.18;2020-01-01;Pre-covid;Pre-covid
2020;01;Murcia;Coles;134.09;164.92;1.23;13.74;0.1;0.12;2020-01-01;Pre-covid;Pre-covid
2020;01;Murcia;Pepinos;299.58;469.2;1.57;29.37;0.22;0.34;2020-01-01;Pre-covid;Pre-covid
2020;01;Murcia;Judias verdes;191.39;586.46;3.06;41.56;0.14;0.42;2020-01-01;Pre-covid;Pre-covid
2020;01;Murcia;Pimientos;401.01;774.73;1.93;66.27;0.29;0.56;2020-01-01;Pre-covid;Pre-covid
2020;01;Murcia;Champiñoneso setas;149.54;548.99;3.67;42.72;0.11;0.4;2020-01-01;Pre-covid;Pre-covid
2020;01;Murcia;Lechuga/esc /endivia;439.71;1172.96;2.67;64.01;0.32;0.85;2020-01-01;Pre-covid;Pre-covid
2020;01;Murcia;Esparragos;53.01;178.26;3.36;10.48;0.04;0.13;2020-01-01;Pre-covid;Pre-covid
2020;01;Murcia;Verduras de hoja;167.32;436.86;2.61;28.63;0.12;0.31;2020-01-01;Pre-covid;Pre-covid
2020;01;Murcia;Berenjenas;154.32;288.62;1.87;32.23;0.11;0.21;2020-01-01;Pre-covid;Pre-covid
2020;01;Murcia;Zanahorias;290.21;270.45;0.93;47.26;0.21;0.19;2020-01-01;Pre-covid;Pre-covid
2020;01;Murcia;Calabacines;358.36;597.01;1.67;61.43;0.26;0.43;2020-01-01;Pre-covid;Pre-covid
2020;01;Murcia;Otr hortalizas/verd ;1632.54;3256.26;1.99;80.82;1.18;2.35;2020-01-01;Pre-covid;Pre-covid
2020;01;Murcia;Brocoli;313.6;439.02;1.4;30.48;0.23;0.32;2020-01-01;Pre-covid;Pre-covid
2020;01;Murcia;Alcachofas;295.19;594.99;2.02;30.07;0.21;0.43;2020-01-01;Pre-covid;Pre-covid
2020;01;Murcia;Apio;78.22;127.15;1.63;27.75;0.06;0.09;2020-01-01;Pre-covid;Pre-covid
2020;01;Murcia;Coliflor;39.65;66.62;1.68;7.15;0.03;0.05;2020-01-01;Pre-covid;Pre-covid
2020;01;Murcia;Verd /hort  iv gama;544.95;1523.31;2.8;61.32;0.39;1.1;2020-01-01;Pre-covid;Pre-covid
2020;01;Murcia;Puerro;136.77;324.62;2.37;39.31;0.1;0.23;2020-01-01;Pre-covid;Pre-covid
2020;01;Navarra;Patatas;1154.1;1147.04;0.99;73.82;2.01;2.0;2020-01-01;Pre-covid;Pre-covid
2020;01;Navarra;Patatas frescas;878.48;792.58;0.9;68.89;1.53;1.38;2020-01-01;Pre-covid;Pre-covid
2020;01;Navarra;Patatas congeladas;61.49;58.41;0.95;8.03;0.11;0.1;2020-01-01;Pre-covid;Pre-covid
2020;01;Navarra;Patatas procesadas;42.83;296.05;6.91;42.89;0.07;0.52;2020-01-01;Pre-covid;Pre-covid
2020;01;Navarra;Patatas fritas;37.2;287.38;7.72;42.26;0.06;0.5;2020-01-01;Pre-covid;Pre-covid
2020;01;Navarra;Hortalizas frescas;2843.39;5647.23;1.99;98.34;4.95;9.83;2020-01-01;Pre-covid;Pre-covid
2020;01;Navarra;Omates;332.17;656.73;1.98;70.33;0.58;1.14;2020-01-01;Pre-covid;Pre-covid
2020;01;Navarra;Cebollas;318.4;415.19;1.3;68.18;0.55;0.72;2020-01-01;Pre-covid;Pre-covid
2020;01;Navarra;Ajos;24.91;126.46;5.08;26.56;0.04;0.22;2020-01-01;Pre-covid;Pre-covid
2020;01;Navarra;Coles;82.14;83.89;1.02;24.54;0.14;0.15;2020-01-01;Pre-covid;Pre-covid
2020;01;Navarra;Pepinos;52.19;64.01;1.23;23.59;0.09;0.11;2020-01-01;Pre-covid;Pre-covid
2020;01;Navarra;Judias verdes;110.14;330.04;3.0;42.81;0.19;0.57;2020-01-01;Pre-covid;Pre-covid
2020;01;Navarra;Pimientos;164.6;346.43;2.1;54.08;0.29;0.6;2020-01-01;Pre-covid;Pre-covid
2020;01;Navarra;Champiñoneso setas;63.92;284.29;4.45;39.67;0.11;0.49;2020-01-01;Pre-covid;Pre-covid
2020;01;Navarra;Lechuga/esc /endivia;287.87;891.92;3.1;69.71;0.5;1.55;2020-01-01;Pre-covid;Pre-covid
2020;01;Navarra;Esparragos;6.69;40.79;6.09;9.01;0.01;0.07;2020-01-01;Pre-covid;Pre-covid
2020;01;Navarra;Verduras de hoja;88.53;141.28;1.6;28.99;0.15;0.25;2020-01-01;Pre-covid;Pre-covid
2020;01;Navarra;Berenjenas;65.41;116.49;1.78;21.41;0.11;0.2;2020-01-01;Pre-covid;Pre-covid
2020;01;Navarra;Zanahorias;195.54;209.15;1.07;60.72;0.34;0.36;2020-01-01;Pre-covid;Pre-covid
2020;01;Navarra;Calabacines;211.32;321.46;1.52;58.35;0.37;0.56;2020-01-01;Pre-covid;Pre-covid
2020;01;Navarra;Otr hortalizas/verd ;839.55;1619.1;1.93;89.06;1.46;2.82;2020-01-01;Pre-covid;Pre-covid
2020;01;Navarra;Brocoli;230.22;258.42;1.12;35.27;0.4;0.45;2020-01-01;Pre-covid;Pre-covid
2020;01;Navarra;Alcachofas;74.24;192.52;2.59;13.01;0.13;0.34;2020-01-01;Pre-covid;Pre-covid
2020;01;Navarra;Apio;24.83;44.76;1.8;8.97;0.04;0.08;2020-01-01;Pre-covid;Pre-covid
2020;01;Navarra;Coliflor;22.06;37.58;1.7;6.27;0.04;0.07;2020-01-01;Pre-covid;Pre-covid
2020;01;Navarra;Verd /hort  iv gama;381.35;1072.93;2.81;64.81;0.66;1.87;2020-01-01;Pre-covid;Pre-covid
2020;01;Navarra;Puerro;72.28;236.6;3.27;35.83;0.13;0.41;2020-01-01;Pre-covid;Pre-covid
2020;01;Pais vasco;Patatas;5248.67;5071.92;0.97;77.13;2.59;2.5;2020-01-01;Pre-covid;Pre-covid
2020;01;Pais vasco;Patatas frescas;4211.24;3853.39;0.92;69.39;2.08;1.9;2020-01-01;Pre-covid;Pre-covid
2020;01;Pais vasco;Patatas congeladas;129.84;173.73;1.34;8.19;0.06;0.09;2020-01-01;Pre-covid;Pre-covid
2020;01;Pais vasco;Patatas procesadas;181.52;1044.8;5.76;33.39;0.09;0.52;2020-01-01;Pre-covid;Pre-covid
2020;01;Pais vasco;Patatas fritas;157.91;1012.38;6.41;32.73;0.08;0.5;2020-01-01;Pre-covid;Pre-covid
2020;01;Pais vasco;Hortalizas frescas;10423.55;21391.74;2.05;97.21;5.14;10.55;2020-01-01;Pre-covid;Pre-covid
2020;01;Pais vasco;Omates;1684.91;3385.11;2.01;70.38;0.83;1.67;2020-01-01;Pre-covid;Pre-covid
2020;01;Pais vasco;Cebollas;1335.87;1844.17;1.38;60.42;0.66;0.91;2020-01-01;Pre-covid;Pre-covid
2020;01;Pais vasco;Ajos;126.11;617.66;4.9;38.34;0.06;0.3;2020-01-01;Pre-covid;Pre-covid
2020;01;Pais vasco;Coles;363.96;404.12;1.11;24.75;0.18;0.2;2020-01-01;Pre-covid;Pre-covid
2020;01;Pais vasco;Pepinos;141.38;246.54;1.74;16.04;0.07;0.12;2020-01-01;Pre-covid;Pre-covid
2020;01;Pais vasco;Judias verdes;477.4;1560.5;3.27;40.94;0.24;0.77;2020-01-01;Pre-covid;Pre-covid
2020;01;Pais vasco;Pimientos;863.43;1651.1;1.91;68.26;0.43;0.81;2020-01-01;Pre-covid;Pre-covid
2020;01;Pais vasco;Champiñoneso setas;271.52;1234.5;4.55;41.52;0.13;0.61;2020-01-01;Pre-covid;Pre-covid
2020;01;Pais vasco;Lechuga/esc /endivia;788.98;2171.17;2.75;61.23;0.39;1.07;2020-01-01;Pre-covid;Pre-covid
2020;01;Pais vasco;Esparragos;54.52;231.54;4.25;6.09;0.03;0.11;2020-01-01;Pre-covid;Pre-covid
2020;01;Pais vasco;Verduras de hoja;285.44;702.74;2.46;32.9;0.14;0.35;2020-01-01;Pre-covid;Pre-covid
2020;01;Pais vasco;Berenjenas;178.71;339.21;1.9;26.14;0.09;0.17;2020-01-01;Pre-covid;Pre-covid
2020;01;Pais vasco;Zanahorias;838.89;739.49;0.88;63.38;0.41;0.36;2020-01-01;Pre-covid;Pre-covid
2020;01;Pais vasco;Calabacines;779.51;1196.92;1.54;46.9;0.38;0.59;2020-01-01;Pre-covid;Pre-covid
2020;01;Pais vasco;Otr hortalizas/verd ;2232.9;5066.97;2.27;74.36;1.1;2.5;2020-01-01;Pre-covid;Pre-covid
2020;01;Pais vasco;Brocoli;404.61;648.96;1.6;23.4;0.2;0.32;2020-01-01;Pre-covid;Pre-covid
2020;01;Pais vasco;Alcachofas;303.28;790.38;2.61;12.61;0.15;0.39;2020-01-01;Pre-covid;Pre-covid
2020;01;Pais vasco;Apio;88.84;102.71;1.16;8.73;0.04;0.05;2020-01-01;Pre-covid;Pre-covid
2020;01;Pais vasco;Coliflor;77.32;157.17;2.03;8.69;0.04;0.08;2020-01-01;Pre-covid;Pre-covid
2020;01;Pais vasco;Verd /hort  iv gama;942.09;2764.05;2.93;59.04;0.46;1.36;2020-01-01;Pre-covid;Pre-covid
2020;01;Pais vasco;Puerro;365.36;1147.65;3.14;44.71;0.18;0.57;2020-01-01;Pre-covid;Pre-covid
2020;01;Valencia;Patatas;10825.13;10847.58;1.0;83.48;2.32;2.33;2020-01-01;Pre-covid;Pre-covid
2020;01;Valencia;Patatas frescas;7338.52;6860.7;0.93;68.59;1.57;1.47;2020-01-01;Pre-covid;Pre-covid
2020;01;Valencia;Patatas congeladas;405.83;553.06;1.36;12.3;0.09;0.12;2020-01-01;Pre-covid;Pre-covid
2020;01;Valencia;Patatas procesadas;616.16;3433.82;5.57;52.98;0.13;0.74;2020-01-01;Pre-covid;Pre-covid
2020;01;Valencia;Patatas fritas;547.34;3339.55;6.1;50.94;0.12;0.72;2020-01-01;Pre-covid;Pre-covid
2020;01;Valencia;Hortalizas frescas;25293.97;49601.15;1.96;98.01;5.43;10.64;2020-01-01;Pre-covid;Pre-covid
2020;01;Valencia;Omates;4619.85;8093.55;1.75;79.95;0.99;1.74;2020-01-01;Pre-covid;Pre-covid
2020;01;Valencia;Cebollas;2834.45;3179.71;1.12;70.69;0.61;0.68;2020-01-01;Pre-covid;Pre-covid
2020;01;Valencia;Ajos;215.27;1022.08;4.75;32.93;0.05;0.22;2020-01-01;Pre-covid;Pre-covid
2020;01;Valencia;Coles;697.62;827.43;1.19;25.84;0.15;0.18;2020-01-01;Pre-covid;Pre-covid
2020;01;Valencia;Pepinos;765.09;1185.56;1.55;32.86;0.16;0.25;2020-01-01;Pre-covid;Pre-covid
2020;01;Valencia;Judias verdes;653.73;2243.16;3.43;36.71;0.14;0.48;2020-01-01;Pre-covid;Pre-covid
2020;01;Valencia;Pimientos;1811.69;3181.89;1.76;61.24;0.39;0.68;2020-01-01;Pre-covid;Pre-covid
2020;01;Valencia;Champiñoneso setas;651.18;2654.12;4.08;45.68;0.14;0.57;2020-01-01;Pre-covid;Pre-covid
2020;01;Valencia;Lechuga/esc /endivia;1621.31;4513.55;2.78;62.61;0.35;0.97;2020-01-01;Pre-covid;Pre-covid
2020;01;Valencia;Esparragos;185.68;628.14;3.38;12.3;0.04;0.13;2020-01-01;Pre-covid;Pre-covid
2020;01;Valencia;Verduras de hoja;732.55;1810.42;2.47;34.19;0.16;0.39;2020-01-01;Pre-covid;Pre-covid
2020;01;Valencia;Berenjenas;805.47;1455.51;1.81;37.94;0.17;0.31;2020-01-01;Pre-covid;Pre-covid
2020;01;Valencia;Zanahorias;1629.48;1397.56;0.86;59.14;0.35;0.3;2020-01-01;Pre-covid;Pre-covid
2020;01;Valencia;Calabacines;1324.44;2224.59;1.68;53.08;0.28;0.48;2020-01-01;Pre-covid;Pre-covid
2020;01;Valencia;Otr hortalizas/verd ;6746.16;15183.9;2.25;89.14;1.45;3.26;2020-01-01;Pre-covid;Pre-covid
2020;01;Valencia;Brocoli;655.58;1291.15;1.97;25.76;0.14;0.28;2020-01-01;Pre-covid;Pre-covid
2020;01;Valencia;Alcachofas;1853.21;4006.93;2.16;48.51;0.4;0.86;2020-01-01;Pre-covid;Pre-covid
2020;01;Valencia;Apio;277.06;429.22;1.55;14.89;0.06;0.09;2020-01-01;Pre-covid;Pre-covid
2020;01;Valencia;Coliflor;305.63;510.42;1.67;12.39;0.07;0.11;2020-01-01;Pre-covid;Pre-covid
2020;01;Valencia;Verd /hort  iv gama;2784.73;8363.17;3.0;70.77;0.6;1.79;2020-01-01;Pre-covid;Pre-covid
2020;01;Valencia;Puerro;565.95;1537.2;2.72;39.47;0.12;0.33;2020-01-01;Pre-covid;Pre-covid
2020;01;Nacional;Frutas frescas;317017.98;511219.71;1.61;95.6;7.16;11.54;2020-01-01;Pre-covid;Pre-covid
2020;01;Nacional;Naranjas;83856.23;81014.66;0.97;56.34;1.89;1.83;2020-01-01;Pre-covid;Pre-covid
2020;01;Nacional;Mandarinas;44641.67;67749.49;1.52;61.96;1.01;1.53;2020-01-01;Pre-covid;Pre-covid
2020;01;Nacional;Limones;8735.09;13265.44;1.52;32.86;0.2;0.3;2020-01-01;Pre-covid;Pre-covid
2020;01;Nacional;Platanos;51272.09;83353.54;1.63;80.47;1.16;1.88;2020-01-01;Pre-covid;Pre-covid
2020;01;Nacional;Manzanas;43451.19;62879.19;1.45;68.19;0.98;1.42;2020-01-01;Pre-covid;Pre-covid
2020;01;Nacional;Peras;19868.69;30074.79;1.51;49.5;0.45;0.68;2020-01-01;Pre-covid;Pre-covid
2020;01;Nacional;Melocotones;296.82;402.89;1.36;0.79;0.01;0.01;2020-01-01;Pre-covid;Pre-covid
2020;01;Nacional;Nectarinas;510.95;766.74;1.5;1.92;0.01;0.02;2020-01-01;Pre-covid;Pre-covid
2020;01;Nacional;Albaricoques;116.31;165.12;1.42;0.58;0.0;0.0;2020-01-01;Pre-covid;Pre-covid
2020;01;Nacional;Fresas/freson;7722.7;29496.65;3.82;30.3;0.17;0.67;2020-01-01;Pre-covid;Pre-covid
2020;01;Nacional;Melon;6331.8;11113.83;1.76;9.26;0.14;0.25;2020-01-01;Pre-covid;Pre-covid
2020;01;Nacional;Sandia;55.65;75.95;1.36;0.1;0.0;0.0;2020-01-01;Pre-covid;Pre-covid
2020;01;Nacional;Ciruelas;989.52;1719.65;1.74;4.81;0.02;0.04;2020-01-01;Pre-covid;Pre-covid
2020;01;Nacional;Cerezas;165.44;1151.99;6.96;1.23;0.0;0.03;2020-01-01;Pre-covid;Pre-covid
2020;01;Nacional;Uvas;6051.32;17661.05;2.92;25.28;0.14;0.4;2020-01-01;Pre-covid;Pre-covid
2020;01;Nacional;Kiwi;12280.62;35158.4;2.86;40.2;0.28;0.79;2020-01-01;Pre-covid;Pre-covid
2020;01;Nacional;Aguacate;5882.58;20728.66;3.52;30.42;0.13;0.47;2020-01-01;Pre-covid;Pre-covid
2020;01;Nacional;Piña;7533.52;13409.94;1.78;19.31;0.17;0.3;2020-01-01;Pre-covid;Pre-covid
2020;01;Nacional;Otras frutas frescas;17255.8;41031.72;2.38;43.04;0.39;0.93;2020-01-01;Pre-covid;Pre-covid
2020;01;Nacional;Pomelo;1027.64;1858.34;1.81;2.9;0.02;0.04;2020-01-01;Pre-covid;Pre-covid
2020;01;Nacional;Chirimoya;3.58;20.76;5.8;0.03;0.0;0.0;2020-01-01;Pre-covid;Pre-covid
2020;01;Nacional;Mango;2607.38;7147.13;2.74;12.13;0.06;0.16;2020-01-01;Pre-covid;Pre-covid
2020;01;Nacional;Frutas iv gama;11340.97;20622.65;1.82;24.44;0.26;0.47;2020-01-01;Pre-covid;Pre-covid
2020;01;Andalucia;Frutas frescas;48163.35;76366.86;1.59;95.14;5.77;9.15;2020-01-01;Pre-covid;Pre-covid
2020;01;Andalucia;Naranjas;12706.44;12176.0;0.96;52.25;1.52;1.46;2020-01-01;Pre-covid;Pre-covid
2020;01;Andalucia;Mandarinas;6438.22;9425.41;1.46;55.45;0.77;1.13;2020-01-01;Pre-covid;Pre-covid
2020;01;Andalucia;Limones;1500.73;2219.0;1.48;25.76;0.18;0.27;2020-01-01;Pre-covid;Pre-covid
2020;01;Andalucia;Platanos;8169.66;12384.57;1.52;80.21;0.98;1.48;2020-01-01;Pre-covid;Pre-covid
2020;01;Andalucia;Manzanas;6370.82;9198.55;1.44;67.06;0.76;1.1;2020-01-01;Pre-covid;Pre-covid
2020;01;Andalucia;Peras;3081.04;4508.31;1.46;48.45;0.37;0.54;2020-01-01;Pre-covid;Pre-covid
2020;01;Andalucia;Melocotones;50.24;65.26;1.3;0.94;0.01;0.01;2020-01-01;Pre-covid;Pre-covid
2020;01;Andalucia;Nectarinas;166.15;240.43;1.45;4.09;0.02;0.03;2020-01-01;Pre-covid;Pre-covid
2020;01;Andalucia;Albaricoques;21.34;35.67;1.67;0.65;0.0;0.0;2020-01-01;Pre-covid;Pre-covid
2020;01;Andalucia;Fresas/freson;1361.43;5089.0;3.74;32.89;0.16;0.61;2020-01-01;Pre-covid;Pre-covid
2020;01;Andalucia;Melon;874.89;1461.58;1.67;7.15;0.1;0.18;2020-01-01;Pre-covid;Pre-covid
2020;01;Andalucia;Sandia;0.0;0.0;0.0;0.0;0.0;0.0;2020-01-01;Pre-covid;Pre-covid
2020;01;Andalucia;Ciruelas;211.06;317.18;1.5;5.21;0.03;0.04;2020-01-01;Pre-covid;Pre-covid
2020;01;Andalucia;Cerezas;30.76;177.52;5.77;1.6;0.0;0.02;2020-01-01;Pre-covid;Pre-covid
2020;01;Andalucia;Uvas;912.46;2636.53;2.89;24.98;0.11;0.32;2020-01-01;Pre-covid;Pre-covid
2020;01;Andalucia;Kiwi;1713.21;4893.39;2.86;38.07;0.21;0.59;2020-01-01;Pre-covid;Pre-covid
2020;01;Andalucia;Aguacate;881.73;3102.99;3.52;32.65;0.11;0.37;2020-01-01;Pre-covid;Pre-covid
2020;01;Andalucia;Piña;1084.15;1680.51;1.55;16.84;0.13;0.2;2020-01-01;Pre-covid;Pre-covid
2020;01;Andalucia;Otras frutas frescas;2589.02;6754.94;2.61;38.84;0.31;0.81;2020-01-01;Pre-covid;Pre-covid
2020;01;Andalucia;Pomelo;112.33;183.69;1.64;2.31;0.01;0.02;2020-01-01;Pre-covid;Pre-covid
2020;01;Andalucia;Chirimoya;0.0;0.0;0.0;0.0;0.0;0.0;2020-01-01;Pre-covid;Pre-covid
2020;01;Andalucia;Mango;468.82;1123.54;2.4;12.33;0.06;0.13;2020-01-01;Pre-covid;Pre-covid
2020;01;Andalucia;Frutas iv gama;1961.89;3544.43;1.81;24.46;0.24;0.42;2020-01-01;Pre-covid;Pre-covid
2020;01;Aragon;Frutas frescas;9626.05;14772.85;1.53;96.67;7.65;11.74;2020-01-01;Pre-covid;Pre-covid
2020;01;Aragon;Naranjas;2468.2;2263.91;0.92;62.88;1.96;1.8;2020-01-01;Pre-covid;Pre-covid
2020;01;Aragon;Mandarinas;1823.75;2485.31;1.36;73.46;1.45;1.97;2020-01-01;Pre-covid;Pre-covid
2020;01;Aragon;Limones;168.41;267.08;1.59;34.81;0.13;0.21;2020-01-01;Pre-covid;Pre-covid
2020;01;Aragon;Platanos;1339.08;2151.46;1.61;78.62;1.06;1.71;2020-01-01;Pre-covid;Pre-covid
2020;01;Aragon;Manzanas;1269.78;1696.17;1.34;71.76;1.01;1.35;2020-01-01;Pre-covid;Pre-covid
2020;01;Aragon;Peras;546.24;904.2;1.66;54.32;0.43;0.72;2020-01-01;Pre-covid;Pre-covid
2020;01;Aragon;Melocotones;0.0;0.0;0.0;0.0;0.0;0.0;2020-01-01;Pre-covid;Pre-covid
2020;01;Aragon;Nectarinas;6.91;11.53;1.67;1.15;0.01;0.01;2020-01-01;Pre-covid;Pre-covid
2020;01;Aragon;Albaricoques;0.0;0.0;0.0;0.0;0.0;0.0;2020-01-01;Pre-covid;Pre-covid
2020;01;Aragon;Fresas/freson;271.34;859.16;3.17;34.87;0.22;0.68;2020-01-01;Pre-covid;Pre-covid
2020;01;Aragon;Melon;198.58;397.25;2.0;9.68;0.16;0.32;2020-01-01;Pre-covid;Pre-covid
2020;01;Aragon;Sandia;18.6;27.73;1.49;0.88;0.01;0.02;2020-01-01;Pre-covid;Pre-covid
2020;01;Aragon;Ciruelas;27.18;52.38;1.93;6.28;0.02;0.04;2020-01-01;Pre-covid;Pre-covid
2020;01;Aragon;Cerezas;2.13;3.98;1.87;0.75;0.0;0.0;2020-01-01;Pre-covid;Pre-covid
2020;01;Aragon;Uvas;168.65;452.9;2.69;23.7;0.13;0.36;2020-01-01;Pre-covid;Pre-covid
2020;01;Aragon;Kiwi;356.04;1002.64;2.82;44.9;0.28;0.8;2020-01-01;Pre-covid;Pre-covid
2020;01;Aragon;Aguacate;152.94;541.97;3.54;28.11;0.12;0.43;2020-01-01;Pre-covid;Pre-covid
2020;01;Aragon;Piña;299.63;534.38;1.78;24.2;0.24;0.42;2020-01-01;Pre-covid;Pre-covid
2020;01;Aragon;Otras frutas frescas;508.6;1120.81;2.2;47.77;0.4;0.89;2020-01-01;Pre-covid;Pre-covid
2020;01;Aragon;Pomelo;17.02;32.3;1.9;3.05;0.01;0.03;2020-01-01;Pre-covid;Pre-covid
2020;01;Aragon;Chirimoya;1.0;3.01;3.0;0.26;0.0;0.0;2020-01-01;Pre-covid;Pre-covid
2020;01;Aragon;Mango;59.17;152.38;2.58;11.61;0.05;0.12;2020-01-01;Pre-covid;Pre-covid
2020;01;Aragon;Frutas iv gama;466.8;816.61;1.75;27.68;0.37;0.65;2020-01-01;Pre-covid;Pre-covid
2020;01;Asturias;Frutas frescas;9425.05;15162.82;1.61;97.73;9.19;14.78;2020-01-01;Pre-covid;Pre-covid
2020;01;Asturias;Naranjas;2421.33;2305.12;0.95;74.52;2.36;2.25;2020-01-01;Pre-covid;Pre-covid
2020;01;Asturias;Mandarinas;1303.13;1958.37;1.5;72.14;1.27;1.91;2020-01-01;Pre-covid;Pre-covid
2020;01;Asturias;Limones;198.45;309.21;1.56;30.76;0.19;0.3;2020-01-01;Pre-covid;Pre-covid
2020;01;Asturias;Platanos;1708.08;2704.49;1.58;84.48;1.67;2.64;2020-01-01;Pre-covid;Pre-covid
2020;01;Asturias;Manzanas;1269.32;1772.12;1.4;68.56;1.24;1.73;2020-01-01;Pre-covid;Pre-covid
2020;01;Asturias;Peras;467.96;719.05;1.54;45.68;0.46;0.7;2020-01-01;Pre-covid;Pre-covid
2020;01;Asturias;Melocotones;0.0;0.0;0.0;0.0;0.0;0.0;2020-01-01;Pre-covid;Pre-covid
2020;01;Asturias;Nectarinas;0.0;0.0;0.0;0.0;0.0;0.0;2020-01-01;Pre-covid;Pre-covid
2020;01;Asturias;Albaricoques;0.45;1.9;4.25;0.37;0.0;0.0;2020-01-01;Pre-covid;Pre-covid
2020;01;Asturias;Fresas/freson;276.86;1029.45;3.72;37.52;0.27;1.0;2020-01-01;Pre-covid;Pre-covid
2020;01;Asturias;Melon;250.7;398.25;1.59;11.32;0.24;0.39;2020-01-01;Pre-covid;Pre-covid
2020;01;Asturias;Sandia;0.0;0.0;0.0;0.0;0.0;0.0;2020-01-01;Pre-covid;Pre-covid
2020;01;Asturias;Ciruelas;17.54;32.71;1.86;6.06;0.02;0.03;2020-01-01;Pre-covid;Pre-covid
2020;01;Asturias;Cerezas;0.0;0.0;0.0;0.0;0.0;0.0;2020-01-01;Pre-covid;Pre-covid
2020;01;Asturias;Uvas;241.34;674.63;2.8;40.83;0.24;0.66;2020-01-01;Pre-covid;Pre-covid
2020;01;Asturias;Kiwi;426.98;1152.35;2.7;45.58;0.42;1.12;2020-01-01;Pre-covid;Pre-covid
2020;01;Asturias;Aguacate;140.86;502.06;3.56;28.77;0.14;0.49;2020-01-01;Pre-covid;Pre-covid
2020;01;Asturias;Piña;278.93;703.47;2.52;21.26;0.27;0.69;2020-01-01;Pre-covid;Pre-covid
2020;01;Asturias;Otras frutas frescas;423.13;899.63;2.13;40.73;0.41;0.88;2020-01-01;Pre-covid;Pre-covid
2020;01;Asturias;Pomelo;64.19;118.8;1.85;3.33;0.06;0.12;2020-01-01;Pre-covid;Pre-covid
2020;01;Asturias;Chirimoya;0.0;0.0;0.0;0.0;0.0;0.0;2020-01-01;Pre-covid;Pre-covid
2020;01;Asturias;Mango;58.8;150.07;2.55;10.62;0.06;0.15;2020-01-01;Pre-covid;Pre-covid
2020;01;Asturias;Frutas iv gama;361.82;691.18;1.91;37.68;0.35;0.67;2020-01-01;Pre-covid;Pre-covid
2020;01;Baleares;Frutas frescas;6648.09;11336.95;1.71;97.2;6.51;11.11;2020-01-01;Pre-covid;Pre-covid
2020;01;Baleares;Naranjas;1445.66;1460.11;1.01;49.5;1.42;1.43;2020-01-01;Pre-covid;Pre-covid
2020;01;Baleares;Mandarinas;781.52;1185.51;1.52;43.55;0.77;1.16;2020-01-01;Pre-covid;Pre-covid
2020;01;Baleares;Limones;112.91;182.23;1.61;25.54;0.11;0.18;2020-01-01;Pre-covid;Pre-covid
2020;01;Baleares;Platanos;1343.08;2102.85;1.57;85.62;1.32;2.06;2020-01-01;Pre-covid;Pre-covid
2020;01;Baleares;Manzanas;1043.38;1530.41;1.47;72.98;1.02;1.5;2020-01-01;Pre-covid;Pre-covid
2020;01;Baleares;Peras;412.61;570.13;1.38;45.88;0.4;0.56;2020-01-01;Pre-covid;Pre-covid
2020;01;Baleares;Melocotones;25.79;39.95;1.55;0.97;0.03;0.04;2020-01-01;Pre-covid;Pre-covid
2020;01;Baleares;Nectarinas;0.0;0.0;0.0;0.0;0.0;0.0;2020-01-01;Pre-covid;Pre-covid
2020;01;Baleares;Albaricoques;0.0;0.0;0.0;0.0;0.0;0.0;2020-01-01;Pre-covid;Pre-covid
2020;01;Baleares;Fresas/freson;125.89;575.59;4.57;24.63;0.12;0.56;2020-01-01;Pre-covid;Pre-covid
2020;01;Baleares;Melon;189.21;332.82;1.76;10.78;0.19;0.33;2020-01-01;Pre-covid;Pre-covid
2020;01;Baleares;Sandia;11.98;17.87;1.49;0.69;0.01;0.02;2020-01-01;Pre-covid;Pre-covid
2020;01;Baleares;Ciruelas;26.02;56.97;2.19;10.35;0.03;0.06;2020-01-01;Pre-covid;Pre-covid
2020;01;Baleares;Cerezas;1.0;3.85;3.84;1.13;0.0;0.0;2020-01-01;Pre-covid;Pre-covid
2020;01;Baleares;Uvas;183.99;574.14;3.12;30.64;0.18;0.56;2020-01-01;Pre-covid;Pre-covid
2020;01;Baleares;Kiwi;285.16;959.85;3.37;41.33;0.28;0.94;2020-01-01;Pre-covid;Pre-covid
2020;01;Baleares;Aguacate;246.24;730.31;2.97;32.07;0.24;0.72;2020-01-01;Pre-covid;Pre-covid
2020;01;Baleares;Piña;72.03;95.97;1.33;13.09;0.07;0.09;2020-01-01;Pre-covid;Pre-covid
2020;01;Baleares;Otras frutas frescas;341.6;918.39;2.69;38.67;0.33;0.9;2020-01-01;Pre-covid;Pre-covid
2020;01;Baleares;Pomelo;17.02;37.35;2.19;2.36;0.02;0.04;2020-01-01;Pre-covid;Pre-covid
2020;01;Baleares;Chirimoya;0.0;0.0;0.0;0.0;0.0;0.0;2020-01-01;Pre-covid;Pre-covid
2020;01;Baleares;Mango;82.09;250.0;3.05;17.14;0.08;0.24;2020-01-01;Pre-covid;Pre-covid
2020;01;Baleares;Frutas iv gama;154.11;287.03;1.86;11.79;0.15;0.28;2020-01-01;Pre-covid;Pre-covid
2020;01;Canarias;Frutas frescas;13828.58;22911.18;1.66;94.62;6.46;10.7;2020-01-01;Pre-covid;Pre-covid
2020;01;Canarias;Naranjas;3239.85;3131.63;0.97;47.3;1.51;1.46;2020-01-01;Pre-covid;Pre-covid
2020;01;Canarias;Mandarinas;1495.41;2227.39;1.49;49.56;0.7;1.04;2020-01-01;Pre-covid;Pre-covid
2020;01;Canarias;Limones;320.07;514.14;1.61;34.56;0.15;0.24;2020-01-01;Pre-covid;Pre-covid
2020;01;Canarias;Platanos;2667.18;3937.49;1.48;75.84;1.25;1.84;2020-01-01;Pre-covid;Pre-covid
2020;01;Canarias;Manzanas;1717.84;2666.46;1.55;64.75;0.8;1.25;2020-01-01;Pre-covid;Pre-covid
2020;01;Canarias;Peras;1217.88;1950.17;1.6;51.92;0.57;0.91;2020-01-01;Pre-covid;Pre-covid
2020;01;Canarias;Melocotones;0.0;0.0;0.0;0.0;0.0;0.0;2020-01-01;Pre-covid;Pre-covid
2020;01;Canarias;Nectarinas;21.68;41.77;1.93;2.1;0.01;0.02;2020-01-01;Pre-covid;Pre-covid
2020;01;Canarias;Albaricoques;0.0;0.0;0.0;0.0;0.0;0.0;2020-01-01;Pre-covid;Pre-covid
2020;01;Canarias;Fresas/freson;214.07;1126.98;5.26;26.72;0.1;0.53;2020-01-01;Pre-covid;Pre-covid
2020;01;Canarias;Melon;87.24;188.93;2.17;6.55;0.04;0.09;2020-01-01;Pre-covid;Pre-covid
2020;01;Canarias;Sandia;0.0;0.0;0.0;0.0;0.0;0.0;2020-01-01;Pre-covid;Pre-covid
2020;01;Canarias;Ciruelas;27.31;47.09;1.72;3.05;0.01;0.02;2020-01-01;Pre-covid;Pre-covid
2020;01;Canarias;Cerezas;0.89;1.76;1.99;0.09;0.0;0.0;2020-01-01;Pre-covid;Pre-covid
2020;01;Canarias;Uvas;112.21;267.04;2.38;10.98;0.05;0.12;2020-01-01;Pre-covid;Pre-covid
2020;01;Canarias;Kiwi;615.85;1466.92;2.38;40.5;0.29;0.69;2020-01-01;Pre-covid;Pre-covid
2020;01;Canarias;Aguacate;623.77;2117.91;3.4;42.17;0.29;0.99;2020-01-01;Pre-covid;Pre-covid
2020;01;Canarias;Piña;27.95;63.58;2.28;2.89;0.01;0.03;2020-01-01;Pre-covid;Pre-covid
2020;01;Canarias;Otras frutas frescas;1439.37;3161.89;2.2;47.21;0.67;1.48;2020-01-01;Pre-covid;Pre-covid
2020;01;Canarias;Pomelo;66.35;119.94;1.81;3.05;0.03;0.06;2020-01-01;Pre-covid;Pre-covid
2020;01;Canarias;Chirimoya;0.0;0.0;0.0;0.0;0.0;0.0;2020-01-01;Pre-covid;Pre-covid
2020;01;Canarias;Mango;110.4;515.25;4.67;7.18;0.05;0.24;2020-01-01;Pre-covid;Pre-covid
2020;01;Canarias;Frutas iv gama;447.13;780.84;1.75;20.36;0.21;0.36;2020-01-01;Pre-covid;Pre-covid
2020;01;Cantabria;Frutas frescas;3766.37;5981.07;1.59;93.43;7.0;11.11;2020-01-01;Pre-covid;Pre-covid
2020;01;Cantabria;Naranjas;1296.45;1346.03;1.04;62.61;2.41;2.5;2020-01-01;Pre-covid;Pre-covid
2020;01;Cantabria;Mandarinas;423.52;633.92;1.5;65.61;0.79;1.18;2020-01-01;Pre-covid;Pre-covid
2020;01;Cantabria;Limones;72.7;114.66;1.58;20.47;0.14;0.21;2020-01-01;Pre-covid;Pre-covid
2020;01;Cantabria;Platanos;575.34;914.93;1.59;86.98;1.07;1.7;2020-01-01;Pre-covid;Pre-covid
2020;01;Cantabria;Manzanas;493.77;655.1;1.33;55.7;0.92;1.22;2020-01-01;Pre-covid;Pre-covid
2020;01;Cantabria;Peras;225.3;319.49;1.42;60.94;0.42;0.59;2020-01-01;Pre-covid;Pre-covid
2020;01;Cantabria;Melocotones;47.73;40.55;0.85;4.5;0.09;0.08;2020-01-01;Pre-covid;Pre-covid
2020;01;Cantabria;Nectarinas;6.4;6.35;0.99;4.35;0.01;0.01;2020-01-01;Pre-covid;Pre-covid
2020;01;Cantabria;Albaricoques;0.0;0.0;0.0;0.0;0.0;0.0;2020-01-01;Pre-covid;Pre-covid
2020;01;Cantabria;Fresas/freson;98.39;471.99;4.8;30.39;0.18;0.88;2020-01-01;Pre-covid;Pre-covid
2020;01;Cantabria;Melon;31.86;51.83;1.63;5.98;0.06;0.1;2020-01-01;Pre-covid;Pre-covid
2020;01;Cantabria;Sandia;0.0;0.0;0.0;0.0;0.0;0.0;2020-01-01;Pre-covid;Pre-covid
2020;01;Cantabria;Ciruelas;1.63;4.07;2.5;2.51;0.0;0.01;2020-01-01;Pre-covid;Pre-covid
2020;01;Cantabria;Cerezas;0.0;0.0;0.0;0.0;0.0;0.0;2020-01-01;Pre-covid;Pre-covid
2020;01;Cantabria;Uvas;33.31;155.79;4.68;11.98;0.06;0.29;2020-01-01;Pre-covid;Pre-covid
2020;01;Cantabria;Kiwi;200.03;567.62;2.84;35.65;0.37;1.05;2020-01-01;Pre-covid;Pre-covid
2020;01;Cantabria;Aguacate;67.07;257.47;3.84;20.62;0.12;0.48;2020-01-01;Pre-covid;Pre-covid
2020;01;Cantabria;Piña;87.79;154.41;1.76;22.5;0.16;0.29;2020-01-01;Pre-covid;Pre-covid
2020;01;Cantabria;Otras frutas frescas;105.09;286.86;2.73;32.49;0.2;0.53;2020-01-01;Pre-covid;Pre-covid
2020;01;Cantabria;Pomelo;0.0;0.0;0.0;0.0;0.0;0.0;2020-01-01;Pre-covid;Pre-covid
2020;01;Cantabria;Chirimoya;0.0;0.0;0.0;0.0;0.0;0.0;2020-01-01;Pre-covid;Pre-covid
2020;01;Cantabria;Mango;24.49;46.1;1.88;6.16;0.05;0.09;2020-01-01;Pre-covid;Pre-covid
2020;01;Cantabria;Frutas iv gama;88.34;175.11;1.98;14.19;0.16;0.33;2020-01-01;Pre-covid;Pre-covid
2020;01;Castilla la mancha;Frutas frescas;14566.93;22178.28;1.52;95.95;7.28;11.08;2020-01-01;Pre-covid;Pre-covid
2020;01;Castilla la mancha;Naranjas;4231.89;3956.84;0.94;58.56;2.11;1.98;2020-01-01;Pre-covid;Pre-covid
2020;01;Castilla la mancha;Mandarinas;2477.31;3638.57;1.47;68.32;1.24;1.82;2020-01-01;Pre-covid;Pre-covid
2020;01;Castilla la mancha;Limones;474.86;652.67;1.37;31.2;0.24;0.33;2020-01-01;Pre-covid;Pre-covid
2020;01;Castilla la mancha;Platanos;2177.04;3480.21;1.6;80.07;1.09;1.74;2020-01-01;Pre-covid;Pre-covid
2020;01;Castilla la mancha;Manzanas;1626.62;2356.77;1.45;67.35;0.81;1.18;2020-01-01;Pre-covid;Pre-covid
2020;01;Castilla la mancha;Peras;949.22;1353.89;1.43;48.93;0.47;0.68;2020-01-01;Pre-covid;Pre-covid
2020;01;Castilla la mancha;Melocotones;0.0;0.0;0.0;0.0;0.0;0.0;2020-01-01;Pre-covid;Pre-covid
2020;01;Castilla la mancha;Nectarinas;18.83;24.32;1.29;1.98;0.01;0.01;2020-01-01;Pre-covid;Pre-covid
2020;01;Castilla la mancha;Albaricoques;3.74;4.49;1.2;0.45;0.0;0.0;2020-01-01;Pre-covid;Pre-covid
2020;01;Castilla la mancha;Fresas/freson;266.59;1176.13;4.41;28.93;0.13;0.59;2020-01-01;Pre-covid;Pre-covid
2020;01;Castilla la mancha;Melon;413.54;843.48;2.04;10.82;0.21;0.42;2020-01-01;Pre-covid;Pre-covid
2020;01;Castilla la mancha;Sandia;0.0;0.0;0.0;0.0;0.0;0.0;2020-01-01;Pre-covid;Pre-covid
2020;01;Castilla la mancha;Ciruelas;46.34;60.29;1.3;2.87;0.02;0.03;2020-01-01;Pre-covid;Pre-covid
2020;01;Castilla la mancha;Cerezas;4.06;67.28;16.57;0.87;0.0;0.03;2020-01-01;Pre-covid;Pre-covid
2020;01;Castilla la mancha;Uvas;217.16;716.27;3.3;27.56;0.11;0.36;2020-01-01;Pre-covid;Pre-covid
2020;01;Castilla la mancha;Kiwi;440.2;1236.97;2.81;37.25;0.22;0.62;2020-01-01;Pre-covid;Pre-covid
2020;01;Castilla la mancha;Aguacate;174.17;703.94;4.04;28.76;0.09;0.35;2020-01-01;Pre-covid;Pre-covid
2020;01;Castilla la mancha;Piña;306.66;492.96;1.61;19.39;0.15;0.25;2020-01-01;Pre-covid;Pre-covid
2020;01;Castilla la mancha;Otras frutas frescas;738.7;1413.2;1.91;39.45;0.37;0.71;2020-01-01;Pre-covid;Pre-covid
2020;01;Castilla la mancha;Pomelo;19.62;38.83;1.98;1.9;0.01;0.02;2020-01-01;Pre-covid;Pre-covid
2020;01;Castilla la mancha;Chirimoya;0.0;0.0;0.0;0.0;0.0;0.0;2020-01-01;Pre-covid;Pre-covid
2020;01;Castilla la mancha;Mango;80.18;193.78;2.42;8.02;0.04;0.1;2020-01-01;Pre-covid;Pre-covid
2020;01;Castilla la mancha;Frutas iv gama;755.37;1009.96;1.34;23.16;0.38;0.5;2020-01-01;Pre-covid;Pre-covid
2020;01;Castilla leon;Frutas frescas;20344.08;29496.52;1.45;95.91;8.86;12.85;2020-01-01;Pre-covid;Pre-covid
2020;01;Castilla leon;Naranjas;6672.23;6296.26;0.94;71.67;2.91;2.74;2020-01-01;Pre-covid;Pre-covid
2020;01;Castilla leon;Mandarinas;2668.4;3745.33;1.4;69.26;1.16;1.63;2020-01-01;Pre-covid;Pre-covid
2020;01;Castilla leon;Limones;576.09;897.0;1.56;42.9;0.25;0.39;2020-01-01;Pre-covid;Pre-covid
2020;01;Castilla leon;Platanos;2907.93;4505.36;1.55;79.07;1.27;1.96;2020-01-01;Pre-covid;Pre-covid
2020;01;Castilla leon;Manzanas;2831.02;3860.58;1.36;68.97;1.23;1.68;2020-01-01;Pre-covid;Pre-covid
2020;01;Castilla leon;Peras;1263.95;1704.57;1.35;53.53;0.55;0.74;2020-01-01;Pre-covid;Pre-covid
2020;01;Castilla leon;Melocotones;69.46;109.09;1.57;1.12;0.03;0.05;2020-01-01;Pre-covid;Pre-covid
2020;01;Castilla leon;Nectarinas;21.77;42.27;1.94;1.48;0.01;0.02;2020-01-01;Pre-covid;Pre-covid
2020;01;Castilla leon;Albaricoques;2.03;4.81;2.37;0.51;0.0;0.0;2020-01-01;Pre-covid;Pre-covid
2020;01;Castilla leon;Fresas/freson;281.72;960.65;3.41;22.34;0.12;0.42;2020-01-01;Pre-covid;Pre-covid
2020;01;Castilla leon;Melon;327.51;560.65;1.71;7.78;0.14;0.24;2020-01-01;Pre-covid;Pre-covid
2020;01;Castilla leon;Sandia;0.0;0.0;0.0;0.0;0.0;0.0;2020-01-01;Pre-covid;Pre-covid
2020;01;Castilla leon;Ciruelas;34.63;74.71;2.16;1.89;0.02;0.03;2020-01-01;Pre-covid;Pre-covid
2020;01;Castilla leon;Cerezas;9.43;57.95;6.14;1.65;0.0;0.03;2020-01-01;Pre-covid;Pre-covid
2020;01;Castilla leon;Uvas;254.58;680.42;2.67;23.37;0.11;0.3;2020-01-01;Pre-covid;Pre-covid
2020;01;Castilla leon;Kiwi;779.27;2139.12;2.75;40.81;0.34;0.93;2020-01-01;Pre-covid;Pre-covid
2020;01;Castilla leon;Aguacate;281.38;1013.6;3.6;29.88;0.12;0.44;2020-01-01;Pre-covid;Pre-covid
2020;01;Castilla leon;Piña;442.93;670.05;1.51;20.84;0.19;0.29;2020-01-01;Pre-covid;Pre-covid
2020;01;Castilla leon;Otras frutas frescas;919.73;2174.09;2.36;45.41;0.4;0.95;2020-01-01;Pre-covid;Pre-covid
2020;01;Castilla leon;Pomelo;52.31;94.95;1.82;3.39;0.02;0.04;2020-01-01;Pre-covid;Pre-covid
2020;01;Castilla leon;Chirimoya;0.0;0.0;0.0;0.0;0.0;0.0;2020-01-01;Pre-covid;Pre-covid
2020;01;Castilla leon;Mango;145.94;416.91;2.86;11.87;0.06;0.18;2020-01-01;Pre-covid;Pre-covid
2020;01;Castilla leon;Frutas iv gama;697.15;1061.68;1.52;25.56;0.3;0.46;2020-01-01;Pre-covid;Pre-covid
2020;01;Cataluña;Frutas frescas;56064.45;94153.26;1.68;94.81;8.12;13.64;2020-01-01;Pre-covid;Pre-covid
2020;01;Cataluña;Naranjas;14739.04;14541.78;0.99;57.53;2.14;2.11;2020-01-01;Pre-covid;Pre-covid
2020;01;Cataluña;Mandarinas;9186.14;14486.39;1.58;71.5;1.33;2.1;2020-01-01;Pre-covid;Pre-covid
2020;01;Cataluña;Limones;1303.72;2258.33;1.73;35.02;0.19;0.33;2020-01-01;Pre-covid;Pre-covid
2020;01;Cataluña;Platanos;8623.25;14892.54;1.73;79.74;1.25;2.16;2020-01-01;Pre-covid;Pre-covid
2020;01;Cataluña;Manzanas;7845.04;11197.04;1.43;69.2;1.14;1.62;2020-01-01;Pre-covid;Pre-covid
2020;01;Cataluña;Peras;3319.49;5284.63;1.59;47.66;0.48;0.77;2020-01-01;Pre-covid;Pre-covid
2020;01;Cataluña;Melocotones;51.41;53.95;1.05;1.52;0.01;0.01;2020-01-01;Pre-covid;Pre-covid
2020;01;Cataluña;Nectarinas;108.56;162.83;1.5;2.27;0.02;0.02;2020-01-01;Pre-covid;Pre-covid
2020;01;Cataluña;Albaricoques;28.81;40.63;1.41;0.68;0.0;0.01;2020-01-01;Pre-covid;Pre-covid
2020;01;Cataluña;Fresas/freson;1312.33;5523.09;4.21;32.87;0.19;0.8;2020-01-01;Pre-covid;Pre-covid
2020;01;Cataluña;Melon;1397.55;2558.64;1.83;11.2;0.2;0.37;2020-01-01;Pre-covid;Pre-covid
2020;01;Cataluña;Sandia;18.89;21.15;1.12;0.31;0.0;0.0;2020-01-01;Pre-covid;Pre-covid
2020;01;Cataluña;Ciruelas;149.23;303.81;2.04;3.93;0.02;0.04;2020-01-01;Pre-covid;Pre-covid
2020;01;Cataluña;Cerezas;17.12;110.75;6.47;0.78;0.0;0.02;2020-01-01;Pre-covid;Pre-covid
2020;01;Cataluña;Uvas;1111.75;3735.11;3.36;26.64;0.16;0.54;2020-01-01;Pre-covid;Pre-covid
2020;01;Cataluña;Kiwi;1961.73;6159.75;3.14;39.41;0.28;0.89;2020-01-01;Pre-covid;Pre-covid
2020;01;Cataluña;Aguacate;987.66;3539.19;3.58;30.85;0.14;0.51;2020-01-01;Pre-covid;Pre-covid
2020;01;Cataluña;Piña;1270.46;2571.99;2.02;22.8;0.18;0.37;2020-01-01;Pre-covid;Pre-covid
2020;01;Cataluña;Otras frutas frescas;2632.26;6711.66;2.55;43.08;0.38;0.97;2020-01-01;Pre-covid;Pre-covid
2020;01;Cataluña;Pomelo;185.55;323.95;1.75;2.95;0.03;0.05;2020-01-01;Pre-covid;Pre-covid
2020;01;Cataluña;Chirimoya;0.0;0.0;0.0;0.0;0.0;0.0;2020-01-01;Pre-covid;Pre-covid
2020;01;Cataluña;Mango;514.8;1529.95;2.97;14.25;0.07;0.22;2020-01-01;Pre-covid;Pre-covid
2020;01;Cataluña;Frutas iv gama;1759.71;3638.79;2.07;26.13;0.25;0.53;2020-01-01;Pre-covid;Pre-covid
2020;01;Extremadura;Frutas frescas;7144.49;10836.23;1.52;94.62;6.36;9.65;2020-01-01;Pre-covid;Pre-covid
2020;01;Extremadura;Naranjas;2003.34;1983.34;0.99;58.29;1.78;1.77;2020-01-01;Pre-covid;Pre-covid
2020;01;Extremadura;Mandarinas;921.48;1348.14;1.46;64.92;0.82;1.2;2020-01-01;Pre-covid;Pre-covid
2020;01;Extremadura;Limones;149.51;212.2;1.42;21.76;0.13;0.19;2020-01-01;Pre-covid;Pre-covid
2020;01;Extremadura;Platanos;1338.9;1931.85;1.44;82.16;1.19;1.72;2020-01-01;Pre-covid;Pre-covid
2020;01;Extremadura;Manzanas;898.69;1265.01;1.41;68.69;0.8;1.13;2020-01-01;Pre-covid;Pre-covid
2020;01;Extremadura;Peras;483.38;703.08;1.45;56.48;0.43;0.63;2020-01-01;Pre-covid;Pre-covid
2020;01;Extremadura;Melocotones;0.0;0.0;0.0;0.0;0.0;0.0;2020-01-01;Pre-covid;Pre-covid
2020;01;Extremadura;Nectarinas;11.43;15.49;1.36;3.17;0.01;0.01;2020-01-01;Pre-covid;Pre-covid
2020;01;Extremadura;Albaricoques;0.0;0.0;0.0;0.0;0.0;0.0;2020-01-01;Pre-covid;Pre-covid
2020;01;Extremadura;Fresas/freson;200.92;637.16;3.17;33.2;0.18;0.57;2020-01-01;Pre-covid;Pre-covid
2020;01;Extremadura;Melon;166.37;244.61;1.47;13.52;0.15;0.22;2020-01-01;Pre-covid;Pre-covid
2020;01;Extremadura;Sandia;0.0;0.0;0.0;0.0;0.0;0.0;2020-01-01;Pre-covid;Pre-covid
2020;01;Extremadura;Ciruelas;13.82;29.06;2.1;1.84;0.01;0.03;2020-01-01;Pre-covid;Pre-covid
2020;01;Extremadura;Cerezas;14.73;75.11;5.1;4.39;0.01;0.07;2020-01-01;Pre-covid;Pre-covid
2020;01;Extremadura;Uvas;145.17;386.15;2.66;27.78;0.13;0.34;2020-01-01;Pre-covid;Pre-covid
2020;01;Extremadura;Kiwi;270.41;749.62;2.77;46.19;0.24;0.67;2020-01-01;Pre-covid;Pre-covid
2020;01;Extremadura;Aguacate;124.71;446.06;3.58;33.97;0.11;0.4;2020-01-01;Pre-covid;Pre-covid
2020;01;Extremadura;Piña;109.52;173.2;1.58;16.02;0.1;0.15;2020-01-01;Pre-covid;Pre-covid
2020;01;Extremadura;Otras frutas frescas;292.1;636.14;2.18;38.61;0.26;0.57;2020-01-01;Pre-covid;Pre-covid
2020;01;Extremadura;Pomelo;19.46;27.91;1.43;3.55;0.02;0.02;2020-01-01;Pre-covid;Pre-covid
2020;01;Extremadura;Chirimoya;0.0;0.0;0.0;0.0;0.0;0.0;2020-01-01;Pre-covid;Pre-covid
2020;01;Extremadura;Mango;43.76;97.8;2.24;15.67;0.04;0.09;2020-01-01;Pre-covid;Pre-covid
2020;01;Extremadura;Frutas iv gama;359.86;551.67;1.53;19.06;0.32;0.49;2020-01-01;Pre-covid;Pre-covid
2020;01;Galicia;Frutas frescas;19659.07;33728.9;1.72;95.75;7.57;12.98;2020-01-01;Pre-covid;Pre-covid
2020;01;Galicia;Naranjas;5278.85;5233.01;0.99;62.89;2.03;2.01;2020-01-01;Pre-covid;Pre-covid
2020;01;Galicia;Mandarinas;2679.55;4748.78;1.77;55.76;1.03;1.83;2020-01-01;Pre-covid;Pre-covid
2020;01;Galicia;Limones;579.63;796.08;1.37;31.03;0.22;0.31;2020-01-01;Pre-covid;Pre-covid
2020;01;Galicia;Platanos;3303.37;5678.19;1.72;82.22;1.27;2.19;2020-01-01;Pre-covid;Pre-covid
2020;01;Galicia;Manzanas;2728.88;4275.02;1.57;61.97;1.05;1.65;2020-01-01;Pre-covid;Pre-covid
2020;01;Galicia;Peras;1175.95;1760.34;1.5;47.77;0.45;0.68;2020-01-01;Pre-covid;Pre-covid
2020;01;Galicia;Melocotones;3.69;18.76;5.08;1.06;0.0;0.01;2020-01-01;Pre-covid;Pre-covid
2020;01;Galicia;Nectarinas;26.91;51.16;1.9;1.99;0.01;0.02;2020-01-01;Pre-covid;Pre-covid
2020;01;Galicia;Albaricoques;0.0;0.0;0.0;0.0;0.0;0.0;2020-01-01;Pre-covid;Pre-covid
2020;01;Galicia;Fresas/freson;532.45;2364.63;4.44;32.6;0.2;0.91;2020-01-01;Pre-covid;Pre-covid
2020;01;Galicia;Melon;237.93;344.82;1.45;6.4;0.09;0.13;2020-01-01;Pre-covid;Pre-covid
2020;01;Galicia;Sandia;0.0;0.0;0.0;0.0;0.0;0.0;2020-01-01;Pre-covid;Pre-covid
2020;01;Galicia;Ciruelas;37.71;57.0;1.51;5.16;0.01;0.02;2020-01-01;Pre-covid;Pre-covid
2020;01;Galicia;Cerezas;9.65;44.07;4.57;1.94;0.0;0.02;2020-01-01;Pre-covid;Pre-covid
2020;01;Galicia;Uvas;470.1;1429.84;3.04;26.49;0.18;0.55;2020-01-01;Pre-covid;Pre-covid
2020;01;Galicia;Kiwi;814.15;2149.0;2.64;39.05;0.31;0.83;2020-01-01;Pre-covid;Pre-covid
2020;01;Galicia;Aguacate;325.76;1313.27;4.03;22.38;0.13;0.51;2020-01-01;Pre-covid;Pre-covid
2020;01;Galicia;Piña;529.65;958.57;1.81;17.99;0.2;0.37;2020-01-01;Pre-covid;Pre-covid
2020;01;Galicia;Otras frutas frescas;924.85;2506.34;2.71;39.9;0.36;0.96;2020-01-01;Pre-covid;Pre-covid
2020;01;Galicia;Pomelo;52.31;83.89;1.6;5.13;0.02;0.03;2020-01-01;Pre-covid;Pre-covid
2020;01;Galicia;Chirimoya;0.0;0.0;0.0;0.0;0.0;0.0;2020-01-01;Pre-covid;Pre-covid
2020;01;Galicia;Mango;159.68;437.01;2.74;12.37;0.06;0.17;2020-01-01;Pre-covid;Pre-covid
2020;01;Galicia;Frutas iv gama;466.93;952.77;2.04;19.27;0.18;0.37;2020-01-01;Pre-covid;Pre-covid
2020;01;La rioja;Frutas frescas;1908.12;3030.78;1.59;98.38;6.2;9.85;2020-01-01;Pre-covid;Pre-covid
2020;01;La rioja;Naranjas;437.16;411.1;0.94;46.25;1.42;1.34;2020-01-01;Pre-covid;Pre-covid
2020;01;La rioja;Mandarinas;401.98;626.98;1.56;58.42;1.31;2.04;2020-01-01;Pre-covid;Pre-covid
2020;01;La rioja;Limones;63.94;91.5;1.43;22.8;0.21;0.3;2020-01-01;Pre-covid;Pre-covid
2020;01;La rioja;Platanos;369.19;658.3;1.78;85.64;1.2;2.14;2020-01-01;Pre-covid;Pre-covid
2020;01;La rioja;Manzanas;253.3;364.79;1.44;76.0;0.82;1.19;2020-01-01;Pre-covid;Pre-covid
2020;01;La rioja;Peras;78.17;118.21;1.51;51.9;0.25;0.38;2020-01-01;Pre-covid;Pre-covid
2020;01;La rioja;Melocotones;0.0;0.0;0.0;0.0;0.0;0.0;2020-01-01;Pre-covid;Pre-covid
2020;01;La rioja;Nectarinas;0.0;0.0;0.0;0.0;0.0;0.0;2020-01-01;Pre-covid;Pre-covid
2020;01;La rioja;Albaricoques;0.0;0.0;0.0;0.0;0.0;0.0;2020-01-01;Pre-covid;Pre-covid
2020;01;La rioja;Fresas/freson;39.05;150.77;3.86;24.19;0.13;0.49;2020-01-01;Pre-covid;Pre-covid
2020;01;La rioja;Melon;16.57;31.33;1.89;4.76;0.05;0.1;2020-01-01;Pre-covid;Pre-covid
2020;01;La rioja;Sandia;6.17;9.2;1.49;1.26;0.02;0.03;2020-01-01;Pre-covid;Pre-covid
2020;01;La rioja;Ciruelas;5.23;8.75;1.67;5.68;0.02;0.03;2020-01-01;Pre-covid;Pre-covid
2020;01;La rioja;Cerezas;0.0;0.0;0.0;0.0;0.0;0.0;2020-01-01;Pre-covid;Pre-covid
2020;01;La rioja;Uvas;11.8;33.37;2.83;10.1;0.04;0.11;2020-01-01;Pre-covid;Pre-covid
2020;01;La rioja;Kiwi;54.81;172.84;3.15;28.54;0.18;0.56;2020-01-01;Pre-covid;Pre-covid
2020;01;La rioja;Aguacate;13.82;64.14;4.64;17.12;0.04;0.21;2020-01-01;Pre-covid;Pre-covid
2020;01;La rioja;Piña;56.58;98.75;1.75;29.95;0.18;0.32;2020-01-01;Pre-covid;Pre-covid
2020;01;La rioja;Otras frutas frescas;100.36;190.76;1.9;61.22;0.33;0.62;2020-01-01;Pre-covid;Pre-covid
2020;01;La rioja;Pomelo;0.0;0.0;0.0;0.0;0.0;0.0;2020-01-01;Pre-covid;Pre-covid
2020;01;La rioja;Chirimoya;0.0;0.0;0.0;0.0;0.0;0.0;2020-01-01;Pre-covid;Pre-covid
2020;01;La rioja;Mango;7.12;19.77;2.78;10.51;0.02;0.06;2020-01-01;Pre-covid;Pre-covid
2020;01;La rioja;Frutas iv gama;37.51;70.06;1.87;20.45;0.12;0.23;2020-01-01;Pre-covid;Pre-covid
2020;01;Madrid;Frutas frescas;46546.4;74040.44;1.59;95.77;7.65;12.17;2020-01-01;Pre-covid;Pre-covid
2020;01;Madrid;Naranjas;11984.38;11134.69;0.93;58.92;1.97;1.83;2020-01-01;Pre-covid;Pre-covid
2020;01;Madrid;Mandarinas;6903.94;10401.99;1.51;66.99;1.13;1.71;2020-01-01;Pre-covid;Pre-covid
2020;01;Madrid;Limones;1217.54;1939.47;1.59;41.21;0.2;0.32;2020-01-01;Pre-covid;Pre-covid
2020;01;Madrid;Platanos;6821.36;11391.88;1.67;80.02;1.12;1.87;2020-01-01;Pre-covid;Pre-covid
2020;01;Madrid;Manzanas;6623.85;9573.94;1.45;72.64;1.09;1.57;2020-01-01;Pre-covid;Pre-covid
2020;01;Madrid;Peras;2783.32;4273.91;1.54;55.77;0.46;0.7;2020-01-01;Pre-covid;Pre-covid
2020;01;Madrid;Melocotones;21.37;25.6;1.2;0.49;0.0;0.0;2020-01-01;Pre-covid;Pre-covid
2020;01;Madrid;Nectarinas;30.76;49.86;1.62;0.84;0.01;0.01;2020-01-01;Pre-covid;Pre-covid
2020;01;Madrid;Albaricoques;28.37;40.55;1.43;0.76;0.0;0.01;2020-01-01;Pre-covid;Pre-covid
2020;01;Madrid;Fresas/freson;1060.21;3271.92;3.09;28.65;0.17;0.54;2020-01-01;Pre-covid;Pre-covid
2020;01;Madrid;Melon;942.12;1528.84;1.62;11.24;0.15;0.25;2020-01-01;Pre-covid;Pre-covid
2020;01;Madrid;Sandia;0.0;0.0;0.0;0.0;0.0;0.0;2020-01-01;Pre-covid;Pre-covid
2020;01;Madrid;Ciruelas;192.42;339.46;1.76;6.55;0.03;0.06;2020-01-01;Pre-covid;Pre-covid
2020;01;Madrid;Cerezas;31.21;284.98;9.13;1.65;0.01;0.05;2020-01-01;Pre-covid;Pre-covid
2020;01;Madrid;Uvas;1127.22;2853.66;2.53;29.24;0.19;0.47;2020-01-01;Pre-covid;Pre-covid
2020;01;Madrid;Kiwi;1826.52;5059.05;2.77;40.94;0.3;0.83;2020-01-01;Pre-covid;Pre-covid
2020;01;Madrid;Aguacate;788.09;2735.9;3.47;33.78;0.13;0.45;2020-01-01;Pre-covid;Pre-covid
2020;01;Madrid;Piña;1326.87;2285.72;1.72;21.99;0.22;0.38;2020-01-01;Pre-covid;Pre-covid
2020;01;Madrid;Otras frutas frescas;2836.85;6849.04;2.41;46.13;0.47;1.13;2020-01-01;Pre-covid;Pre-covid
2020;01;Madrid;Pomelo;75.75;152.05;2.01;2.93;0.01;0.02;2020-01-01;Pre-covid;Pre-covid
2020;01;Madrid;Chirimoya;2.57;17.74;6.89;0.19;0.0;0.0;2020-01-01;Pre-covid;Pre-covid
2020;01;Madrid;Mango;499.11;1233.36;2.47;14.73;0.08;0.2;2020-01-01;Pre-covid;Pre-covid
2020;01;Madrid;Frutas iv gama;1612.77;2975.45;1.84;25.88;0.27;0.49;2020-01-01;Pre-covid;Pre-covid
2020;01;Murcia;Frutas frescas;8998.74;14339.89;1.59;96.61;6.49;10.34;2020-01-01;Pre-covid;Pre-covid
2020;01;Murcia;Naranjas;2361.06;2393.68;1.01;49.99;1.7;1.73;2020-01-01;Pre-covid;Pre-covid
2020;01;Murcia;Mandarinas;874.57;1457.33;1.67;51.62;0.63;1.05;2020-01-01;Pre-covid;Pre-covid
2020;01;Murcia;Limones;628.33;709.42;1.13;27.16;0.45;0.51;2020-01-01;Pre-covid;Pre-covid
2020;01;Murcia;Platanos;1542.14;2417.33;1.57;84.59;1.11;1.74;2020-01-01;Pre-covid;Pre-covid
2020;01;Murcia;Manzanas;1307.83;1933.67;1.48;72.4;0.94;1.39;2020-01-01;Pre-covid;Pre-covid
2020;01;Murcia;Peras;621.5;974.7;1.57;49.85;0.45;0.7;2020-01-01;Pre-covid;Pre-covid
2020;01;Murcia;Melocotones;2.07;3.2;1.55;0.4;0.0;0.0;2020-01-01;Pre-covid;Pre-covid
2020;01;Murcia;Nectarinas;5.12;10.16;1.99;2.35;0.0;0.01;2020-01-01;Pre-covid;Pre-covid
2020;01;Murcia;Albaricoques;0.0;0.0;0.0;0.0;0.0;0.0;2020-01-01;Pre-covid;Pre-covid
2020;01;Murcia;Fresas/freson;318.56;1244.83;3.91;27.05;0.23;0.9;2020-01-01;Pre-covid;Pre-covid
2020;01;Murcia;Melon;174.48;303.61;1.74;12.79;0.13;0.22;2020-01-01;Pre-covid;Pre-covid
2020;01;Murcia;Sandia;0.0;0.0;0.0;0.0;0.0;0.0;2020-01-01;Pre-covid;Pre-covid
2020;01;Murcia;Ciruelas;26.26;30.74;1.17;4.11;0.02;0.02;2020-01-01;Pre-covid;Pre-covid
2020;01;Murcia;Cerezas;0.4;8.05;20.0;0.55;0.0;0.01;2020-01-01;Pre-covid;Pre-covid
2020;01;Murcia;Uvas;135.12;443.55;3.28;29.6;0.1;0.32;2020-01-01;Pre-covid;Pre-covid
2020;01;Murcia;Kiwi;262.88;778.13;2.96;35.34;0.19;0.56;2020-01-01;Pre-covid;Pre-covid
2020;01;Murcia;Aguacate;141.2;463.74;3.28;31.27;0.1;0.33;2020-01-01;Pre-covid;Pre-covid
2020;01;Murcia;Piña;190.82;359.78;1.89;19.01;0.14;0.26;2020-01-01;Pre-covid;Pre-covid
2020;01;Murcia;Otras frutas frescas;406.4;807.96;1.99;36.33;0.29;0.58;2020-01-01;Pre-covid;Pre-covid
2020;01;Murcia;Pomelo;9.1;16.27;1.79;1.11;0.01;0.01;2020-01-01;Pre-covid;Pre-covid
2020;01;Murcia;Chirimoya;0.0;0.0;0.0;0.0;0.0;0.0;2020-01-01;Pre-covid;Pre-covid
2020;01;Murcia;Mango;38.38;94.52;2.46;10.57;0.03;0.07;2020-01-01;Pre-covid;Pre-covid
2020;01;Murcia;Frutas iv gama;259.81;547.92;2.11;34.26;0.19;0.39;2020-01-01;Pre-covid;Pre-covid
2020;01;Navarra;Frutas frescas;4768.71;7908.68;1.66;97.73;8.3;13.77;2020-01-01;Pre-covid;Pre-covid
2020;01;Navarra;Naranjas;1362.55;1387.13;1.02;67.14;2.37;2.42;2020-01-01;Pre-covid;Pre-covid
2020;01;Navarra;Mandarinas;762.03;1181.91;1.55;73.17;1.33;2.06;2020-01-01;Pre-covid;Pre-covid
2020;01;Navarra;Limones;167.94;250.58;1.49;35.93;0.29;0.44;2020-01-01;Pre-covid;Pre-covid
2020;01;Navarra;Platanos;689.11;1247.06;1.81;79.23;1.2;2.17;2020-01-01;Pre-covid;Pre-covid
2020;01;Navarra;Manzanas;693.91;998.76;1.44;71.84;1.21;1.74;2020-01-01;Pre-covid;Pre-covid
2020;01;Navarra;Peras;175.94;261.86;1.49;36.16;0.31;0.46;2020-01-01;Pre-covid;Pre-covid
2020;01;Navarra;Melocotones;0.0;0.0;0.0;0.0;0.0;0.0;2020-01-01;Pre-covid;Pre-covid
2020;01;Navarra;Nectarinas;0.0;0.0;0.0;0.0;0.0;0.0;2020-01-01;Pre-covid;Pre-covid
2020;01;Navarra;Albaricoques;0.0;0.0;0.0;0.0;0.0;0.0;2020-01-01;Pre-covid;Pre-covid
2020;01;Navarra;Fresas/freson;116.76;445.24;3.81;23.84;0.2;0.78;2020-01-01;Pre-covid;Pre-covid
2020;01;Navarra;Melon;93.23;135.57;1.45;5.97;0.16;0.24;2020-01-01;Pre-covid;Pre-covid
2020;01;Navarra;Sandia;0.0;0.0;0.0;0.0;0.0;0.0;2020-01-01;Pre-covid;Pre-covid
2020;01;Navarra;Ciruelas;0.0;0.0;0.0;0.0;0.0;0.0;2020-01-01;Pre-covid;Pre-covid
2020;01;Navarra;Cerezas;2.38;8.55;3.59;2.35;0.0;0.01;2020-01-01;Pre-covid;Pre-covid
2020;01;Navarra;Uvas;70.31;183.33;2.61;18.38;0.12;0.32;2020-01-01;Pre-covid;Pre-covid
2020;01;Navarra;Kiwi;220.78;679.02;3.08;55.03;0.38;1.18;2020-01-01;Pre-covid;Pre-covid
2020;01;Navarra;Aguacate;64.03;290.75;4.54;23.75;0.11;0.51;2020-01-01;Pre-covid;Pre-covid
2020;01;Navarra;Piña;188.55;435.58;2.31;42.7;0.33;0.76;2020-01-01;Pre-covid;Pre-covid
2020;01;Navarra;Otras frutas frescas;161.18;403.33;2.5;50.08;0.28;0.7;2020-01-01;Pre-covid;Pre-covid
2020;01;Navarra;Pomelo;3.75;6.03;1.61;1.72;0.01;0.01;2020-01-01;Pre-covid;Pre-covid
2020;01;Navarra;Chirimoya;0.0;0.0;0.0;0.0;0.0;0.0;2020-01-01;Pre-covid;Pre-covid
2020;01;Navarra;Mango;24.39;79.89;3.28;11.43;0.04;0.14;2020-01-01;Pre-covid;Pre-covid
2020;01;Navarra;Frutas iv gama;149.75;341.98;2.28;30.77;0.26;0.6;2020-01-01;Pre-covid;Pre-covid
2020;01;Pais vasco;Frutas frescas;17750.16;30064.08;1.69;97.7;8.75;14.83;2020-01-01;Pre-covid;Pre-covid
2020;01;Pais vasco;Naranjas;5320.6;5665.37;1.06;64.25;2.62;2.79;2020-01-01;Pre-covid;Pre-covid
2020;01;Pais vasco;Mandarinas;2279.12;3771.62;1.65;70.57;1.12;1.86;2020-01-01;Pre-covid;Pre-covid
2020;01;Pais vasco;Limones;398.08;683.7;1.72;45.6;0.2;0.34;2020-01-01;Pre-covid;Pre-covid
2020;01;Pais vasco;Platanos;2554.99;4688.69;1.84;81.85;1.26;2.31;2020-01-01;Pre-covid;Pre-covid
2020;01;Pais vasco;Manzanas;2375.93;3666.26;1.54;68.72;1.17;1.81;2020-01-01;Pre-covid;Pre-covid
2020;01;Pais vasco;Peras;1155.19;1806.28;1.56;48.1;0.57;0.89;2020-01-01;Pre-covid;Pre-covid
2020;01;Pais vasco;Melocotones;0.0;0.0;0.0;0.0;0.0;0.0;2020-01-01;Pre-covid;Pre-covid
2020;01;Pais vasco;Nectarinas;31.02;23.14;0.75;0.43;0.02;0.01;2020-01-01;Pre-covid;Pre-covid
2020;01;Pais vasco;Albaricoques;3.7;5.71;1.54;0.83;0.0;0.0;2020-01-01;Pre-covid;Pre-covid
2020;01;Pais vasco;Fresas/freson;537.89;1949.69;3.62;39.1;0.27;0.96;2020-01-01;Pre-covid;Pre-covid
2020;01;Pais vasco;Melon;282.5;598.45;2.12;10.78;0.14;0.3;2020-01-01;Pre-covid;Pre-covid
2020;01;Pais vasco;Sandia;0.0;0.0;0.0;0.0;0.0;0.0;2020-01-01;Pre-covid;Pre-covid
2020;01;Pais vasco;Ciruelas;26.96;42.86;1.59;2.56;0.01;0.02;2020-01-01;Pre-covid;Pre-covid
2020;01;Pais vasco;Cerezas;4.03;10.63;2.64;0.68;0.0;0.01;2020-01-01;Pre-covid;Pre-covid
2020;01;Pais vasco;Uvas;315.32;783.29;2.48;25.97;0.16;0.39;2020-01-01;Pre-covid;Pre-covid
2020;01;Pais vasco;Kiwi;834.79;2601.3;3.12;50.03;0.41;1.28;2020-01-01;Pre-covid;Pre-covid
2020;01;Pais vasco;Aguacate;297.49;896.76;3.01;27.47;0.15;0.44;2020-01-01;Pre-covid;Pre-covid
2020;01;Pais vasco;Piña;390.8;776.49;1.99;17.65;0.19;0.38;2020-01-01;Pre-covid;Pre-covid
2020;01;Pais vasco;Otras frutas frescas;941.76;2093.86;2.22;46.07;0.46;1.03;2020-01-01;Pre-covid;Pre-covid
2020;01;Pais vasco;Pomelo;188.71;376.05;1.99;5.27;0.09;0.19;2020-01-01;Pre-covid;Pre-covid
2020;01;Pais vasco;Chirimoya;0.0;0.0;0.0;0.0;0.0;0.0;2020-01-01;Pre-covid;Pre-covid
2020;01;Pais vasco;Mango;108.34;361.42;3.34;12.26;0.05;0.18;2020-01-01;Pre-covid;Pre-covid
2020;01;Pais vasco;Frutas iv gama;645.4;1159.37;1.8;22.08;0.32;0.57;2020-01-01;Pre-covid;Pre-covid
2020;01;Valencia;Frutas frescas;27809.36;44910.97;1.61;95.32;5.97;9.64;2020-01-01;Pre-covid;Pre-covid
2020;01;Valencia;Naranjas;5887.2;5328.66;0.91;43.18;1.26;1.14;2020-01-01;Pre-covid;Pre-covid
2020;01;Valencia;Mandarinas;3221.62;4426.53;1.37;50.0;0.69;0.95;2020-01-01;Pre-covid;Pre-covid
2020;01;Valencia;Limones;802.19;1168.18;1.46;27.84;0.17;0.25;2020-01-01;Pre-covid;Pre-covid
2020;01;Valencia;Platanos;5142.38;8266.35;1.61;80.71;1.1;1.77;2020-01-01;Pre-covid;Pre-covid
2020;01;Valencia;Manzanas;4101.2;5868.54;1.43;65.35;0.88;1.26;2020-01-01;Pre-covid;Pre-covid
2020;01;Valencia;Peras;1911.57;2861.96;1.5;44.62;0.41;0.61;2020-01-01;Pre-covid;Pre-covid
2020;01;Valencia;Melocotones;25.06;46.53;1.86;1.38;0.01;0.01;2020-01-01;Pre-covid;Pre-covid
2020;01;Valencia;Nectarinas;55.41;87.43;1.58;1.17;0.01;0.02;2020-01-01;Pre-covid;Pre-covid
2020;01;Valencia;Albaricoques;27.86;31.35;1.13;1.27;0.01;0.01;2020-01-01;Pre-covid;Pre-covid
2020;01;Valencia;Fresas/freson;708.26;2620.38;3.7;28.61;0.15;0.56;2020-01-01;Pre-covid;Pre-covid
2020;01;Valencia;Melon;647.52;1133.18;1.75;8.96;0.14;0.24;2020-01-01;Pre-covid;Pre-covid
2020;01;Valencia;Sandia;0.0;0.0;0.0;0.0;0.0;0.0;2020-01-01;Pre-covid;Pre-covid
2020;01;Valencia;Ciruelas;146.18;262.56;1.8;7.52;0.03;0.06;2020-01-01;Pre-covid;Pre-covid
2020;01;Valencia;Cerezas;37.64;297.53;7.9;0.96;0.01;0.06;2020-01-01;Pre-covid;Pre-covid
2020;01;Valencia;Uvas;540.83;1655.04;3.06;23.04;0.12;0.36;2020-01-01;Pre-covid;Pre-covid
2020;01;Valencia;Kiwi;1217.79;3390.83;2.78;38.33;0.26;0.73;2020-01-01;Pre-covid;Pre-covid
2020;01;Valencia;Aguacate;571.65;2008.58;3.51;31.47;0.12;0.43;2020-01-01;Pre-covid;Pre-covid
2020;01;Valencia;Piña;870.21;1354.52;1.56;20.32;0.19;0.29;2020-01-01;Pre-covid;Pre-covid
2020;01;Valencia;Otras frutas frescas;1894.8;4102.83;2.17;48.43;0.41;0.88;2020-01-01;Pre-covid;Pre-covid
2020;01;Valencia;Pomelo;144.17;246.32;1.71;3.65;0.03;0.05;2020-01-01;Pre-covid;Pre-covid
2020;01;Valencia;Chirimoya;0.0;0.0;0.0;0.0;0.0;0.0;2020-01-01;Pre-covid;Pre-covid
2020;01;Valencia;Mango;181.89;445.37;2.45;10.36;0.04;0.1;2020-01-01;Pre-covid;Pre-covid
2020;01;Valencia;Frutas iv gama;1116.63;2017.79;1.81;25.27;0.24;0.43;2020-01-01;Pre-covid;Pre-covid
2020;02;Nacional;Patatas;107378.9;103172.87;0.96;78.85;2.42;2.33;2020-02-01;Pre-covid;Pre-covid
2020;02;Nacional;Patatas frescas;77091.23;69748.38;0.9;64.75;1.74;1.57;2020-02-01;Pre-covid;Pre-covid
2020;02;Nacional;Patatas congeladas;3482.97;4581.69;1.32;10.11;0.08;0.1;2020-02-01;Pre-covid;Pre-covid
2020;02;Nacional;Patatas procesadas;5360.94;28842.8;5.38;46.78;0.12;0.65;2020-02-01;Pre-covid;Pre-covid
2020;02;Nacional;Patatas fritas;4356.28;27297.32;6.27;44.84;0.1;0.62;2020-02-01;Pre-covid;Pre-covid
2020;02;Nacional;Hortalizas frescas;226022.12;430847.66;1.91;96.53;5.1;9.72;2020-02-01;Pre-covid;Pre-covid
2020;02;Nacional;Omates;43416.49;76777.66;1.77;78.89;0.98;1.73;2020-02-01;Pre-covid;Pre-covid
2020;02;Nacional;Cebollas;26921.73;32968.26;1.22;64.92;0.61;0.74;2020-02-01;Pre-covid;Pre-covid
2020;02;Nacional;Ajos;2615.42;11657.82;4.46;35.03;0.06;0.26;2020-02-01;Pre-covid;Pre-covid
2020;02;Nacional;Coles;7565.24;9222.49;1.22;23.63;0.17;0.21;2020-02-01;Pre-covid;Pre-covid
2020;02;Nacional;Pepinos;4945.33;8391.52;1.7;27.17;0.11;0.19;2020-02-01;Pre-covid;Pre-covid
2020;02;Nacional;Judias verdes;5739.58;19879.96;3.46;28.27;0.13;0.45;2020-02-01;Pre-covid;Pre-covid
2020;02;Nacional;Pimientos;16510.07;31181.69;1.89;63.21;0.37;0.7;2020-02-01;Pre-covid;Pre-covid
2020;02;Nacional;Champiñoneso setas;5828.41;21791.99;3.74;41.4;0.13;0.49;2020-02-01;Pre-covid;Pre-covid
2020;02;Nacional;Lechuga/esc /endivia;14925.74;42240.99;2.83;63.79;0.34;0.95;2020-02-01;Pre-covid;Pre-covid
2020;02;Nacional;Esparragos;2059.7;5840.73;2.84;9.7;0.05;0.13;2020-02-01;Pre-covid;Pre-covid
2020;02;Nacional;Verduras de hoja;7138.43;16171.26;2.27;28.44;0.16;0.36;2020-02-01;Pre-covid;Pre-covid
2020;02;Nacional;Berenjenas;5542.31;9182.07;1.66;28.93;0.13;0.21;2020-02-01;Pre-covid;Pre-covid
2020;02;Nacional;Zanahorias;13852.21;13263.72;0.96;55.74;0.31;0.3;2020-02-01;Pre-covid;Pre-covid
2020;02;Nacional;Calabacines;16528.34;25152.6;1.52;52.33;0.37;0.57;2020-02-01;Pre-covid;Pre-covid
2020;02;Nacional;Otr hortalizas/verd ;52433.13;107124.9;2.04;79.41;1.18;2.42;2020-02-01;Pre-covid;Pre-covid
2020;02;Nacional;Brocoli;6854.15;11251.14;1.64;24.72;0.15;0.25;2020-02-01;Pre-covid;Pre-covid
2020;02;Nacional;Alcachofas;12687.5;22350.4;1.76;32.33;0.29;0.5;2020-02-01;Pre-covid;Pre-covid
2020;02;Nacional;Apio;1856.79;2821.45;1.52;12.15;0.04;0.06;2020-02-01;Pre-covid;Pre-covid
2020;02;Nacional;Coliflor;3044.3;4458.65;1.46;11.98;0.07;0.1;2020-02-01;Pre-covid;Pre-covid
2020;02;Nacional;Verd /hort  iv gama;25383.33;69399.9;2.73;64.91;0.57;1.57;2020-02-01;Pre-covid;Pre-covid
2020;02;Nacional;Puerro;4370.07;11183.08;2.56;31.49;0.1;0.25;2020-02-01;Pre-covid;Pre-covid
2020;02;Andalucia;Patatas;20944.89;19284.73;0.92;81.55;2.51;2.31;2020-02-01;Pre-covid;Pre-covid
2020;02;Andalucia;Patatas frescas;14563.76;12368.04;0.85;65.09;1.75;1.48;2020-02-01;Pre-covid;Pre-covid
2020;02;Andalucia;Patatas congeladas;735.84;913.58;1.24;12.69;0.09;0.11;2020-02-01;Pre-covid;Pre-covid
2020;02;Andalucia;Patatas procesadas;1129.06;6003.1;5.32;52.54;0.14;0.72;2020-02-01;Pre-covid;Pre-covid
2020;02;Andalucia;Patatas fritas;963.52;5750.59;5.97;50.46;0.12;0.69;2020-02-01;Pre-covid;Pre-covid
2020;02;Andalucia;Hortalizas frescas;35909.61;65579.62;1.83;96.57;4.3;7.86;2020-02-01;Pre-covid;Pre-covid
2020;02;Andalucia;Omates;8004.06;12221.03;1.53;77.81;0.96;1.47;2020-02-01;Pre-covid;Pre-covid
2020;02;Andalucia;Cebollas;4506.42;5102.97;1.13;63.05;0.54;0.61;2020-02-01;Pre-covid;Pre-covid
2020;02;Andalucia;Ajos;546.94;2223.92;4.07;38.35;0.07;0.27;2020-02-01;Pre-covid;Pre-covid
2020;02;Andalucia;Coles;819.24;1053.93;1.29;17.62;0.1;0.13;2020-02-01;Pre-covid;Pre-covid
2020;02;Andalucia;Pepinos;813.37;1411.02;1.73;28.0;0.1;0.17;2020-02-01;Pre-covid;Pre-covid
2020;02;Andalucia;Judias verdes;684.79;2097.72;3.06;21.85;0.08;0.25;2020-02-01;Pre-covid;Pre-covid
2020;02;Andalucia;Pimientos;2600.7;4722.2;1.82;62.53;0.31;0.57;2020-02-01;Pre-covid;Pre-covid
2020;02;Andalucia;Champiñoneso setas;925.93;3435.47;3.71;39.98;0.11;0.41;2020-02-01;Pre-covid;Pre-covid
2020;02;Andalucia;Lechuga/esc /endivia;2599.01;7237.73;2.78;66.31;0.31;0.87;2020-02-01;Pre-covid;Pre-covid
2020;02;Andalucia;Esparragos;343.4;1059.3;3.08;9.23;0.04;0.13;2020-02-01;Pre-covid;Pre-covid
2020;02;Andalucia;Verduras de hoja;933.21;2078.27;2.23;24.48;0.11;0.25;2020-02-01;Pre-covid;Pre-covid
2020;02;Andalucia;Berenjenas;881.93;1479.85;1.68;30.67;0.11;0.18;2020-02-01;Pre-covid;Pre-covid
2020;02;Andalucia;Zanahorias;2193.3;2366.23;1.08;50.84;0.26;0.28;2020-02-01;Pre-covid;Pre-covid
2020;02;Andalucia;Calabacines;2436.01;3687.26;1.51;47.67;0.29;0.44;2020-02-01;Pre-covid;Pre-covid
2020;02;Andalucia;Otr hortalizas/verd ;7621.29;15402.73;2.02;74.43;0.91;1.85;2020-02-01;Pre-covid;Pre-covid
2020;02;Andalucia;Brocoli;1046.13;1696.25;1.62;21.55;0.13;0.2;2020-02-01;Pre-covid;Pre-covid
2020;02;Andalucia;Alcachofas;1564.46;2754.09;1.76;28.79;0.19;0.33;2020-02-01;Pre-covid;Pre-covid
2020;02;Andalucia;Apio;324.8;499.66;1.54;13.91;0.04;0.06;2020-02-01;Pre-covid;Pre-covid
2020;02;Andalucia;Coliflor;620.68;852.3;1.37;13.3;0.07;0.1;2020-02-01;Pre-covid;Pre-covid
2020;02;Andalucia;Verd /hort  iv gama;4288.79;10905.45;2.54;64.69;0.51;1.31;2020-02-01;Pre-covid;Pre-covid
2020;02;Andalucia;Puerro;559.25;1442.32;2.58;25.97;0.07;0.17;2020-02-01;Pre-covid;Pre-covid
2020;02;Aragon;Patatas;2410.9;2291.49;0.95;73.19;1.92;1.82;2020-02-01;Pre-covid;Pre-covid
2020;02;Aragon;Patatas frescas;1894.17;1652.71;0.87;58.09;1.51;1.31;2020-02-01;Pre-covid;Pre-covid
2020;02;Aragon;Patatas congeladas;64.1;78.91;1.23;7.67;0.05;0.06;2020-02-01;Pre-covid;Pre-covid
2020;02;Aragon;Patatas procesadas;90.52;559.87;6.18;37.42;0.07;0.44;2020-02-01;Pre-covid;Pre-covid
2020;02;Aragon;Patatas fritas;83.62;551.22;6.59;37.31;0.07;0.44;2020-02-01;Pre-covid;Pre-covid
2020;02;Aragon;Hortalizas frescas;8111.96;15456.25;1.91;97.32;6.45;12.28;2020-02-01;Pre-covid;Pre-covid
2020;02;Aragon;Omates;1276.98;2284.26;1.79;83.4;1.01;1.81;2020-02-01;Pre-covid;Pre-covid
2020;02;Aragon;Cebollas;769.13;958.33;1.25;66.3;0.61;0.76;2020-02-01;Pre-covid;Pre-covid
2020;02;Aragon;Ajos;75.57;375.09;4.96;36.23;0.06;0.3;2020-02-01;Pre-covid;Pre-covid
2020;02;Aragon;Coles;312.77;401.39;1.28;23.13;0.25;0.32;2020-02-01;Pre-covid;Pre-covid
2020;02;Aragon;Pepinos;167.45;288.29;1.72;24.41;0.13;0.23;2020-02-01;Pre-covid;Pre-covid
2020;02;Aragon;Judias verdes;327.22;1031.36;3.15;41.63;0.26;0.82;2020-02-01;Pre-covid;Pre-covid
2020;02;Aragon;Pimientos;478.2;823.78;1.72;59.82;0.38;0.65;2020-02-01;Pre-covid;Pre-covid
2020;02;Aragon;Champiñoneso setas;169.7;637.69;3.76;46.61;0.13;0.51;2020-02-01;Pre-covid;Pre-covid
2020;02;Aragon;Lechuga/esc /endivia;657.54;1717.18;2.61;72.41;0.52;1.36;2020-02-01;Pre-covid;Pre-covid
2020;02;Aragon;Esparragos;33.31;152.83;4.59;8.71;0.03;0.12;2020-02-01;Pre-covid;Pre-covid
2020;02;Aragon;Verduras de hoja;640.75;998.85;1.56;40.36;0.51;0.79;2020-02-01;Pre-covid;Pre-covid
2020;02;Aragon;Berenjenas;137.45;217.42;1.58;23.63;0.11;0.17;2020-02-01;Pre-covid;Pre-covid
2020;02;Aragon;Zanahorias;375.82;346.19;0.92;55.86;0.3;0.28;2020-02-01;Pre-covid;Pre-covid
2020;02;Aragon;Calabacines;483.63;746.47;1.54;56.85;0.38;0.59;2020-02-01;Pre-covid;Pre-covid
2020;02;Aragon;Otr hortalizas/verd ;2206.47;4477.13;2.03;87.1;1.75;3.56;2020-02-01;Pre-covid;Pre-covid
2020;02;Aragon;Brocoli;305.86;412.38;1.35;29.6;0.24;0.33;2020-02-01;Pre-covid;Pre-covid
2020;02;Aragon;Alcachofas;443.89;726.07;1.64;40.94;0.35;0.58;2020-02-01;Pre-covid;Pre-covid
2020;02;Aragon;Apio;118.15;147.4;1.25;11.28;0.09;0.12;2020-02-01;Pre-covid;Pre-covid
2020;02;Aragon;Coliflor;73.57;89.46;1.22;10.48;0.06;0.07;2020-02-01;Pre-covid;Pre-covid
2020;02;Aragon;Verd /hort  iv gama;643.99;1787.59;2.78;71.12;0.51;1.42;2020-02-01;Pre-covid;Pre-covid
2020;02;Aragon;Puerro;195.52;450.7;2.31;32.51;0.16;0.36;2020-02-01;Pre-covid;Pre-covid
2020;02;Asturias;Patatas;3131.25;2661.32;0.85;70.55;3.06;2.6;2020-02-01;Pre-covid;Pre-covid
2020;02;Asturias;Patatas frescas;2488.8;1995.11;0.8;59.18;2.43;1.95;2020-02-01;Pre-covid;Pre-covid
2020;02;Asturias;Patatas congeladas;82.22;106.06;1.29;10.66;0.08;0.1;2020-02-01;Pre-covid;Pre-covid
2020;02;Asturias;Patatas procesadas;112.05;560.16;5.0;37.63;0.11;0.55;2020-02-01;Pre-covid;Pre-covid
2020;02;Asturias;Patatas fritas;83.3;514.6;6.18;33.46;0.08;0.5;2020-02-01;Pre-covid;Pre-covid
2020;02;Asturias;Hortalizas frescas;4150.62;8402.14;2.02;96.81;4.05;8.2;2020-02-01;Pre-covid;Pre-covid
2020;02;Asturias;Omates;790.55;1543.92;1.95;80.01;0.77;1.51;2020-02-01;Pre-covid;Pre-covid
2020;02;Asturias;Cebollas;722.57;954.39;1.32;70.54;0.71;0.93;2020-02-01;Pre-covid;Pre-covid
2020;02;Asturias;Ajos;76.13;329.3;4.33;43.37;0.07;0.32;2020-02-01;Pre-covid;Pre-covid
2020;02;Asturias;Coles;133.23;189.98;1.43;17.24;0.13;0.19;2020-02-01;Pre-covid;Pre-covid
2020;02;Asturias;Pepinos;74.26;128.45;1.73;12.59;0.07;0.13;2020-02-01;Pre-covid;Pre-covid
2020;02;Asturias;Judias verdes;72.72;220.74;3.04;17.01;0.07;0.22;2020-02-01;Pre-covid;Pre-covid
2020;02;Asturias;Pimientos;415.99;902.44;2.17;63.27;0.41;0.88;2020-02-01;Pre-covid;Pre-covid
2020;02;Asturias;Champiñoneso setas;109.41;462.6;4.23;42.6;0.11;0.45;2020-02-01;Pre-covid;Pre-covid
2020;02;Asturias;Lechuga/esc /endivia;257.17;720.34;2.8;51.13;0.25;0.7;2020-02-01;Pre-covid;Pre-covid
2020;02;Asturias;Esparragos;29.87;72.58;2.43;5.39;0.03;0.07;2020-02-01;Pre-covid;Pre-covid
2020;02;Asturias;Verduras de hoja;69.51;200.49;2.88;15.85;0.07;0.2;2020-02-01;Pre-covid;Pre-covid
2020;02;Asturias;Berenjenas;88.67;167.84;1.89;20.61;0.09;0.16;2020-02-01;Pre-covid;Pre-covid
2020;02;Asturias;Zanahorias;217.53;209.71;0.96;50.13;0.21;0.2;2020-02-01;Pre-covid;Pre-covid
2020;02;Asturias;Calabacines;295.96;430.35;1.45;43.35;0.29;0.42;2020-02-01;Pre-covid;Pre-covid
2020;02;Asturias;Otr hortalizas/verd ;797.06;1868.99;2.34;70.97;0.78;1.83;2020-02-01;Pre-covid;Pre-covid
2020;02;Asturias;Brocoli;102.36;212.35;2.07;21.45;0.1;0.21;2020-02-01;Pre-covid;Pre-covid
2020;02;Asturias;Alcachofas;134.58;292.91;2.18;13.09;0.13;0.29;2020-02-01;Pre-covid;Pre-covid
2020;02;Asturias;Apio;21.81;32.33;1.48;6.7;0.02;0.03;2020-02-01;Pre-covid;Pre-covid
2020;02;Asturias;Coliflor;121.79;154.27;1.27;13.31;0.12;0.15;2020-02-01;Pre-covid;Pre-covid
2020;02;Asturias;Verd /hort  iv gama;483.95;1368.74;2.83;56.62;0.47;1.34;2020-02-01;Pre-covid;Pre-covid
2020;02;Asturias;Puerro;75.31;208.88;2.77;27.6;0.07;0.2;2020-02-01;Pre-covid;Pre-covid
2020;02;Baleares;Patatas;2412.16;2595.27;1.08;87.06;2.36;2.54;2020-02-01;Pre-covid;Pre-covid
2020;02;Baleares;Patatas frescas;1504.53;1506.96;1.0;75.57;1.47;1.47;2020-02-01;Pre-covid;Pre-covid
2020;02;Baleares;Patatas congeladas;67.9;108.76;1.6;11.29;0.07;0.11;2020-02-01;Pre-covid;Pre-covid
2020;02;Baleares;Patatas procesadas;167.95;979.55;5.83;47.66;0.16;0.96;2020-02-01;Pre-covid;Pre-covid
2020;02;Baleares;Patatas fritas;124.74;894.72;7.17;45.68;0.12;0.88;2020-02-01;Pre-covid;Pre-covid
2020;02;Baleares;Hortalizas frescas;6075.36;12393.89;2.04;99.17;5.94;12.13;2020-02-01;Pre-covid;Pre-covid
2020;02;Baleares;Omates;1177.59;2194.02;1.86;85.33;1.15;2.15;2020-02-01;Pre-covid;Pre-covid
2020;02;Baleares;Cebollas;778.45;974.71;1.25;69.29;0.76;0.95;2020-02-01;Pre-covid;Pre-covid
2020;02;Baleares;Ajos;48.49;253.98;5.24;30.08;0.05;0.25;2020-02-01;Pre-covid;Pre-covid
2020;02;Baleares;Coles;190.63;208.28;1.09;24.97;0.19;0.2;2020-02-01;Pre-covid;Pre-covid
2020;02;Baleares;Pepinos;111.51;204.53;1.83;31.63;0.11;0.2;2020-02-01;Pre-covid;Pre-covid
2020;02;Baleares;Judias verdes;131.33;487.55;3.71;36.31;0.13;0.48;2020-02-01;Pre-covid;Pre-covid
2020;02;Baleares;Pimientos;465.94;986.97;2.12;71.07;0.46;0.97;2020-02-01;Pre-covid;Pre-covid
2020;02;Baleares;Champiñoneso setas;165.61;796.72;4.81;53.74;0.16;0.78;2020-02-01;Pre-covid;Pre-covid
2020;02;Baleares;Lechuga/esc /endivia;399.02;1196.82;3.0;77.56;0.39;1.17;2020-02-01;Pre-covid;Pre-covid
2020;02;Baleares;Esparragos;54.22;159.92;2.95;7.26;0.05;0.16;2020-02-01;Pre-covid;Pre-covid
2020;02;Baleares;Verduras de hoja;145.95;441.89;3.03;39.55;0.14;0.43;2020-02-01;Pre-covid;Pre-covid
2020;02;Baleares;Berenjenas;154.4;325.23;2.11;34.76;0.15;0.32;2020-02-01;Pre-covid;Pre-covid
2020;02;Baleares;Zanahorias;490.61;424.43;0.87;61.57;0.48;0.42;2020-02-01;Pre-covid;Pre-covid
2020;02;Baleares;Calabacines;443.76;728.31;1.64;57.14;0.43;0.71;2020-02-01;Pre-covid;Pre-covid
2020;02;Baleares;Otr hortalizas/verd ;1317.85;3010.55;2.28;88.27;1.29;2.95;2020-02-01;Pre-covid;Pre-covid
2020;02;Baleares;Brocoli;107.09;276.74;2.58;28.51;0.1;0.27;2020-02-01;Pre-covid;Pre-covid
2020;02;Baleares;Alcachofas;225.72;420.59;1.86;33.42;0.22;0.41;2020-02-01;Pre-covid;Pre-covid
2020;02;Baleares;Apio;43.88;64.93;1.48;12.53;0.04;0.06;2020-02-01;Pre-covid;Pre-covid
2020;02;Baleares;Coliflor;106.87;164.11;1.54;20.06;0.1;0.16;2020-02-01;Pre-covid;Pre-covid
2020;02;Baleares;Verd /hort  iv gama;723.5;2128.71;2.94;73.09;0.71;2.08;2020-02-01;Pre-covid;Pre-covid
2020;02;Baleares;Puerro;115.33;314.5;2.73;38.94;0.11;0.31;2020-02-01;Pre-covid;Pre-covid
2020;02;Canarias;Patatas;5300.63;5029.25;0.95;81.42;2.47;2.34;2020-02-01;Pre-covid;Pre-covid
2020;02;Canarias;Patatas frescas;4086.39;3865.18;0.95;62.96;1.9;1.8;2020-02-01;Pre-covid;Pre-covid
2020;02;Canarias;Patatas congeladas;251.99;277.46;1.1;9.14;0.12;0.13;2020-02-01;Pre-covid;Pre-covid
2020;02;Canarias;Patatas procesadas;192.45;886.61;4.61;44.28;0.09;0.41;2020-02-01;Pre-covid;Pre-covid
2020;02;Canarias;Patatas fritas;139.9;824.41;5.89;41.38;0.07;0.38;2020-02-01;Pre-covid;Pre-covid
2020;02;Canarias;Hortalizas frescas;8804.97;17081.78;1.94;95.4;4.1;7.96;2020-02-01;Pre-covid;Pre-covid
2020;02;Canarias;Omates;1819.85;2773.47;1.52;82.29;0.85;1.29;2020-02-01;Pre-covid;Pre-covid
2020;02;Canarias;Cebollas;1204.77;1503.35;1.25;74.02;0.56;0.7;2020-02-01;Pre-covid;Pre-covid
2020;02;Canarias;Ajos;81.84;348.11;4.25;29.98;0.04;0.16;2020-02-01;Pre-covid;Pre-covid
2020;02;Canarias;Coles;188.76;272.41;1.44;20.82;0.09;0.13;2020-02-01;Pre-covid;Pre-covid
2020;02;Canarias;Pepinos;223.79;387.85;1.73;38.03;0.1;0.18;2020-02-01;Pre-covid;Pre-covid
2020;02;Canarias;Judias verdes;114.47;358.03;3.13;18.33;0.05;0.17;2020-02-01;Pre-covid;Pre-covid
2020;02;Canarias;Pimientos;718.45;1446.73;2.01;73.27;0.33;0.67;2020-02-01;Pre-covid;Pre-covid
2020;02;Canarias;Champiñoneso setas;151.41;807.55;5.33;34.72;0.07;0.38;2020-02-01;Pre-covid;Pre-covid
2020;02;Canarias;Lechuga/esc /endivia;467.94;1434.91;3.07;52.68;0.22;0.67;2020-02-01;Pre-covid;Pre-covid
2020;02;Canarias;Esparragos;3.33;28.86;8.66;1.45;0.0;0.01;2020-02-01;Pre-covid;Pre-covid
2020;02;Canarias;Verduras de hoja;88.39;389.3;4.4;19.53;0.04;0.18;2020-02-01;Pre-covid;Pre-covid
2020;02;Canarias;Berenjenas;80.96;162.88;2.01;15.06;0.04;0.08;2020-02-01;Pre-covid;Pre-covid
2020;02;Canarias;Zanahorias;640.51;751.71;1.17;58.73;0.3;0.35;2020-02-01;Pre-covid;Pre-covid
2020;02;Canarias;Calabacines;1241.94;1962.81;1.58;64.16;0.58;0.91;2020-02-01;Pre-covid;Pre-covid
2020;02;Canarias;Otr hortalizas/verd ;1778.55;4453.82;2.5;78.51;0.83;2.08;2020-02-01;Pre-covid;Pre-covid
2020;02;Canarias;Brocoli;55.99;171.8;3.07;7.97;0.03;0.08;2020-02-01;Pre-covid;Pre-covid
2020;02;Canarias;Alcachofas;25.09;76.56;3.05;2.71;0.01;0.04;2020-02-01;Pre-covid;Pre-covid
2020;02;Canarias;Apio;65.13;89.82;1.38;10.23;0.03;0.04;2020-02-01;Pre-covid;Pre-covid
2020;02;Canarias;Coliflor;97.53;189.75;1.95;8.89;0.05;0.09;2020-02-01;Pre-covid;Pre-covid
2020;02;Canarias;Verd /hort  iv gama;1564.51;4169.2;2.66;60.55;0.73;1.94;2020-02-01;Pre-covid;Pre-covid
2020;02;Canarias;Puerro;158.56;417.74;2.63;30.47;0.07;0.19;2020-02-01;Pre-covid;Pre-covid
2020;02;Cantabria;Patatas;1395.11;1348.73;0.97;88.96;2.6;2.51;2020-02-01;Pre-covid;Pre-covid
2020;02;Cantabria;Patatas frescas;1102.53;990.29;0.9;74.78;2.05;1.84;2020-02-01;Pre-covid;Pre-covid
2020;02;Cantabria;Patatas congeladas;42.6;68.44;1.61;7.79;0.08;0.13;2020-02-01;Pre-covid;Pre-covid
2020;02;Cantabria;Patatas procesadas;50.0;290.0;5.8;44.4;0.09;0.54;2020-02-01;Pre-covid;Pre-covid
2020;02;Cantabria;Patatas fritas;36.4;270.43;7.43;42.04;0.07;0.5;2020-02-01;Pre-covid;Pre-covid
2020;02;Cantabria;Hortalizas frescas;1907.87;3745.43;1.96;96.26;3.55;6.97;2020-02-01;Pre-covid;Pre-covid
2020;02;Cantabria;Omates;320.75;620.69;1.94;69.57;0.6;1.16;2020-02-01;Pre-covid;Pre-covid
2020;02;Cantabria;Cebollas;257.66;330.27;1.28;63.07;0.48;0.61;2020-02-01;Pre-covid;Pre-covid
2020;02;Cantabria;Ajos;26.43;128.27;4.85;27.23;0.05;0.24;2020-02-01;Pre-covid;Pre-covid
2020;02;Cantabria;Coles;11.38;14.06;1.24;5.78;0.02;0.03;2020-02-01;Pre-covid;Pre-covid
2020;02;Cantabria;Pepinos;64.43;127.49;1.98;20.02;0.12;0.24;2020-02-01;Pre-covid;Pre-covid
2020;02;Cantabria;Judias verdes;55.22;179.07;3.24;19.94;0.1;0.33;2020-02-01;Pre-covid;Pre-covid
2020;02;Cantabria;Pimientos;189.46;397.1;2.1;67.74;0.35;0.74;2020-02-01;Pre-covid;Pre-covid
2020;02;Cantabria;Champiñoneso setas;50.66;226.05;4.46;30.58;0.09;0.42;2020-02-01;Pre-covid;Pre-covid
2020;02;Cantabria;Lechuga/esc /endivia;126.04;344.01;2.73;65.06;0.23;0.64;2020-02-01;Pre-covid;Pre-covid
2020;02;Cantabria;Esparragos;1.8;14.68;8.15;2.73;0.0;0.03;2020-02-01;Pre-covid;Pre-covid
2020;02;Cantabria;Verduras de hoja;30.07;86.27;2.87;12.77;0.06;0.16;2020-02-01;Pre-covid;Pre-covid
2020;02;Cantabria;Berenjenas;62.01;107.91;1.74;33.6;0.12;0.2;2020-02-01;Pre-covid;Pre-covid
2020;02;Cantabria;Zanahorias;170.13;137.1;0.81;51.98;0.32;0.26;2020-02-01;Pre-covid;Pre-covid
2020;02;Cantabria;Calabacines;212.8;301.91;1.42;56.48;0.4;0.56;2020-02-01;Pre-covid;Pre-covid
2020;02;Cantabria;Otr hortalizas/verd ;329.03;730.55;2.22;64.41;0.61;1.36;2020-02-01;Pre-covid;Pre-covid
2020;02;Cantabria;Brocoli;51.61;101.45;1.97;21.37;0.1;0.19;2020-02-01;Pre-covid;Pre-covid
2020;02;Cantabria;Alcachofas;57.75;105.64;1.83;16.44;0.11;0.2;2020-02-01;Pre-covid;Pre-covid
2020;02;Cantabria;Apio;1.16;2.48;2.15;0.98;0.0;0.0;2020-02-01;Pre-covid;Pre-covid
2020;02;Cantabria;Coliflor;32.2;65.96;2.05;8.16;0.06;0.12;2020-02-01;Pre-covid;Pre-covid
2020;02;Cantabria;Verd /hort  iv gama;222.1;595.27;2.68;55.72;0.41;1.11;2020-02-01;Pre-covid;Pre-covid
2020;02;Cantabria;Puerro;24.19;72.01;2.98;17.07;0.05;0.13;2020-02-01;Pre-covid;Pre-covid
2020;02;Castilla la mancha;Patatas;3806.07;3755.71;0.99;78.71;1.9;1.88;2020-02-01;Pre-covid;Pre-covid
2020;02;Castilla la mancha;Patatas frescas;2485.19;2281.76;0.92;58.34;1.24;1.14;2020-02-01;Pre-covid;Pre-covid
2020;02;Castilla la mancha;Patatas congeladas;155.14;211.64;1.36;14.49;0.08;0.11;2020-02-01;Pre-covid;Pre-covid
2020;02;Castilla la mancha;Patatas procesadas;233.15;1262.31;5.41;49.79;0.12;0.63;2020-02-01;Pre-covid;Pre-covid
2020;02;Castilla la mancha;Patatas fritas;197.78;1208.48;6.11;48.7;0.1;0.6;2020-02-01;Pre-covid;Pre-covid
2020;02;Castilla la mancha;Hortalizas frescas;8235.5;15188.65;1.84;95.46;4.12;7.6;2020-02-01;Pre-covid;Pre-covid
2020;02;Castilla la mancha;Omates;1981.83;3317.17;1.67;79.16;0.99;1.66;2020-02-01;Pre-covid;Pre-covid
2020;02;Castilla la mancha;Cebollas;736.96;806.47;1.09;48.88;0.37;0.4;2020-02-01;Pre-covid;Pre-covid
2020;02;Castilla la mancha;Ajos;119.02;434.16;3.65;36.74;0.06;0.22;2020-02-01;Pre-covid;Pre-covid
2020;02;Castilla la mancha;Coles;265.06;292.77;1.1;22.54;0.13;0.15;2020-02-01;Pre-covid;Pre-covid
2020;02;Castilla la mancha;Pepinos;227.86;368.54;1.62;24.96;0.11;0.18;2020-02-01;Pre-covid;Pre-covid
2020;02;Castilla la mancha;Judias verdes;219.56;763.59;3.48;28.18;0.11;0.38;2020-02-01;Pre-covid;Pre-covid
2020;02;Castilla la mancha;Pimientos;618.0;1140.67;1.85;62.78;0.31;0.57;2020-02-01;Pre-covid;Pre-covid
2020;02;Castilla la mancha;Champiñoneso setas;234.53;923.18;3.94;45.23;0.12;0.46;2020-02-01;Pre-covid;Pre-covid
2020;02;Castilla la mancha;Lechuga/esc /endivia;491.38;1395.86;2.84;61.74;0.25;0.7;2020-02-01;Pre-covid;Pre-covid
2020;02;Castilla la mancha;Esparragos;93.01;276.3;2.97;10.27;0.05;0.14;2020-02-01;Pre-covid;Pre-covid
2020;02;Castilla la mancha;Verduras de hoja;245.84;599.49;2.44;25.75;0.12;0.3;2020-02-01;Pre-covid;Pre-covid
2020;02;Castilla la mancha;Berenjenas;194.82;297.01;1.52;24.82;0.1;0.15;2020-02-01;Pre-covid;Pre-covid
2020;02;Castilla la mancha;Zanahorias;526.28;433.89;0.82;57.45;0.26;0.22;2020-02-01;Pre-covid;Pre-covid
2020;02;Castilla la mancha;Calabacines;652.11;965.78;1.48;52.65;0.33;0.48;2020-02-01;Pre-covid;Pre-covid
2020;02;Castilla la mancha;Otr hortalizas/verd ;1629.24;3173.76;1.95;73.28;0.81;1.59;2020-02-01;Pre-covid;Pre-covid
2020;02;Castilla la mancha;Brocoli;227.51;407.52;1.79;22.73;0.11;0.2;2020-02-01;Pre-covid;Pre-covid
2020;02;Castilla la mancha;Alcachofas;459.53;771.62;1.68;33.47;0.23;0.39;2020-02-01;Pre-covid;Pre-covid
2020;02;Castilla la mancha;Apio;67.12;107.87;1.61;12.35;0.03;0.05;2020-02-01;Pre-covid;Pre-covid
2020;02;Castilla la mancha;Coliflor;123.14;189.75;1.54;10.44;0.06;0.09;2020-02-01;Pre-covid;Pre-covid
2020;02;Castilla la mancha;Verd /hort  iv gama;902.97;2416.29;2.68;58.68;0.45;1.21;2020-02-01;Pre-covid;Pre-covid
2020;02;Castilla la mancha;Puerro;116.81;276.22;2.36;21.38;0.06;0.14;2020-02-01;Pre-covid;Pre-covid
2020;02;Castilla leon;Patatas;3874.57;3593.7;0.93;64.87;1.69;1.57;2020-02-01;Pre-covid;Pre-covid
2020;02;Castilla leon;Patatas frescas;2706.66;2366.16;0.87;47.4;1.18;1.03;2020-02-01;Pre-covid;Pre-covid
2020;02;Castilla leon;Patatas congeladas;84.57;107.13;1.27;4.65;0.04;0.05;2020-02-01;Pre-covid;Pre-covid
2020;02;Castilla leon;Patatas procesadas;216.67;1120.41;5.17;39.19;0.09;0.49;2020-02-01;Pre-covid;Pre-covid
2020;02;Castilla leon;Patatas fritas;180.78;1067.04;5.9;37.59;0.08;0.47;2020-02-01;Pre-covid;Pre-covid
2020;02;Castilla leon;Hortalizas frescas;9141.38;17397.69;1.9;94.61;3.99;7.59;2020-02-01;Pre-covid;Pre-covid
2020;02;Castilla leon;Omates;1739.26;3104.71;1.79;71.49;0.76;1.35;2020-02-01;Pre-covid;Pre-covid
2020;02;Castilla leon;Cebollas;1026.99;1272.94;1.24;55.96;0.45;0.56;2020-02-01;Pre-covid;Pre-covid
2020;02;Castilla leon;Ajos;124.98;545.04;4.36;29.47;0.05;0.24;2020-02-01;Pre-covid;Pre-covid
2020;02;Castilla leon;Coles;365.49;429.22;1.17;19.71;0.16;0.19;2020-02-01;Pre-covid;Pre-covid
2020;02;Castilla leon;Pepinos;197.45;363.34;1.84;17.12;0.09;0.16;2020-02-01;Pre-covid;Pre-covid
2020;02;Castilla leon;Judias verdes;218.65;734.3;3.36;24.55;0.1;0.32;2020-02-01;Pre-covid;Pre-covid
2020;02;Castilla leon;Pimientos;895.01;1556.68;1.74;58.84;0.39;0.68;2020-02-01;Pre-covid;Pre-covid
2020;02;Castilla leon;Champiñoneso setas;275.62;987.42;3.58;34.47;0.12;0.43;2020-02-01;Pre-covid;Pre-covid
2020;02;Castilla leon;Lechuga/esc /endivia;678.31;1827.26;2.69;58.63;0.3;0.8;2020-02-01;Pre-covid;Pre-covid
2020;02;Castilla leon;Esparragos;27.29;145.62;5.34;4.75;0.01;0.06;2020-02-01;Pre-covid;Pre-covid
2020;02;Castilla leon;Verduras de hoja;180.08;493.22;2.74;20.83;0.08;0.22;2020-02-01;Pre-covid;Pre-covid
2020;02;Castilla leon;Berenjenas;156.94;293.9;1.87;21.0;0.07;0.13;2020-02-01;Pre-covid;Pre-covid
2020;02;Castilla leon;Zanahorias;773.11;641.88;0.83;52.22;0.34;0.28;2020-02-01;Pre-covid;Pre-covid
2020;02;Castilla leon;Calabacines;684.17;1054.38;1.54;41.96;0.3;0.46;2020-02-01;Pre-covid;Pre-covid
2020;02;Castilla leon;Otr hortalizas/verd ;1798.04;3947.79;2.2;67.22;0.78;1.72;2020-02-01;Pre-covid;Pre-covid
2020;02;Castilla leon;Brocoli;248.01;481.65;1.94;22.78;0.11;0.21;2020-02-01;Pre-covid;Pre-covid
2020;02;Castilla leon;Alcachofas;270.28;549.06;2.03;19.23;0.12;0.24;2020-02-01;Pre-covid;Pre-covid
2020;02;Castilla leon;Apio;83.03;153.31;1.85;11.68;0.04;0.07;2020-02-01;Pre-covid;Pre-covid
2020;02;Castilla leon;Coliflor;256.57;364.31;1.42;16.09;0.11;0.16;2020-02-01;Pre-covid;Pre-covid
2020;02;Castilla leon;Verd /hort  iv gama;1184.41;3169.07;2.68;61.23;0.52;1.38;2020-02-01;Pre-covid;Pre-covid
2020;02;Castilla leon;Puerro;162.66;483.62;2.97;29.63;0.07;0.21;2020-02-01;Pre-covid;Pre-covid
2020;02;Cataluña;Patatas;20132.05;19982.76;0.99;84.52;2.91;2.89;2020-02-01;Pre-covid;Pre-covid
2020;02;Cataluña;Patatas frescas;14234.3;13210.09;0.93;72.14;2.06;1.91;2020-02-01;Pre-covid;Pre-covid
2020;02;Cataluña;Patatas congeladas;621.06;880.27;1.42;11.16;0.09;0.13;2020-02-01;Pre-covid;Pre-covid
2020;02;Cataluña;Patatas procesadas;1055.34;5892.4;5.58;52.1;0.15;0.85;2020-02-01;Pre-covid;Pre-covid
2020;02;Cataluña;Patatas fritas;826.56;5533.87;6.7;49.87;0.12;0.8;2020-02-01;Pre-covid;Pre-covid
2020;02;Cataluña;Hortalizas frescas;46808.55;92078.64;1.97;97.39;6.78;13.33;2020-02-01;Pre-covid;Pre-covid
2020;02;Cataluña;Omates;8838.71;17349.67;1.96;85.99;1.28;2.51;2020-02-01;Pre-covid;Pre-covid
2020;02;Cataluña;Cebollas;5553.74;6909.85;1.24;68.55;0.8;1.0;2020-02-01;Pre-covid;Pre-covid
2020;02;Cataluña;Ajos;424.35;2177.86;5.13;36.1;0.06;0.32;2020-02-01;Pre-covid;Pre-covid
2020;02;Cataluña;Coles;1379.35;1740.12;1.26;27.28;0.2;0.25;2020-02-01;Pre-covid;Pre-covid
2020;02;Cataluña;Pepinos;895.6;1553.93;1.74;30.84;0.13;0.22;2020-02-01;Pre-covid;Pre-covid
2020;02;Cataluña;Judias verdes;1483.35;5783.17;3.9;37.8;0.21;0.84;2020-02-01;Pre-covid;Pre-covid
2020;02;Cataluña;Pimientos;2879.65;5455.48;1.89;61.1;0.42;0.79;2020-02-01;Pre-covid;Pre-covid
2020;02;Cataluña;Champiñoneso setas;1061.4;3534.53;3.33;39.92;0.15;0.51;2020-02-01;Pre-covid;Pre-covid
2020;02;Cataluña;Lechuga/esc /endivia;2997.64;8497.37;2.83;69.56;0.43;1.23;2020-02-01;Pre-covid;Pre-covid
2020;02;Cataluña;Esparragos;621.86;1247.63;2.01;12.68;0.09;0.18;2020-02-01;Pre-covid;Pre-covid
2020;02;Cataluña;Verduras de hoja;1741.76;4085.32;2.35;31.74;0.25;0.59;2020-02-01;Pre-covid;Pre-covid
2020;02;Cataluña;Berenjenas;1347.05;2125.45;1.58;37.37;0.2;0.31;2020-02-01;Pre-covid;Pre-covid
2020;02;Cataluña;Zanahorias;2259.15;2304.09;1.02;54.27;0.33;0.33;2020-02-01;Pre-covid;Pre-covid
2020;02;Cataluña;Calabacines;3044.78;4743.84;1.56;54.7;0.44;0.69;2020-02-01;Pre-covid;Pre-covid
2020;02;Cataluña;Otr hortalizas/verd ;12280.16;24570.33;2.0;86.89;1.78;3.56;2020-02-01;Pre-covid;Pre-covid
2020;02;Cataluña;Brocoli;1775.77;2658.49;1.5;31.08;0.26;0.38;2020-02-01;Pre-covid;Pre-covid
2020;02;Cataluña;Alcachofas;4102.27;7636.68;1.86;52.34;0.59;1.11;2020-02-01;Pre-covid;Pre-covid
2020;02;Cataluña;Apio;445.71;658.02;1.48;14.89;0.06;0.1;2020-02-01;Pre-covid;Pre-covid
2020;02;Cataluña;Coliflor;475.86;710.68;1.49;11.01;0.07;0.1;2020-02-01;Pre-covid;Pre-covid
2020;02;Cataluña;Verd /hort  iv gama;4974.6;13764.41;2.77;69.05;0.72;1.99;2020-02-01;Pre-covid;Pre-covid
2020;02;Cataluña;Puerro;757.43;1738.15;2.29;33.49;0.11;0.25;2020-02-01;Pre-covid;Pre-covid
2020;02;Extremadura;Patatas;1842.81;1659.61;0.9;75.02;1.64;1.48;2020-02-01;Pre-covid;Pre-covid
2020;02;Extremadura;Patatas frescas;1321.94;1080.57;0.82;58.47;1.18;0.96;2020-02-01;Pre-covid;Pre-covid
2020;02;Extremadura;Patatas congeladas;104.35;113.42;1.09;8.92;0.09;0.1;2020-02-01;Pre-covid;Pre-covid
2020;02;Extremadura;Patatas procesadas;83.3;465.62;5.59;45.01;0.07;0.42;2020-02-01;Pre-covid;Pre-covid
2020;02;Extremadura;Patatas fritas;76.57;457.91;5.98;44.62;0.07;0.41;2020-02-01;Pre-covid;Pre-covid
2020;02;Extremadura;Hortalizas frescas;4680.96;8270.34;1.77;95.64;4.18;7.38;2020-02-01;Pre-covid;Pre-covid
2020;02;Extremadura;Omates;958.44;1418.15;1.48;72.14;0.85;1.26;2020-02-01;Pre-covid;Pre-covid
2020;02;Extremadura;Cebollas;607.81;676.56;1.11;64.39;0.54;0.6;2020-02-01;Pre-covid;Pre-covid
2020;02;Extremadura;Ajos;76.38;312.29;4.09;41.2;0.07;0.28;2020-02-01;Pre-covid;Pre-covid
2020;02;Extremadura;Coles;266.24;288.35;1.08;17.83;0.24;0.26;2020-02-01;Pre-covid;Pre-covid
2020;02;Extremadura;Pepinos;126.24;202.85;1.61;21.36;0.11;0.18;2020-02-01;Pre-covid;Pre-covid
2020;02;Extremadura;Judias verdes;74.15;218.21;2.94;18.57;0.07;0.19;2020-02-01;Pre-covid;Pre-covid
2020;02;Extremadura;Pimientos;336.58;664.14;1.97;57.94;0.3;0.59;2020-02-01;Pre-covid;Pre-covid
2020;02;Extremadura;Champiñoneso setas;98.21;383.72;3.91;33.77;0.09;0.34;2020-02-01;Pre-covid;Pre-covid
2020;02;Extremadura;Lechuga/esc /endivia;374.69;1012.92;2.7;59.98;0.33;0.9;2020-02-01;Pre-covid;Pre-covid
2020;02;Extremadura;Esparragos;85.17;169.71;1.99;13.44;0.08;0.15;2020-02-01;Pre-covid;Pre-covid
2020;02;Extremadura;Verduras de hoja;165.87;369.63;2.23;29.71;0.15;0.33;2020-02-01;Pre-covid;Pre-covid
2020;02;Extremadura;Berenjenas;73.5;122.24;1.66;21.4;0.07;0.11;2020-02-01;Pre-covid;Pre-covid
2020;02;Extremadura;Zanahorias;249.32;225.01;0.9;42.71;0.22;0.2;2020-02-01;Pre-covid;Pre-covid
2020;02;Extremadura;Calabacines;304.28;422.7;1.39;49.24;0.27;0.38;2020-02-01;Pre-covid;Pre-covid
2020;02;Extremadura;Otr hortalizas/verd ;884.06;1783.88;2.02;71.76;0.79;1.59;2020-02-01;Pre-covid;Pre-covid
2020;02;Extremadura;Brocoli;105.51;196.32;1.86;20.86;0.09;0.18;2020-02-01;Pre-covid;Pre-covid
2020;02;Extremadura;Alcachofas;180.03;314.12;1.74;25.38;0.16;0.28;2020-02-01;Pre-covid;Pre-covid
2020;02;Extremadura;Apio;31.9;49.9;1.56;8.39;0.03;0.04;2020-02-01;Pre-covid;Pre-covid
2020;02;Extremadura;Coliflor;48.16;68.56;1.42;8.53;0.04;0.06;2020-02-01;Pre-covid;Pre-covid
2020;02;Extremadura;Verd /hort  iv gama;475.07;1287.94;2.71;64.79;0.42;1.15;2020-02-01;Pre-covid;Pre-covid
2020;02;Extremadura;Puerro;84.67;245.58;2.9;29.07;0.08;0.22;2020-02-01;Pre-covid;Pre-covid
2020;02;Galicia;Patatas;6339.73;6267.65;0.99;66.42;2.44;2.41;2020-02-01;Pre-covid;Pre-covid
2020;02;Galicia;Patatas frescas;4937.02;4769.51;0.97;51.13;1.9;1.84;2020-02-01;Pre-covid;Pre-covid
2020;02;Galicia;Patatas congeladas;173.03;226.26;1.31;7.43;0.07;0.09;2020-02-01;Pre-covid;Pre-covid
2020;02;Galicia;Patatas procesadas;245.93;1271.88;5.17;33.72;0.09;0.49;2020-02-01;Pre-covid;Pre-covid
2020;02;Galicia;Patatas fritas;175.82;1160.66;6.6;32.06;0.07;0.45;2020-02-01;Pre-covid;Pre-covid
2020;02;Galicia;Hortalizas frescas;10253.11;19522.57;1.9;96.08;3.95;7.52;2020-02-01;Pre-covid;Pre-covid
2020;02;Galicia;Omates;1414.16;2868.46;2.03;70.1;0.54;1.1;2020-02-01;Pre-covid;Pre-covid
2020;02;Galicia;Cebollas;1456.1;1990.35;1.37;56.82;0.56;0.77;2020-02-01;Pre-covid;Pre-covid
2020;02;Galicia;Ajos;110.01;506.71;4.61;30.22;0.04;0.2;2020-02-01;Pre-covid;Pre-covid
2020;02;Galicia;Coles;1074.86;1237.31;1.15;33.91;0.41;0.48;2020-02-01;Pre-covid;Pre-covid
2020;02;Galicia;Pepinos;74.33;119.31;1.61;10.76;0.03;0.05;2020-02-01;Pre-covid;Pre-covid
2020;02;Galicia;Judias verdes;235.11;770.29;3.28;18.4;0.09;0.3;2020-02-01;Pre-covid;Pre-covid
2020;02;Galicia;Pimientos;645.07;1354.72;2.1;52.46;0.25;0.52;2020-02-01;Pre-covid;Pre-covid
2020;02;Galicia;Champiñoneso setas;231.03;889.22;3.85;30.95;0.09;0.34;2020-02-01;Pre-covid;Pre-covid
2020;02;Galicia;Lechuga/esc /endivia;882.7;2208.89;2.5;56.87;0.34;0.85;2020-02-01;Pre-covid;Pre-covid
2020;02;Galicia;Esparragos;34.44;169.64;4.93;5.14;0.01;0.07;2020-02-01;Pre-covid;Pre-covid
2020;02;Galicia;Verduras de hoja;424.21;872.52;2.06;16.41;0.16;0.34;2020-02-01;Pre-covid;Pre-covid
2020;02;Galicia;Berenjenas;126.61;224.08;1.77;14.42;0.05;0.09;2020-02-01;Pre-covid;Pre-covid
2020;02;Galicia;Zanahorias;667.26;633.07;0.95;48.36;0.26;0.24;2020-02-01;Pre-covid;Pre-covid
2020;02;Galicia;Calabacines;459.4;755.33;1.64;34.06;0.18;0.29;2020-02-01;Pre-covid;Pre-covid
2020;02;Galicia;Otr hortalizas/verd ;2417.81;4922.68;2.04;75.53;0.93;1.9;2020-02-01;Pre-covid;Pre-covid
2020;02;Galicia;Brocoli;499.8;813.93;1.63;31.53;0.19;0.31;2020-02-01;Pre-covid;Pre-covid
2020;02;Galicia;Alcachofas;151.48;295.97;1.95;13.58;0.06;0.11;2020-02-01;Pre-covid;Pre-covid
2020;02;Galicia;Apio;81.23;104.91;1.29;6.6;0.03;0.04;2020-02-01;Pre-covid;Pre-covid
2020;02;Galicia;Coliflor;159.28;225.06;1.41;9.61;0.06;0.09;2020-02-01;Pre-covid;Pre-covid
2020;02;Galicia;Verd /hort  iv gama;775.13;2239.47;2.89;51.75;0.3;0.86;2020-02-01;Pre-covid;Pre-covid
2020;02;Galicia;Puerro;300.35;758.1;2.52;26.89;0.12;0.29;2020-02-01;Pre-covid;Pre-covid
2020;02;La rioja;Patatas;419.44;391.21;0.93;73.89;1.37;1.27;2020-02-01;Pre-covid;Pre-covid
2020;02;La rioja;Patatas frescas;296.54;254.91;0.86;65.48;0.97;0.83;2020-02-01;Pre-covid;Pre-covid
2020;02;La rioja;Patatas congeladas;22.38;25.78;1.15;8.58;0.07;0.08;2020-02-01;Pre-covid;Pre-covid
2020;02;La rioja;Patatas procesadas;20.1;110.51;5.5;34.33;0.07;0.36;2020-02-01;Pre-covid;Pre-covid
2020;02;La rioja;Patatas fritas;15.18;102.77;6.77;30.77;0.05;0.33;2020-02-01;Pre-covid;Pre-covid
2020;02;La rioja;Hortalizas frescas;1693.49;3363.56;1.99;95.74;5.52;10.96;2020-02-01;Pre-covid;Pre-covid
2020;02;La rioja;Omates;136.41;289.26;2.12;62.02;0.44;0.94;2020-02-01;Pre-covid;Pre-covid
2020;02;La rioja;Cebollas;146.6;267.9;1.83;57.33;0.48;0.87;2020-02-01;Pre-covid;Pre-covid
2020;02;La rioja;Ajos;27.22;160.23;5.89;33.25;0.09;0.52;2020-02-01;Pre-covid;Pre-covid
2020;02;La rioja;Coles;110.32;132.54;1.2;28.15;0.36;0.43;2020-02-01;Pre-covid;Pre-covid
2020;02;La rioja;Pepinos;30.96;53.61;1.73;23.31;0.1;0.17;2020-02-01;Pre-covid;Pre-covid
2020;02;La rioja;Judias verdes;34.0;106.27;3.13;24.02;0.11;0.35;2020-02-01;Pre-covid;Pre-covid
2020;02;La rioja;Pimientos;68.38;168.04;2.46;44.52;0.22;0.55;2020-02-01;Pre-covid;Pre-covid
2020;02;La rioja;Champiñoneso setas;72.53;268.58;3.7;52.19;0.24;0.88;2020-02-01;Pre-covid;Pre-covid
2020;02;La rioja;Lechuga/esc /endivia;168.82;443.24;2.63;64.83;0.55;1.44;2020-02-01;Pre-covid;Pre-covid
2020;02;La rioja;Esparragos;1.4;10.64;7.57;3.61;0.0;0.03;2020-02-01;Pre-covid;Pre-covid
2020;02;La rioja;Verduras de hoja;66.89;145.6;2.18;28.64;0.22;0.47;2020-02-01;Pre-covid;Pre-covid
2020;02;La rioja;Berenjenas;12.74;25.88;2.03;14.07;0.04;0.08;2020-02-01;Pre-covid;Pre-covid
2020;02;La rioja;Zanahorias;92.43;84.41;0.91;54.53;0.3;0.28;2020-02-01;Pre-covid;Pre-covid
2020;02;La rioja;Calabacines;64.42;97.37;1.51;50.68;0.21;0.32;2020-02-01;Pre-covid;Pre-covid
2020;02;La rioja;Otr hortalizas/verd ;660.37;1109.99;1.68;85.76;2.15;3.62;2020-02-01;Pre-covid;Pre-covid
2020;02;La rioja;Brocoli;114.55;120.53;1.05;21.27;0.37;0.39;2020-02-01;Pre-covid;Pre-covid
2020;02;La rioja;Alcachofas;151.6;266.9;1.76;34.43;0.49;0.87;2020-02-01;Pre-covid;Pre-covid
2020;02;La rioja;Apio;18.24;20.0;1.1;10.01;0.06;0.07;2020-02-01;Pre-covid;Pre-covid
2020;02;La rioja;Coliflor;10.61;12.15;1.14;7.62;0.03;0.04;2020-02-01;Pre-covid;Pre-covid
2020;02;La rioja;Verd /hort  iv gama;112.61;350.48;3.11;53.36;0.37;1.14;2020-02-01;Pre-covid;Pre-covid
2020;02;La rioja;Puerro;65.79;206.11;3.13;32.24;0.21;0.67;2020-02-01;Pre-covid;Pre-covid
2020;02;Madrid;Patatas;13866.06;13081.7;0.94;79.36;2.28;2.15;2020-02-01;Pre-covid;Pre-covid
2020;02;Madrid;Patatas frescas;9465.08;8636.74;0.91;66.62;1.55;1.42;2020-02-01;Pre-covid;Pre-covid
2020;02;Madrid;Patatas congeladas;465.75;613.92;1.32;9.27;0.08;0.1;2020-02-01;Pre-covid;Pre-covid
2020;02;Madrid;Patatas procesadas;787.05;3831.05;4.87;47.59;0.13;0.63;2020-02-01;Pre-covid;Pre-covid
2020;02;Madrid;Patatas fritas;579.89;3514.48;6.06;44.36;0.1;0.58;2020-02-01;Pre-covid;Pre-covid
2020;02;Madrid;Hortalizas frescas;32557.52;62128.03;1.91;97.34;5.35;10.21;2020-02-01;Pre-covid;Pre-covid
2020;02;Madrid;Omates;6764.18;11989.13;1.77;83.15;1.11;1.97;2020-02-01;Pre-covid;Pre-covid
2020;02;Madrid;Cebollas;3318.14;3967.32;1.2;66.75;0.55;0.65;2020-02-01;Pre-covid;Pre-covid
2020;02;Madrid;Ajos;364.19;1575.12;4.32;34.69;0.06;0.26;2020-02-01;Pre-covid;Pre-covid
2020;02;Madrid;Coles;1169.88;1434.79;1.23;30.69;0.19;0.24;2020-02-01;Pre-covid;Pre-covid
2020;02;Madrid;Pepinos;720.6;1218.1;1.69;30.63;0.12;0.2;2020-02-01;Pre-covid;Pre-covid
2020;02;Madrid;Judias verdes;916.73;3144.86;3.43;28.94;0.15;0.52;2020-02-01;Pre-covid;Pre-covid
2020;02;Madrid;Pimientos;2664.39;5124.86;1.92;69.11;0.44;0.84;2020-02-01;Pre-covid;Pre-covid
2020;02;Madrid;Champiñoneso setas;906.38;3420.99;3.77;45.23;0.15;0.56;2020-02-01;Pre-covid;Pre-covid
2020;02;Madrid;Lechuga/esc /endivia;1595.19;5114.23;3.21;61.91;0.26;0.84;2020-02-01;Pre-covid;Pre-covid
2020;02;Madrid;Esparragos;389.87;1102.31;2.83;14.79;0.06;0.18;2020-02-01;Pre-covid;Pre-covid
2020;02;Madrid;Verduras de hoja;934.78;2122.96;2.27;34.86;0.15;0.35;2020-02-01;Pre-covid;Pre-covid
2020;02;Madrid;Berenjenas;806.2;1298.7;1.61;33.78;0.13;0.21;2020-02-01;Pre-covid;Pre-covid
2020;02;Madrid;Zanahorias;2436.36;2194.24;0.9;65.13;0.4;0.36;2020-02-01;Pre-covid;Pre-covid
2020;02;Madrid;Calabacines;2828.31;4150.15;1.47;64.31;0.46;0.68;2020-02-01;Pre-covid;Pre-covid
2020;02;Madrid;Otr hortalizas/verd ;6742.31;14270.29;2.12;80.87;1.11;2.34;2020-02-01;Pre-covid;Pre-covid
2020;02;Madrid;Brocoli;725.27;1361.65;1.88;26.07;0.12;0.22;2020-02-01;Pre-covid;Pre-covid
2020;02;Madrid;Alcachofas;1395.25;2649.22;1.9;30.84;0.23;0.44;2020-02-01;Pre-covid;Pre-covid
2020;02;Madrid;Apio;246.69;417.8;1.69;13.97;0.04;0.07;2020-02-01;Pre-covid;Pre-covid
2020;02;Madrid;Coliflor;375.56;561.61;1.5;12.72;0.06;0.09;2020-02-01;Pre-covid;Pre-covid
2020;02;Madrid;Verd /hort  iv gama;3383.61;10300.06;3.04;68.51;0.56;1.69;2020-02-01;Pre-covid;Pre-covid
2020;02;Madrid;Puerro;862.29;1923.15;2.23;42.2;0.14;0.32;2020-02-01;Pre-covid;Pre-covid
2020;02;Murcia;Patatas;2913.89;2714.73;0.93;75.44;2.1;1.96;2020-02-01;Pre-covid;Pre-covid
2020;02;Murcia;Patatas frescas;2061.39;1699.79;0.82;61.01;1.48;1.22;2020-02-01;Pre-covid;Pre-covid
2020;02;Murcia;Patatas congeladas;111.86;140.92;1.26;13.59;0.08;0.1;2020-02-01;Pre-covid;Pre-covid
2020;02;Murcia;Patatas procesadas;148.13;874.03;5.9;46.9;0.11;0.63;2020-02-01;Pre-covid;Pre-covid
2020;02;Murcia;Patatas fritas;138.89;861.54;6.2;46.35;0.1;0.62;2020-02-01;Pre-covid;Pre-covid
2020;02;Murcia;Hortalizas frescas;7524.1;14303.15;1.9;95.24;5.42;10.3;2020-02-01;Pre-covid;Pre-covid
2020;02;Murcia;Omates;1704.94;3054.09;1.79;72.57;1.23;2.2;2020-02-01;Pre-covid;Pre-covid
2020;02;Murcia;Cebollas;811.42;1042.88;1.29;69.52;0.58;0.75;2020-02-01;Pre-covid;Pre-covid
2020;02;Murcia;Ajos;81.2;319.46;3.93;33.94;0.06;0.23;2020-02-01;Pre-covid;Pre-covid
2020;02;Murcia;Coles;69.4;100.31;1.45;13.38;0.05;0.07;2020-02-01;Pre-covid;Pre-covid
2020;02;Murcia;Pepinos;283.69;435.91;1.54;35.12;0.2;0.31;2020-02-01;Pre-covid;Pre-covid
2020;02;Murcia;Judias verdes;177.51;594.43;3.35;38.53;0.13;0.43;2020-02-01;Pre-covid;Pre-covid
2020;02;Murcia;Pimientos;630.04;1029.53;1.63;70.02;0.45;0.74;2020-02-01;Pre-covid;Pre-covid
2020;02;Murcia;Champiñoneso setas;165.99;654.74;3.94;44.65;0.12;0.47;2020-02-01;Pre-covid;Pre-covid
2020;02;Murcia;Lechuga/esc /endivia;517.11;1534.76;2.97;67.5;0.37;1.11;2020-02-01;Pre-covid;Pre-covid
2020;02;Murcia;Esparragos;33.02;192.24;5.82;7.98;0.02;0.14;2020-02-01;Pre-covid;Pre-covid
2020;02;Murcia;Verduras de hoja;186.01;431.57;2.32;35.37;0.13;0.31;2020-02-01;Pre-covid;Pre-covid
2020;02;Murcia;Berenjenas;244.65;399.21;1.63;33.4;0.18;0.29;2020-02-01;Pre-covid;Pre-covid
2020;02;Murcia;Zanahorias;362.62;361.38;1.0;57.72;0.26;0.26;2020-02-01;Pre-covid;Pre-covid
2020;02;Murcia;Calabacines;495.82;726.34;1.46;52.93;0.36;0.52;2020-02-01;Pre-covid;Pre-covid
2020;02;Murcia;Otr hortalizas/verd ;1760.68;3426.31;1.95;82.76;1.27;2.47;2020-02-01;Pre-covid;Pre-covid
2020;02;Murcia;Brocoli;208.82;361.09;1.73;30.89;0.15;0.26;2020-02-01;Pre-covid;Pre-covid
2020;02;Murcia;Alcachofas;556.73;878.33;1.58;38.75;0.4;0.63;2020-02-01;Pre-covid;Pre-covid
2020;02;Murcia;Apio;57.13;104.08;1.82;17.95;0.04;0.07;2020-02-01;Pre-covid;Pre-covid
2020;02;Murcia;Coliflor;65.65;107.74;1.64;12.32;0.05;0.08;2020-02-01;Pre-covid;Pre-covid
2020;02;Murcia;Verd /hort  iv gama;830.89;2246.62;2.7;67.07;0.6;1.62;2020-02-01;Pre-covid;Pre-covid
2020;02;Murcia;Puerro;107.1;277.3;2.59;31.18;0.08;0.2;2020-02-01;Pre-covid;Pre-covid
2020;02;Navarra;Patatas;1167.8;1166.33;1.0;69.66;2.03;2.03;2020-02-01;Pre-covid;Pre-covid
2020;02;Navarra;Patatas frescas;964.47;871.88;0.9;53.77;1.68;1.52;2020-02-01;Pre-covid;Pre-covid
2020;02;Navarra;Patatas congeladas;35.21;85.95;2.44;10.63;0.06;0.15;2020-02-01;Pre-covid;Pre-covid
2020;02;Navarra;Patatas procesadas;33.62;208.49;6.2;37.47;0.06;0.36;2020-02-01;Pre-covid;Pre-covid
2020;02;Navarra;Patatas fritas;25.75;197.63;7.67;37.36;0.04;0.34;2020-02-01;Pre-covid;Pre-covid
2020;02;Navarra;Hortalizas frescas;2848.53;5684.16;2.0;95.76;4.96;9.9;2020-02-01;Pre-covid;Pre-covid
2020;02;Navarra;Omates;337.67;612.13;1.81;66.55;0.59;1.07;2020-02-01;Pre-covid;Pre-covid
2020;02;Navarra;Cebollas;325.32;436.46;1.34;58.13;0.57;0.76;2020-02-01;Pre-covid;Pre-covid
2020;02;Navarra;Ajos;35.09;215.77;6.15;38.71;0.06;0.38;2020-02-01;Pre-covid;Pre-covid
2020;02;Navarra;Coles;92.93;104.24;1.12;21.66;0.16;0.18;2020-02-01;Pre-covid;Pre-covid
2020;02;Navarra;Pepinos;33.51;55.75;1.66;24.78;0.06;0.1;2020-02-01;Pre-covid;Pre-covid
2020;02;Navarra;Judias verdes;105.17;371.67;3.53;33.66;0.18;0.65;2020-02-01;Pre-covid;Pre-covid
2020;02;Navarra;Pimientos;144.91;278.58;1.92;53.36;0.25;0.49;2020-02-01;Pre-covid;Pre-covid
2020;02;Navarra;Champiñoneso setas;72.03;330.34;4.59;41.36;0.13;0.58;2020-02-01;Pre-covid;Pre-covid
2020;02;Navarra;Lechuga/esc /endivia;296.54;791.88;2.67;68.27;0.52;1.38;2020-02-01;Pre-covid;Pre-covid
2020;02;Navarra;Esparragos;22.22;70.12;3.16;12.12;0.04;0.12;2020-02-01;Pre-covid;Pre-covid
2020;02;Navarra;Verduras de hoja;96.93;207.18;2.14;24.94;0.17;0.36;2020-02-01;Pre-covid;Pre-covid
2020;02;Navarra;Berenjenas;81.48;159.03;1.95;14.79;0.14;0.28;2020-02-01;Pre-covid;Pre-covid
2020;02;Navarra;Zanahorias;172.92;156.94;0.91;59.18;0.3;0.27;2020-02-01;Pre-covid;Pre-covid
2020;02;Navarra;Calabacines;229.24;363.69;1.59;58.44;0.4;0.63;2020-02-01;Pre-covid;Pre-covid
2020;02;Navarra;Otr hortalizas/verd ;802.55;1530.38;1.91;85.57;1.4;2.66;2020-02-01;Pre-covid;Pre-covid
2020;02;Navarra;Brocoli;225.77;236.69;1.05;27.4;0.39;0.41;2020-02-01;Pre-covid;Pre-covid
2020;02;Navarra;Alcachofas;111.47;234.4;2.1;27.49;0.19;0.41;2020-02-01;Pre-covid;Pre-covid
2020;02;Navarra;Apio;45.85;50.29;1.1;20.0;0.08;0.09;2020-02-01;Pre-covid;Pre-covid
2020;02;Navarra;Coliflor;22.28;36.51;1.64;8.41;0.04;0.06;2020-02-01;Pre-covid;Pre-covid
2020;02;Navarra;Verd /hort  iv gama;425.61;1126.58;2.65;78.2;0.74;1.96;2020-02-01;Pre-covid;Pre-covid
2020;02;Navarra;Puerro;63.68;225.56;3.54;30.49;0.11;0.39;2020-02-01;Pre-covid;Pre-covid
2020;02;Pais vasco;Patatas;5570.95;5249.31;0.94;77.11;2.75;2.59;2020-02-01;Pre-covid;Pre-covid
2020;02;Pais vasco;Patatas frescas;4608.67;4121.7;0.89;69.26;2.27;2.03;2020-02-01;Pre-covid;Pre-covid
2020;02;Pais vasco;Patatas congeladas;84.15;88.64;1.05;4.1;0.04;0.04;2020-02-01;Pre-covid;Pre-covid
2020;02;Pais vasco;Patatas procesadas;175.63;1038.98;5.92;35.05;0.09;0.51;2020-02-01;Pre-covid;Pre-covid
2020;02;Pais vasco;Patatas fritas;161.19;1015.16;6.3;34.13;0.08;0.5;2020-02-01;Pre-covid;Pre-covid
2020;02;Pais vasco;Hortalizas frescas;11843.44;22699.01;1.92;96.58;5.84;11.2;2020-02-01;Pre-covid;Pre-covid
2020;02;Pais vasco;Omates;1823.4;3423.11;1.88;72.73;0.9;1.69;2020-02-01;Pre-covid;Pre-covid
2020;02;Pais vasco;Cebollas;1661.01;2248.97;1.35;73.44;0.82;1.11;2020-02-01;Pre-covid;Pre-covid
2020;02;Pais vasco;Ajos;129.98;687.87;5.29;37.79;0.06;0.34;2020-02-01;Pre-covid;Pre-covid
2020;02;Pais vasco;Coles;478.98;588.54;1.23;31.15;0.24;0.29;2020-02-01;Pre-covid;Pre-covid
2020;02;Pais vasco;Pepinos;131.97;243.8;1.85;18.39;0.07;0.12;2020-02-01;Pre-covid;Pre-covid
2020;02;Pais vasco;Judias verdes;340.68;1154.17;3.39;33.49;0.17;0.57;2020-02-01;Pre-covid;Pre-covid
2020;02;Pais vasco;Pimientos;797.72;1630.78;2.04;64.42;0.39;0.8;2020-02-01;Pre-covid;Pre-covid
2020;02;Pais vasco;Champiñoneso setas;320.36;1271.38;3.97;46.34;0.16;0.63;2020-02-01;Pre-covid;Pre-covid
2020;02;Pais vasco;Lechuga/esc /endivia;900.13;2489.98;2.77;64.8;0.44;1.23;2020-02-01;Pre-covid;Pre-covid
2020;02;Pais vasco;Esparragos;64.06;171.12;2.67;5.84;0.03;0.08;2020-02-01;Pre-covid;Pre-covid
2020;02;Pais vasco;Verduras de hoja;365.69;776.23;2.12;28.29;0.18;0.38;2020-02-01;Pre-covid;Pre-covid
2020;02;Pais vasco;Berenjenas;183.57;307.54;1.68;18.53;0.09;0.15;2020-02-01;Pre-covid;Pre-covid
2020;02;Pais vasco;Zanahorias;824.77;740.51;0.9;64.9;0.41;0.37;2020-02-01;Pre-covid;Pre-covid
2020;02;Pais vasco;Calabacines;1049.54;1541.74;1.47;50.31;0.52;0.76;2020-02-01;Pre-covid;Pre-covid
2020;02;Pais vasco;Otr hortalizas/verd ;2771.57;5423.27;1.96;77.73;1.37;2.68;2020-02-01;Pre-covid;Pre-covid
2020;02;Pais vasco;Brocoli;496.11;731.91;1.48;22.57;0.24;0.36;2020-02-01;Pre-covid;Pre-covid
2020;02;Pais vasco;Alcachofas;518.47;792.19;1.53;22.84;0.26;0.39;2020-02-01;Pre-covid;Pre-covid
2020;02;Pais vasco;Apio;55.53;78.08;1.41;6.87;0.03;0.04;2020-02-01;Pre-covid;Pre-covid
2020;02;Pais vasco;Coliflor;133.24;196.42;1.47;11.51;0.07;0.1;2020-02-01;Pre-covid;Pre-covid
2020;02;Pais vasco;Verd /hort  iv gama;1257.37;3433.71;2.73;62.48;0.62;1.69;2020-02-01;Pre-covid;Pre-covid
2020;02;Pais vasco;Puerro;341.07;1122.96;3.29;38.04;0.17;0.55;2020-02-01;Pre-covid;Pre-covid
2020;02;Valencia;Patatas;11850.59;12099.36;1.02;82.2;2.54;2.6;2020-02-01;Pre-covid;Pre-covid
2020;02;Valencia;Patatas frescas;8369.79;8076.97;0.97;70.78;1.8;1.73;2020-02-01;Pre-covid;Pre-covid
2020;02;Valencia;Patatas congeladas;380.82;534.55;1.4;11.21;0.08;0.11;2020-02-01;Pre-covid;Pre-covid
2020;02;Valencia;Patatas procesadas;620.0;3487.83;5.63;51.98;0.13;0.75;2020-02-01;Pre-covid;Pre-covid
2020;02;Valencia;Patatas fritas;546.38;3371.81;6.17;50.95;0.12;0.72;2020-02-01;Pre-covid;Pre-covid
2020;02;Valencia;Hortalizas frescas;25475.15;47552.74;1.87;95.95;5.47;10.21;2020-02-01;Pre-covid;Pre-covid
2020;02;Valencia;Omates;4327.7;7714.38;1.78;78.02;0.93;1.66;2020-02-01;Pre-covid;Pre-covid
2020;02;Valencia;Cebollas;3038.61;3524.54;1.16;65.29;0.65;0.76;2020-02-01;Pre-covid;Pre-covid
2020;02;Valencia;Ajos;267.6;1064.64;3.98;33.09;0.06;0.23;2020-02-01;Pre-covid;Pre-covid
2020;02;Valencia;Coles;636.71;734.25;1.15;21.11;0.14;0.16;2020-02-01;Pre-covid;Pre-covid
2020;02;Valencia;Pepinos;768.3;1228.75;1.6;34.53;0.16;0.26;2020-02-01;Pre-covid;Pre-covid
2020;02;Valencia;Judias verdes;548.91;1864.54;3.4;29.91;0.12;0.4;2020-02-01;Pre-covid;Pre-covid
2020;02;Valencia;Pimientos;1961.59;3498.99;1.78;64.12;0.42;0.75;2020-02-01;Pre-covid;Pre-covid
2020;02;Valencia;Champiñoneso setas;817.61;2761.82;3.38;47.04;0.18;0.59;2020-02-01;Pre-covid;Pre-covid
2020;02;Valencia;Lechuga/esc /endivia;1516.53;4273.61;2.82;61.02;0.33;0.92;2020-02-01;Pre-covid;Pre-covid
2020;02;Valencia;Esparragos;221.44;797.26;3.6;12.22;0.05;0.17;2020-02-01;Pre-covid;Pre-covid
2020;02;Valencia;Verduras de hoja;822.47;1872.48;2.28;33.77;0.18;0.4;2020-02-01;Pre-covid;Pre-covid
2020;02;Valencia;Berenjenas;909.33;1467.91;1.61;37.11;0.2;0.32;2020-02-01;Pre-covid;Pre-covid
2020;02;Valencia;Zanahorias;1400.1;1252.93;0.89;55.63;0.3;0.27;2020-02-01;Pre-covid;Pre-covid
2020;02;Valencia;Calabacines;1602.16;2474.19;1.54;50.59;0.34;0.53;2020-02-01;Pre-covid;Pre-covid
2020;02;Valencia;Otr hortalizas/verd ;6636.07;13022.45;1.96;83.87;1.42;2.8;2020-02-01;Pre-covid;Pre-covid
2020;02;Valencia;Brocoli;557.99;1010.37;1.81;23.39;0.12;0.22;2020-02-01;Pre-covid;Pre-covid
2020;02;Valencia;Alcachofas;2338.91;3586.05;1.53;47.77;0.5;0.77;2020-02-01;Pre-covid;Pre-covid
2020;02;Valencia;Apio;149.4;240.58;1.61;10.41;0.03;0.05;2020-02-01;Pre-covid;Pre-covid
2020;02;Valencia;Coliflor;321.31;469.99;1.46;11.63;0.07;0.1;2020-02-01;Pre-covid;Pre-covid
2020;02;Valencia;Verd /hort  iv gama;3134.21;8110.33;2.59;66.36;0.67;1.74;2020-02-01;Pre-covid;Pre-covid
2020;02;Valencia;Puerro;380.06;1020.17;2.68;30.13;0.08;0.22;2020-02-01;Pre-covid;Pre-covid
2020;02;Nacional;Frutas frescas;321171.62;544534.23;1.7;95.67;7.25;12.29;2020-02-01;Pre-covid;Pre-covid
2020;02;Nacional;Naranjas;85997.39;84048.65;0.98;57.85;1.94;1.9;2020-02-01;Pre-covid;Pre-covid
2020;02;Nacional;Mandarinas;38020.65;66810.21;1.76;59.58;0.86;1.51;2020-02-01;Pre-covid;Pre-covid
2020;02;Nacional;Limones;8026.31;13229.11;1.65;31.45;0.18;0.3;2020-02-01;Pre-covid;Pre-covid
2020;02;Nacional;Platanos;55209.87;85384.4;1.55;80.76;1.25;1.93;2020-02-01;Pre-covid;Pre-covid
2020;02;Nacional;Manzanas;43693.23;64065.46;1.47;69.22;0.99;1.45;2020-02-01;Pre-covid;Pre-covid
2020;02;Nacional;Peras;20699.88;32724.15;1.58;48.68;0.47;0.74;2020-02-01;Pre-covid;Pre-covid
2020;02;Nacional;Melocotones;97.49;154.54;1.59;0.57;0.0;0.0;2020-02-01;Pre-covid;Pre-covid
2020;02;Nacional;Nectarinas;556.15;1036.1;1.86;1.48;0.01;0.02;2020-02-01;Pre-covid;Pre-covid
2020;02;Nacional;Albaricoques;121.36;233.12;1.92;0.62;0.0;0.01;2020-02-01;Pre-covid;Pre-covid
2020;02;Nacional;Fresas/freson;21324.54;70848.23;3.32;58.19;0.48;1.6;2020-02-01;Pre-covid;Pre-covid
2020;02;Nacional;Melon;6438.04;10814.52;1.68;10.9;0.15;0.24;2020-02-01;Pre-covid;Pre-covid
2020;02;Nacional;Sandia;464.47;704.21;1.52;1.26;0.01;0.02;2020-02-01;Pre-covid;Pre-covid
2020;02;Nacional;Ciruelas;1163.16;3434.57;2.95;6.98;0.03;0.08;2020-02-01;Pre-covid;Pre-covid
2020;02;Nacional;Cerezas;122.29;556.01;4.55;0.9;0.0;0.01;2020-02-01;Pre-covid;Pre-covid
2020;02;Nacional;Uvas;3053.37;12618.69;4.13;14.12;0.07;0.28;2020-02-01;Pre-covid;Pre-covid
2020;02;Nacional;Kiwi;13322.3;36835.89;2.76;38.46;0.3;0.83;2020-02-01;Pre-covid;Pre-covid
2020;02;Nacional;Aguacate;5939.16;20690.89;3.48;30.02;0.13;0.47;2020-02-01;Pre-covid;Pre-covid
2020;02;Nacional;Piña;5866.21;10440.45;1.78;16.12;0.13;0.24;2020-02-01;Pre-covid;Pre-covid
2020;02;Nacional;Otras frutas frescas;11055.76;29905.04;2.7;34.25;0.25;0.67;2020-02-01;Pre-covid;Pre-covid
2020;02;Nacional;Pomelo;1431.07;2704.9;1.89;3.52;0.03;0.06;2020-02-01;Pre-covid;Pre-covid
2020;02;Nacional;Chirimoya;9.21;33.96;3.69;0.05;0.0;0.0;2020-02-01;Pre-covid;Pre-covid
2020;02;Nacional;Mango;3087.98;7368.97;2.39;13.59;0.07;0.17;2020-02-01;Pre-covid;Pre-covid
2020;02;Nacional;Frutas iv gama;12308.85;23770.86;1.93;25.43;0.28;0.54;2020-02-01;Pre-covid;Pre-covid
2020;02;Andalucia;Frutas frescas;49507.36;81515.04;1.65;94.95;5.93;9.77;2020-02-01;Pre-covid;Pre-covid
2020;02;Andalucia;Naranjas;13370.02;13001.87;0.97;54.54;1.6;1.56;2020-02-01;Pre-covid;Pre-covid
2020;02;Andalucia;Mandarinas;5624.6;9535.25;1.7;55.72;0.67;1.14;2020-02-01;Pre-covid;Pre-covid
2020;02;Andalucia;Limones;1276.07;2090.59;1.64;25.04;0.15;0.25;2020-02-01;Pre-covid;Pre-covid
2020;02;Andalucia;Platanos;9063.2;13124.64;1.45;78.94;1.09;1.57;2020-02-01;Pre-covid;Pre-covid
2020;02;Andalucia;Manzanas;6367.49;9435.13;1.48;69.19;0.76;1.13;2020-02-01;Pre-covid;Pre-covid
2020;02;Andalucia;Peras;3245.44;4960.79;1.53;44.71;0.39;0.59;2020-02-01;Pre-covid;Pre-covid
2020;02;Andalucia;Melocotones;28.17;28.24;1.0;0.55;0.0;0.0;2020-02-01;Pre-covid;Pre-covid
2020;02;Andalucia;Nectarinas;124.15;248.64;2.0;1.62;0.01;0.03;2020-02-01;Pre-covid;Pre-covid
2020;02;Andalucia;Albaricoques;17.11;51.18;2.99;0.7;0.0;0.01;2020-02-01;Pre-covid;Pre-covid
2020;02;Andalucia;Fresas/freson;3464.02;10767.66;3.11;55.4;0.42;1.29;2020-02-01;Pre-covid;Pre-covid
2020;02;Andalucia;Melon;986.54;1630.08;1.65;10.82;0.12;0.2;2020-02-01;Pre-covid;Pre-covid
2020;02;Andalucia;Sandia;30.24;46.89;1.55;0.54;0.0;0.01;2020-02-01;Pre-covid;Pre-covid
2020;02;Andalucia;Ciruelas;168.68;470.09;2.79;6.22;0.02;0.06;2020-02-01;Pre-covid;Pre-covid
2020;02;Andalucia;Cerezas;37.08;98.9;2.67;0.92;0.0;0.01;2020-02-01;Pre-covid;Pre-covid
2020;02;Andalucia;Uvas;536.52;2131.62;3.97;16.67;0.06;0.26;2020-02-01;Pre-covid;Pre-covid
2020;02;Andalucia;Kiwi;1668.59;4709.69;2.82;36.18;0.2;0.56;2020-02-01;Pre-covid;Pre-covid
2020;02;Andalucia;Aguacate;984.26;3216.03;3.27;28.2;0.12;0.39;2020-02-01;Pre-covid;Pre-covid
2020;02;Andalucia;Piña;787.58;1297.46;1.65;14.26;0.09;0.16;2020-02-01;Pre-covid;Pre-covid
2020;02;Andalucia;Otras frutas frescas;1727.6;4670.29;2.7;33.08;0.21;0.56;2020-02-01;Pre-covid;Pre-covid
2020;02;Andalucia;Pomelo;190.29;347.82;1.83;2.91;0.02;0.04;2020-02-01;Pre-covid;Pre-covid
2020;02;Andalucia;Chirimoya;0.0;0.0;0.0;0.0;0.0;0.0;2020-02-01;Pre-covid;Pre-covid
2020;02;Andalucia;Mango;557.67;1178.35;2.11;14.49;0.07;0.14;2020-02-01;Pre-covid;Pre-covid
2020;02;Andalucia;Frutas iv gama;2205.54;4176.07;1.89;24.96;0.26;0.5;2020-02-01;Pre-covid;Pre-covid
2020;02;Aragon;Frutas frescas;9330.31;15607.02;1.67;97.98;7.41;12.4;2020-02-01;Pre-covid;Pre-covid
2020;02;Aragon;Naranjas;2297.13;2219.57;0.97;63.9;1.83;1.76;2020-02-01;Pre-covid;Pre-covid
2020;02;Aragon;Mandarinas;1378.83;2259.93;1.64;67.01;1.1;1.8;2020-02-01;Pre-covid;Pre-covid
2020;02;Aragon;Limones;200.19;322.18;1.61;35.75;0.16;0.26;2020-02-01;Pre-covid;Pre-covid
2020;02;Aragon;Platanos;1570.47;2372.03;1.51;78.61;1.25;1.88;2020-02-01;Pre-covid;Pre-covid
2020;02;Aragon;Manzanas;1442.64;1998.25;1.39;64.84;1.15;1.59;2020-02-01;Pre-covid;Pre-covid
2020;02;Aragon;Peras;595.36;941.6;1.58;52.39;0.47;0.75;2020-02-01;Pre-covid;Pre-covid
2020;02;Aragon;Melocotones;0.0;0.0;0.0;0.0;0.0;0.0;2020-02-01;Pre-covid;Pre-covid
2020;02;Aragon;Nectarinas;0.0;0.0;0.0;0.0;0.0;0.0;2020-02-01;Pre-covid;Pre-covid
2020;02;Aragon;Albaricoques;2.33;4.62;1.98;0.55;0.0;0.0;2020-02-01;Pre-covid;Pre-covid
2020;02;Aragon;Fresas/freson;711.21;2230.97;3.14;65.7;0.57;1.77;2020-02-01;Pre-covid;Pre-covid
2020;02;Aragon;Melon;146.58;285.97;1.95;12.59;0.12;0.23;2020-02-01;Pre-covid;Pre-covid
2020;02;Aragon;Sandia;12.66;24.89;1.97;1.93;0.01;0.02;2020-02-01;Pre-covid;Pre-covid
2020;02;Aragon;Ciruelas;25.01;49.3;1.97;6.82;0.02;0.04;2020-02-01;Pre-covid;Pre-covid
2020;02;Aragon;Cerezas;2.07;25.62;12.36;1.27;0.0;0.02;2020-02-01;Pre-covid;Pre-covid
2020;02;Aragon;Uvas;62.76;232.14;3.7;15.81;0.05;0.18;2020-02-01;Pre-covid;Pre-covid
2020;02;Aragon;Kiwi;372.15;1059.84;2.85;40.81;0.3;0.84;2020-02-01;Pre-covid;Pre-covid
2020;02;Aragon;Aguacate;194.29;610.86;3.14;27.67;0.15;0.49;2020-02-01;Pre-covid;Pre-covid
2020;02;Aragon;Piña;128.32;279.13;2.18;15.75;0.1;0.22;2020-02-01;Pre-covid;Pre-covid
2020;02;Aragon;Otras frutas frescas;188.31;690.11;3.66;25.83;0.15;0.55;2020-02-01;Pre-covid;Pre-covid
2020;02;Aragon;Pomelo;23.2;43.29;1.87;2.35;0.02;0.03;2020-02-01;Pre-covid;Pre-covid
2020;02;Aragon;Chirimoya;0.0;0.0;0.0;0.0;0.0;0.0;2020-02-01;Pre-covid;Pre-covid
2020;02;Aragon;Mango;42.55;103.89;2.44;9.25;0.03;0.08;2020-02-01;Pre-covid;Pre-covid
2020;02;Aragon;Frutas iv gama;329.25;721.27;2.19;28.15;0.26;0.57;2020-02-01;Pre-covid;Pre-covid
2020;02;Asturias;Frutas frescas;9371.29;15954.08;1.7;96.79;9.15;15.58;2020-02-01;Pre-covid;Pre-covid
2020;02;Asturias;Naranjas;2708.88;2652.61;0.98;69.21;2.65;2.59;2020-02-01;Pre-covid;Pre-covid
2020;02;Asturias;Mandarinas;1159.04;2170.8;1.87;67.51;1.13;2.12;2020-02-01;Pre-covid;Pre-covid
2020;02;Asturias;Limones;215.83;358.14;1.66;36.6;0.21;0.35;2020-02-01;Pre-covid;Pre-covid
2020;02;Asturias;Platanos;1584.29;2427.41;1.53;79.36;1.55;2.37;2020-02-01;Pre-covid;Pre-covid
2020;02;Asturias;Manzanas;1290.01;2043.11;1.58;66.12;1.26;2.0;2020-02-01;Pre-covid;Pre-covid
2020;02;Asturias;Peras;552.97;950.54;1.72;46.61;0.54;0.93;2020-02-01;Pre-covid;Pre-covid
2020;02;Asturias;Melocotones;13.73;18.93;1.38;3.19;0.01;0.02;2020-02-01;Pre-covid;Pre-covid
2020;02;Asturias;Nectarinas;41.76;121.81;2.92;4.98;0.04;0.12;2020-02-01;Pre-covid;Pre-covid
2020;02;Asturias;Albaricoques;0.0;0.0;0.0;0.0;0.0;0.0;2020-02-01;Pre-covid;Pre-covid
2020;02;Asturias;Fresas/freson;723.23;2389.9;3.3;64.34;0.71;2.33;2020-02-01;Pre-covid;Pre-covid
2020;02;Asturias;Melon;130.78;120.2;0.92;8.15;0.13;0.12;2020-02-01;Pre-covid;Pre-covid
2020;02;Asturias;Sandia;4.18;7.08;1.69;1.75;0.0;0.01;2020-02-01;Pre-covid;Pre-covid
2020;02;Asturias;Ciruelas;54.98;155.56;2.83;12.03;0.05;0.15;2020-02-01;Pre-covid;Pre-covid
2020;02;Asturias;Cerezas;0.0;0.0;0.0;0.0;0.0;0.0;2020-02-01;Pre-covid;Pre-covid
2020;02;Asturias;Uvas;123.53;531.62;4.3;21.69;0.12;0.52;2020-02-01;Pre-covid;Pre-covid
2020;02;Asturias;Kiwi;335.64;851.47;2.54;37.54;0.33;0.83;2020-02-01;Pre-covid;Pre-covid
2020;02;Asturias;Aguacate;95.17;379.93;3.99;23.26;0.09;0.37;2020-02-01;Pre-covid;Pre-covid
2020;02;Asturias;Piña;134.56;256.64;1.91;9.17;0.13;0.25;2020-02-01;Pre-covid;Pre-covid
2020;02;Asturias;Otras frutas frescas;202.71;518.34;2.56;26.22;0.2;0.51;2020-02-01;Pre-covid;Pre-covid
2020;02;Asturias;Pomelo;76.43;118.56;1.55;5.83;0.07;0.12;2020-02-01;Pre-covid;Pre-covid
2020;02;Asturias;Chirimoya;0.0;0.0;0.0;0.0;0.0;0.0;2020-02-01;Pre-covid;Pre-covid
2020;02;Asturias;Mango;68.84;181.17;2.63;7.0;0.07;0.18;2020-02-01;Pre-covid;Pre-covid
2020;02;Asturias;Frutas iv gama;366.5;722.38;1.97;31.2;0.36;0.71;2020-02-01;Pre-covid;Pre-covid
2020;02;Baleares;Frutas frescas;7413.23;12759.76;1.72;98.04;7.25;12.48;2020-02-01;Pre-covid;Pre-covid
2020;02;Baleares;Naranjas;1880.33;1821.92;0.97;45.88;1.84;1.78;2020-02-01;Pre-covid;Pre-covid
2020;02;Baleares;Mandarinas;778.29;1355.73;1.74;50.43;0.76;1.33;2020-02-01;Pre-covid;Pre-covid
2020;02;Baleares;Limones;146.78;232.57;1.58;24.4;0.14;0.23;2020-02-01;Pre-covid;Pre-covid
2020;02;Baleares;Platanos;1350.41;2086.38;1.54;85.27;1.32;2.04;2020-02-01;Pre-covid;Pre-covid
2020;02;Baleares;Manzanas;1098.97;1655.96;1.51;75.26;1.08;1.62;2020-02-01;Pre-covid;Pre-covid
2020;02;Baleares;Peras;430.3;635.37;1.48;46.18;0.42;0.62;2020-02-01;Pre-covid;Pre-covid
2020;02;Baleares;Melocotones;0.0;0.0;0.0;0.0;0.0;0.0;2020-02-01;Pre-covid;Pre-covid
2020;02;Baleares;Nectarinas;90.31;93.93;1.04;4.39;0.09;0.09;2020-02-01;Pre-covid;Pre-covid
2020;02;Baleares;Albaricoques;0.0;0.0;0.0;0.0;0.0;0.0;2020-02-01;Pre-covid;Pre-covid
2020;02;Baleares;Fresas/freson;401.23;1381.44;3.44;49.06;0.39;1.35;2020-02-01;Pre-covid;Pre-covid
2020;02;Baleares;Melon;127.91;206.37;1.61;9.91;0.13;0.2;2020-02-01;Pre-covid;Pre-covid
2020;02;Baleares;Sandia;4.5;7.8;1.73;0.98;0.0;0.01;2020-02-01;Pre-covid;Pre-covid
2020;02;Baleares;Ciruelas;26.47;71.75;2.71;5.32;0.03;0.07;2020-02-01;Pre-covid;Pre-covid
2020;02;Baleares;Cerezas;4.38;20.95;4.78;2.24;0.0;0.02;2020-02-01;Pre-covid;Pre-covid
2020;02;Baleares;Uvas;131.62;605.24;4.6;26.93;0.13;0.59;2020-02-01;Pre-covid;Pre-covid
2020;02;Baleares;Kiwi;264.25;823.82;3.12;37.64;0.26;0.81;2020-02-01;Pre-covid;Pre-covid
2020;02;Baleares;Aguacate;199.17;697.9;3.5;33.36;0.19;0.68;2020-02-01;Pre-covid;Pre-covid
2020;02;Baleares;Piña;144.92;235.86;1.63;21.85;0.14;0.23;2020-02-01;Pre-covid;Pre-covid
2020;02;Baleares;Otras frutas frescas;333.38;826.76;2.48;31.74;0.33;0.81;2020-02-01;Pre-covid;Pre-covid
2020;02;Baleares;Pomelo;16.22;32.99;2.03;3.54;0.02;0.03;2020-02-01;Pre-covid;Pre-covid
2020;02;Baleares;Chirimoya;0.0;0.0;0.0;0.0;0.0;0.0;2020-02-01;Pre-covid;Pre-covid
2020;02;Baleares;Mango;129.93;310.68;2.39;18.35;0.13;0.3;2020-02-01;Pre-covid;Pre-covid
2020;02;Baleares;Frutas iv gama;483.89;778.8;1.61;27.99;0.47;0.76;2020-02-01;Pre-covid;Pre-covid
2020;02;Canarias;Frutas frescas;13739.7;24111.15;1.75;94.05;6.41;11.24;2020-02-01;Pre-covid;Pre-covid
2020;02;Canarias;Naranjas;2631.01;2638.38;1.0;45.04;1.23;1.23;2020-02-01;Pre-covid;Pre-covid
2020;02;Canarias;Mandarinas;1742.3;3072.5;1.76;53.18;0.81;1.43;2020-02-01;Pre-covid;Pre-covid
2020;02;Canarias;Limones;411.32;639.77;1.56;31.81;0.19;0.3;2020-02-01;Pre-covid;Pre-covid
2020;02;Canarias;Platanos;2943.91;4067.8;1.38;77.61;1.37;1.9;2020-02-01;Pre-covid;Pre-covid
2020;02;Canarias;Manzanas;1752.37;2714.9;1.55;71.17;0.82;1.27;2020-02-01;Pre-covid;Pre-covid
2020;02;Canarias;Peras;1155.65;1960.33;1.7;49.27;0.54;0.91;2020-02-01;Pre-covid;Pre-covid
2020;02;Canarias;Melocotones;3.44;17.83;5.18;1.27;0.0;0.01;2020-02-01;Pre-covid;Pre-covid
2020;02;Canarias;Nectarinas;9.24;17.04;1.84;1.64;0.0;0.01;2020-02-01;Pre-covid;Pre-covid
2020;02;Canarias;Albaricoques;0.0;0.0;0.0;0.0;0.0;0.0;2020-02-01;Pre-covid;Pre-covid
2020;02;Canarias;Fresas/freson;542.56;2308.16;4.25;51.4;0.25;1.08;2020-02-01;Pre-covid;Pre-covid
2020;02;Canarias;Melon;93.7;238.65;2.55;6.37;0.04;0.11;2020-02-01;Pre-covid;Pre-covid
2020;02;Canarias;Sandia;5.05;9.34;1.85;0.04;0.0;0.0;2020-02-01;Pre-covid;Pre-covid
2020;02;Canarias;Ciruelas;24.33;90.82;3.73;4.25;0.01;0.04;2020-02-01;Pre-covid;Pre-covid
2020;02;Canarias;Cerezas;3.66;9.99;2.73;0.68;0.0;0.0;2020-02-01;Pre-covid;Pre-covid
2020;02;Canarias;Uvas;29.21;115.08;3.94;2.59;0.01;0.05;2020-02-01;Pre-covid;Pre-covid
2020;02;Canarias;Kiwi;587.16;1460.09;2.49;34.18;0.27;0.68;2020-02-01;Pre-covid;Pre-covid
2020;02;Canarias;Aguacate;756.99;2476.55;3.27;45.66;0.35;1.15;2020-02-01;Pre-covid;Pre-covid
2020;02;Canarias;Piña;33.05;95.9;2.9;2.45;0.02;0.04;2020-02-01;Pre-covid;Pre-covid
2020;02;Canarias;Otras frutas frescas;1014.75;2178.02;2.15;37.22;0.47;1.02;2020-02-01;Pre-covid;Pre-covid
2020;02;Canarias;Pomelo;38.89;77.73;2.0;1.47;0.02;0.04;2020-02-01;Pre-covid;Pre-covid
2020;02;Canarias;Chirimoya;0.0;0.0;0.0;0.0;0.0;0.0;2020-02-01;Pre-covid;Pre-covid
2020;02;Canarias;Mango;23.86;103.14;4.32;3.2;0.01;0.05;2020-02-01;Pre-covid;Pre-covid
2020;02;Canarias;Frutas iv gama;592.37;957.38;1.62;21.7;0.28;0.45;2020-02-01;Pre-covid;Pre-covid
2020;02;Cantabria;Frutas frescas;3991.83;6786.48;1.7;96.51;7.43;12.63;2020-02-01;Pre-covid;Pre-covid
2020;02;Cantabria;Naranjas;1399.09;1532.15;1.1;74.49;2.6;2.85;2020-02-01;Pre-covid;Pre-covid
2020;02;Cantabria;Mandarinas;461.94;793.97;1.72;62.66;0.86;1.48;2020-02-01;Pre-covid;Pre-covid
2020;02;Cantabria;Limones;60.18;99.39;1.65;36.66;0.11;0.18;2020-02-01;Pre-covid;Pre-covid
2020;02;Cantabria;Platanos;609.84;909.39;1.49;86.79;1.14;1.69;2020-02-01;Pre-covid;Pre-covid
2020;02;Cantabria;Manzanas;585.96;812.88;1.39;75.85;1.09;1.51;2020-02-01;Pre-covid;Pre-covid
2020;02;Cantabria;Peras;170.99;265.56;1.55;42.28;0.32;0.49;2020-02-01;Pre-covid;Pre-covid
2020;02;Cantabria;Melocotones;0.0;0.0;0.0;0.0;0.0;0.0;2020-02-01;Pre-covid;Pre-covid
2020;02;Cantabria;Nectarinas;0.0;0.0;0.0;0.0;0.0;0.0;2020-02-01;Pre-covid;Pre-covid
2020;02;Cantabria;Albaricoques;5.09;6.59;1.29;1.37;0.01;0.01;2020-02-01;Pre-covid;Pre-covid
2020;02;Cantabria;Fresas/freson;317.49;1195.25;3.76;62.21;0.59;2.22;2020-02-01;Pre-covid;Pre-covid
2020;02;Cantabria;Melon;28.49;54.54;1.91;6.4;0.05;0.1;2020-02-01;Pre-covid;Pre-covid
2020;02;Cantabria;Sandia;5.68;11.14;1.96;1.86;0.01;0.02;2020-02-01;Pre-covid;Pre-covid
2020;02;Cantabria;Ciruelas;4.14;14.17;3.42;1.35;0.01;0.03;2020-02-01;Pre-covid;Pre-covid
2020;02;Cantabria;Cerezas;0.0;0.0;0.0;0.0;0.0;0.0;2020-02-01;Pre-covid;Pre-covid
2020;02;Cantabria;Uvas;27.74;137.88;4.97;10.03;0.05;0.26;2020-02-01;Pre-covid;Pre-covid
2020;02;Cantabria;Kiwi;170.69;495.91;2.91;33.72;0.32;0.92;2020-02-01;Pre-covid;Pre-covid
2020;02;Cantabria;Aguacate;42.84;179.05;4.18;17.62;0.08;0.33;2020-02-01;Pre-covid;Pre-covid
2020;02;Cantabria;Piña;51.86;102.94;1.98;15.83;0.1;0.19;2020-02-01;Pre-covid;Pre-covid
2020;02;Cantabria;Otras frutas frescas;49.8;175.67;3.53;24.72;0.09;0.33;2020-02-01;Pre-covid;Pre-covid
2020;02;Cantabria;Pomelo;13.61;26.32;1.93;4.07;0.03;0.05;2020-02-01;Pre-covid;Pre-covid
2020;02;Cantabria;Chirimoya;0.0;0.0;0.0;0.0;0.0;0.0;2020-02-01;Pre-covid;Pre-covid
2020;02;Cantabria;Mango;15.52;48.1;3.1;6.59;0.03;0.09;2020-02-01;Pre-covid;Pre-covid
2020;02;Cantabria;Frutas iv gama;137.9;288.36;2.09;17.49;0.26;0.54;2020-02-01;Pre-covid;Pre-covid
2020;02;Castilla la mancha;Frutas frescas;13548.69;21445.88;1.58;94.7;6.78;10.73;2020-02-01;Pre-covid;Pre-covid
2020;02;Castilla la mancha;Naranjas;4048.97;3670.47;0.91;70.31;2.03;1.84;2020-02-01;Pre-covid;Pre-covid
2020;02;Castilla la mancha;Mandarinas;1742.53;2882.76;1.65;62.86;0.87;1.44;2020-02-01;Pre-covid;Pre-covid
2020;02;Castilla la mancha;Limones;254.45;396.99;1.56;27.27;0.13;0.2;2020-02-01;Pre-covid;Pre-covid
2020;02;Castilla la mancha;Platanos;2246.06;3353.66;1.49;79.73;1.12;1.68;2020-02-01;Pre-covid;Pre-covid
2020;02;Castilla la mancha;Manzanas;1517.55;2202.72;1.45;70.71;0.76;1.1;2020-02-01;Pre-covid;Pre-covid
2020;02;Castilla la mancha;Peras;839.79;1303.75;1.55;51.49;0.42;0.65;2020-02-01;Pre-covid;Pre-covid
2020;02;Castilla la mancha;Melocotones;11.54;20.14;1.75;2.64;0.01;0.01;2020-02-01;Pre-covid;Pre-covid
2020;02;Castilla la mancha;Nectarinas;29.25;65.97;2.26;1.74;0.01;0.03;2020-02-01;Pre-covid;Pre-covid
2020;02;Castilla la mancha;Albaricoques;21.23;50.24;2.37;1.66;0.01;0.03;2020-02-01;Pre-covid;Pre-covid
2020;02;Castilla la mancha;Fresas/freson;870.98;2777.43;3.19;53.12;0.44;1.39;2020-02-01;Pre-covid;Pre-covid
2020;02;Castilla la mancha;Melon;319.89;639.11;2.0;10.68;0.16;0.32;2020-02-01;Pre-covid;Pre-covid
2020;02;Castilla la mancha;Sandia;19.91;29.5;1.48;1.14;0.01;0.01;2020-02-01;Pre-covid;Pre-covid
2020;02;Castilla la mancha;Ciruelas;49.49;110.16;2.23;7.65;0.02;0.06;2020-02-01;Pre-covid;Pre-covid
2020;02;Castilla la mancha;Cerezas;5.05;17.78;3.52;1.65;0.0;0.01;2020-02-01;Pre-covid;Pre-covid
2020;02;Castilla la mancha;Uvas;100.27;484.75;4.83;8.7;0.05;0.24;2020-02-01;Pre-covid;Pre-covid
2020;02;Castilla la mancha;Kiwi;619.98;1453.61;2.34;42.34;0.31;0.73;2020-02-01;Pre-covid;Pre-covid
2020;02;Castilla la mancha;Aguacate;197.43;687.43;3.48;25.93;0.1;0.34;2020-02-01;Pre-covid;Pre-covid
2020;02;Castilla la mancha;Piña;280.54;416.57;1.48;17.72;0.14;0.21;2020-02-01;Pre-covid;Pre-covid
2020;02;Castilla la mancha;Otras frutas frescas;373.78;882.84;2.36;32.43;0.19;0.44;2020-02-01;Pre-covid;Pre-covid
2020;02;Castilla la mancha;Pomelo;43.17;77.12;1.79;6.52;0.02;0.04;2020-02-01;Pre-covid;Pre-covid
2020;02;Castilla la mancha;Chirimoya;0.0;0.0;0.0;0.0;0.0;0.0;2020-02-01;Pre-covid;Pre-covid
2020;02;Castilla la mancha;Mango;110.51;246.33;2.23;9.78;0.06;0.12;2020-02-01;Pre-covid;Pre-covid
2020;02;Castilla la mancha;Frutas iv gama;342.09;629.09;1.84;24.06;0.17;0.31;2020-02-01;Pre-covid;Pre-covid
2020;02;Castilla leon;Frutas frescas;16858.71;25851.03;1.53;95.68;7.35;11.28;2020-02-01;Pre-covid;Pre-covid
2020;02;Castilla leon;Naranjas;5205.13;4592.85;0.88;64.24;2.27;2.0;2020-02-01;Pre-covid;Pre-covid
2020;02;Castilla leon;Mandarinas;1848.24;3038.44;1.64;62.09;0.81;1.33;2020-02-01;Pre-covid;Pre-covid
2020;02;Castilla leon;Limones;498.24;794.97;1.6;38.82;0.22;0.35;2020-02-01;Pre-covid;Pre-covid
2020;02;Castilla leon;Platanos;2474.36;3696.9;1.49;78.08;1.08;1.61;2020-02-01;Pre-covid;Pre-covid
2020;02;Castilla leon;Manzanas;2512.23;3314.56;1.32;67.53;1.1;1.45;2020-02-01;Pre-covid;Pre-covid
2020;02;Castilla leon;Peras;1114.12;1635.81;1.47;48.59;0.49;0.71;2020-02-01;Pre-covid;Pre-covid
2020;02;Castilla leon;Melocotones;11.05;19.49;1.76;1.28;0.0;0.01;2020-02-01;Pre-covid;Pre-covid
2020;02;Castilla leon;Nectarinas;26.53;40.86;1.54;1.59;0.01;0.02;2020-02-01;Pre-covid;Pre-covid
2020;02;Castilla leon;Albaricoques;4.96;8.69;1.75;0.69;0.0;0.0;2020-02-01;Pre-covid;Pre-covid
2020;02;Castilla leon;Fresas/freson;930.18;2934.41;3.15;55.18;0.41;1.28;2020-02-01;Pre-covid;Pre-covid
2020;02;Castilla leon;Melon;320.01;586.76;1.83;11.44;0.14;0.26;2020-02-01;Pre-covid;Pre-covid
2020;02;Castilla leon;Sandia;17.88;29.16;1.63;1.81;0.01;0.01;2020-02-01;Pre-covid;Pre-covid
2020;02;Castilla leon;Ciruelas;59.09;162.65;2.75;6.07;0.03;0.07;2020-02-01;Pre-covid;Pre-covid
2020;02;Castilla leon;Cerezas;7.75;20.83;2.69;0.52;0.0;0.01;2020-02-01;Pre-covid;Pre-covid
2020;02;Castilla leon;Uvas;109.34;424.57;3.88;11.34;0.05;0.19;2020-02-01;Pre-covid;Pre-covid
2020;02;Castilla leon;Kiwi;639.03;1697.24;2.66;38.92;0.28;0.74;2020-02-01;Pre-covid;Pre-covid
2020;02;Castilla leon;Aguacate;235.43;824.49;3.5;31.42;0.1;0.36;2020-02-01;Pre-covid;Pre-covid
2020;02;Castilla leon;Piña;411.66;605.58;1.47;15.92;0.18;0.26;2020-02-01;Pre-covid;Pre-covid
2020;02;Castilla leon;Otras frutas frescas;433.49;1422.74;3.28;34.63;0.19;0.62;2020-02-01;Pre-covid;Pre-covid
2020;02;Castilla leon;Pomelo;39.38;76.43;1.94;4.01;0.02;0.03;2020-02-01;Pre-covid;Pre-covid
2020;02;Castilla leon;Chirimoya;0.0;0.0;0.0;0.0;0.0;0.0;2020-02-01;Pre-covid;Pre-covid
2020;02;Castilla leon;Mango;132.11;347.92;2.63;11.95;0.06;0.15;2020-02-01;Pre-covid;Pre-covid
2020;02;Castilla leon;Frutas iv gama;585.23;1177.65;2.01;23.84;0.26;0.51;2020-02-01;Pre-covid;Pre-covid
2020;02;Cataluña;Frutas frescas;55306.88;97481.04;1.76;95.97;8.01;14.11;2020-02-01;Pre-covid;Pre-covid
2020;02;Cataluña;Naranjas;14348.52;14675.33;1.02;60.95;2.08;2.12;2020-02-01;Pre-covid;Pre-covid
2020;02;Cataluña;Mandarinas;7522.85;13630.69;1.81;66.52;1.09;1.97;2020-02-01;Pre-covid;Pre-covid
2020;02;Cataluña;Limones;1291.82;2244.81;1.74;36.16;0.19;0.32;2020-02-01;Pre-covid;Pre-covid
2020;02;Cataluña;Platanos;9000.19;14956.58;1.66;81.66;1.3;2.17;2020-02-01;Pre-covid;Pre-covid
2020;02;Cataluña;Manzanas;7936.25;11697.37;1.47;69.55;1.15;1.69;2020-02-01;Pre-covid;Pre-covid
2020;02;Cataluña;Peras;3554.52;5849.77;1.65;51.28;0.51;0.85;2020-02-01;Pre-covid;Pre-covid
2020;02;Cataluña;Melocotones;11.32;21.12;1.87;0.38;0.0;0.0;2020-02-01;Pre-covid;Pre-covid
2020;02;Cataluña;Nectarinas;104.87;207.77;1.98;1.95;0.02;0.03;2020-02-01;Pre-covid;Pre-covid
2020;02;Cataluña;Albaricoques;18.65;35.95;1.93;0.3;0.0;0.01;2020-02-01;Pre-covid;Pre-covid
2020;02;Cataluña;Fresas/freson;3516.54;12194.4;3.47;57.99;0.51;1.77;2020-02-01;Pre-covid;Pre-covid
2020;02;Cataluña;Melon;1530.64;2602.33;1.7;11.87;0.22;0.38;2020-02-01;Pre-covid;Pre-covid
2020;02;Cataluña;Sandia;213.95;340.22;1.59;2.97;0.03;0.05;2020-02-01;Pre-covid;Pre-covid
2020;02;Cataluña;Ciruelas;250.16;878.44;3.51;9.77;0.04;0.13;2020-02-01;Pre-covid;Pre-covid
2020;02;Cataluña;Cerezas;12.59;92.25;7.33;0.89;0.0;0.01;2020-02-01;Pre-covid;Pre-covid
2020;02;Cataluña;Uvas;586.07;2639.06;4.5;13.6;0.08;0.38;2020-02-01;Pre-covid;Pre-covid
2020;02;Cataluña;Kiwi;1942.23;5687.93;2.93;37.1;0.28;0.82;2020-02-01;Pre-covid;Pre-covid
2020;02;Cataluña;Aguacate;937.41;3271.34;3.49;32.59;0.14;0.47;2020-02-01;Pre-covid;Pre-covid
2020;02;Cataluña;Piña;977.89;1819.4;1.86;20.89;0.14;0.26;2020-02-01;Pre-covid;Pre-covid
2020;02;Cataluña;Otras frutas frescas;1550.4;4636.25;2.99;35.98;0.22;0.67;2020-02-01;Pre-covid;Pre-covid
2020;02;Cataluña;Pomelo;225.43;464.12;2.06;4.64;0.03;0.07;2020-02-01;Pre-covid;Pre-covid
2020;02;Cataluña;Chirimoya;2.7;13.52;5.0;0.09;0.0;0.0;2020-02-01;Pre-covid;Pre-covid
2020;02;Cataluña;Mango;504.69;1213.46;2.4;15.24;0.07;0.18;2020-02-01;Pre-covid;Pre-covid
2020;02;Cataluña;Frutas iv gama;2178.47;4563.89;2.09;30.48;0.32;0.66;2020-02-01;Pre-covid;Pre-covid
2020;02;Extremadura;Frutas frescas;6753.85;10390.9;1.54;89.41;6.02;9.27;2020-02-01;Pre-covid;Pre-covid
2020;02;Extremadura;Naranjas;1918.49;1858.25;0.97;52.93;1.71;1.66;2020-02-01;Pre-covid;Pre-covid
2020;02;Extremadura;Mandarinas;648.81;1011.35;1.56;50.0;0.58;0.9;2020-02-01;Pre-covid;Pre-covid
2020;02;Extremadura;Limones;62.34;99.22;1.59;15.37;0.06;0.09;2020-02-01;Pre-covid;Pre-covid
2020;02;Extremadura;Platanos;1426.29;2000.85;1.4;76.31;1.27;1.78;2020-02-01;Pre-covid;Pre-covid
2020;02;Extremadura;Manzanas;877.96;1192.43;1.36;62.93;0.78;1.06;2020-02-01;Pre-covid;Pre-covid
2020;02;Extremadura;Peras;473.4;690.28;1.46;45.09;0.42;0.62;2020-02-01;Pre-covid;Pre-covid
2020;02;Extremadura;Melocotones;0.0;0.0;0.0;0.0;0.0;0.0;2020-02-01;Pre-covid;Pre-covid
2020;02;Extremadura;Nectarinas;36.79;63.59;1.73;3.25;0.03;0.06;2020-02-01;Pre-covid;Pre-covid
2020;02;Extremadura;Albaricoques;0.0;0.0;0.0;0.0;0.0;0.0;2020-02-01;Pre-covid;Pre-covid
2020;02;Extremadura;Fresas/freson;399.66;1326.83;3.32;49.53;0.36;1.18;2020-02-01;Pre-covid;Pre-covid
2020;02;Extremadura;Melon;106.98;169.73;1.59;11.79;0.1;0.15;2020-02-01;Pre-covid;Pre-covid
2020;02;Extremadura;Sandia;11.35;13.93;1.23;2.61;0.01;0.01;2020-02-01;Pre-covid;Pre-covid
2020;02;Extremadura;Ciruelas;9.47;31.11;3.29;2.7;0.01;0.03;2020-02-01;Pre-covid;Pre-covid
2020;02;Extremadura;Cerezas;0.0;0.0;0.0;0.0;0.0;0.0;2020-02-01;Pre-covid;Pre-covid
2020;02;Extremadura;Uvas;63.59;220.79;3.47;10.02;0.06;0.2;2020-02-01;Pre-covid;Pre-covid
2020;02;Extremadura;Kiwi;353.85;875.09;2.47;37.15;0.32;0.78;2020-02-01;Pre-covid;Pre-covid
2020;02;Extremadura;Aguacate;69.08;244.04;3.53;22.26;0.06;0.22;2020-02-01;Pre-covid;Pre-covid
2020;02;Extremadura;Piña;128.32;162.1;1.26;16.73;0.11;0.14;2020-02-01;Pre-covid;Pre-covid
2020;02;Extremadura;Otras frutas frescas;167.47;431.3;2.58;25.15;0.15;0.38;2020-02-01;Pre-covid;Pre-covid
2020;02;Extremadura;Pomelo;50.48;78.64;1.56;4.01;0.05;0.07;2020-02-01;Pre-covid;Pre-covid
2020;02;Extremadura;Chirimoya;0.0;0.0;0.0;0.0;0.0;0.0;2020-02-01;Pre-covid;Pre-covid
2020;02;Extremadura;Mango;31.09;73.85;2.38;7.9;0.03;0.07;2020-02-01;Pre-covid;Pre-covid
2020;02;Extremadura;Frutas iv gama;266.7;405.18;1.52;16.18;0.24;0.36;2020-02-01;Pre-covid;Pre-covid
2020;02;Galicia;Frutas frescas;20405.42;35674.21;1.75;96.8;7.86;13.74;2020-02-01;Pre-covid;Pre-covid
2020;02;Galicia;Naranjas;5209.94;5043.38;0.97;60.45;2.01;1.94;2020-02-01;Pre-covid;Pre-covid
2020;02;Galicia;Mandarinas;2179.22;4176.37;1.92;60.34;0.84;1.61;2020-02-01;Pre-covid;Pre-covid
2020;02;Galicia;Limones;556.4;883.68;1.59;35.73;0.21;0.34;2020-02-01;Pre-covid;Pre-covid
2020;02;Galicia;Platanos;3681.99;5964.61;1.62;85.95;1.42;2.3;2020-02-01;Pre-covid;Pre-covid
2020;02;Galicia;Manzanas;3036.96;4300.31;1.42;69.69;1.17;1.66;2020-02-01;Pre-covid;Pre-covid
2020;02;Galicia;Peras;1184.91;1933.76;1.63;45.92;0.46;0.74;2020-02-01;Pre-covid;Pre-covid
2020;02;Galicia;Melocotones;0.0;0.0;0.0;0.0;0.0;0.0;2020-02-01;Pre-covid;Pre-covid
2020;02;Galicia;Nectarinas;28.3;48.23;1.7;2.07;0.01;0.02;2020-02-01;Pre-covid;Pre-covid
2020;02;Galicia;Albaricoques;9.9;9.1;0.92;0.81;0.0;0.0;2020-02-01;Pre-covid;Pre-covid
2020;02;Galicia;Fresas/freson;1231.08;4554.05;3.7;60.15;0.47;1.75;2020-02-01;Pre-covid;Pre-covid
2020;02;Galicia;Melon;290.93;348.11;1.2;7.53;0.11;0.13;2020-02-01;Pre-covid;Pre-covid
2020;02;Galicia;Sandia;12.15;10.38;0.85;0.52;0.0;0.0;2020-02-01;Pre-covid;Pre-covid
2020;02;Galicia;Ciruelas;37.78;102.15;2.7;2.39;0.01;0.04;2020-02-01;Pre-covid;Pre-covid
2020;02;Galicia;Cerezas;0.59;1.13;1.9;0.19;0.0;0.0;2020-02-01;Pre-covid;Pre-covid
2020;02;Galicia;Uvas;250.41;956.54;3.82;17.21;0.1;0.37;2020-02-01;Pre-covid;Pre-covid
2020;02;Galicia;Kiwi;1171.1;2917.81;2.49;39.57;0.45;1.12;2020-02-01;Pre-covid;Pre-covid
2020;02;Galicia;Aguacate;315.71;1211.05;3.84;25.81;0.12;0.47;2020-02-01;Pre-covid;Pre-covid
2020;02;Galicia;Piña;628.34;1220.35;1.94;18.04;0.24;0.47;2020-02-01;Pre-covid;Pre-covid
2020;02;Galicia;Otras frutas frescas;579.71;1993.22;3.44;34.94;0.22;0.77;2020-02-01;Pre-covid;Pre-covid
2020;02;Galicia;Pomelo;75.86;130.39;1.72;3.01;0.03;0.05;2020-02-01;Pre-covid;Pre-covid
2020;02;Galicia;Chirimoya;0.0;0.0;0.0;0.0;0.0;0.0;2020-02-01;Pre-covid;Pre-covid
2020;02;Galicia;Mango;150.22;391.14;2.6;11.39;0.06;0.15;2020-02-01;Pre-covid;Pre-covid
2020;02;Galicia;Frutas iv gama;599.96;1247.69;2.08;18.4;0.23;0.48;2020-02-01;Pre-covid;Pre-covid
2020;02;La rioja;Frutas frescas;2315.94;4635.82;2.0;98.02;7.55;15.11;2020-02-01;Pre-covid;Pre-covid
2020;02;La rioja;Naranjas;541.04;556.68;1.03;49.68;1.76;1.81;2020-02-01;Pre-covid;Pre-covid
2020;02;La rioja;Mandarinas;275.83;487.73;1.77;75.46;0.9;1.59;2020-02-01;Pre-covid;Pre-covid
2020;02;La rioja;Limones;81.95;147.44;1.8;36.83;0.27;0.48;2020-02-01;Pre-covid;Pre-covid
2020;02;La rioja;Platanos;358.14;611.83;1.71;83.26;1.17;1.99;2020-02-01;Pre-covid;Pre-covid
2020;02;La rioja;Manzanas;252.33;366.61;1.45;65.21;0.82;1.19;2020-02-01;Pre-covid;Pre-covid
2020;02;La rioja;Peras;89.67;124.64;1.39;40.28;0.29;0.41;2020-02-01;Pre-covid;Pre-covid
2020;02;La rioja;Melocotones;0.0;0.0;0.0;0.0;0.0;0.0;2020-02-01;Pre-covid;Pre-covid
2020;02;La rioja;Nectarinas;0.0;0.0;0.0;0.0;0.0;0.0;2020-02-01;Pre-covid;Pre-covid
2020;02;La rioja;Albaricoques;6.35;12.88;2.03;4.9;0.02;0.04;2020-02-01;Pre-covid;Pre-covid
2020;02;La rioja;Fresas/freson;97.01;363.83;3.75;43.53;0.32;1.19;2020-02-01;Pre-covid;Pre-covid
2020;02;La rioja;Melon;21.3;43.94;2.06;9.56;0.07;0.14;2020-02-01;Pre-covid;Pre-covid
2020;02;La rioja;Sandia;4.7;8.13;1.73;0.76;0.02;0.03;2020-02-01;Pre-covid;Pre-covid
2020;02;La rioja;Ciruelas;2.16;7.79;3.6;2.69;0.01;0.03;2020-02-01;Pre-covid;Pre-covid
2020;02;La rioja;Cerezas;0.0;0.0;0.0;0.0;0.0;0.0;2020-02-01;Pre-covid;Pre-covid
2020;02;La rioja;Uvas;8.51;32.94;3.87;12.4;0.03;0.11;2020-02-01;Pre-covid;Pre-covid
2020;02;La rioja;Kiwi;451.63;1516.64;3.36;40.51;1.47;4.94;2020-02-01;Pre-covid;Pre-covid
2020;02;La rioja;Aguacate;21.47;107.64;5.01;27.02;0.07;0.35;2020-02-01;Pre-covid;Pre-covid
2020;02;La rioja;Piña;34.76;68.5;1.97;12.24;0.11;0.22;2020-02-01;Pre-covid;Pre-covid
2020;02;La rioja;Otras frutas frescas;69.11;178.59;2.58;46.16;0.23;0.58;2020-02-01;Pre-covid;Pre-covid
2020;02;La rioja;Pomelo;5.31;8.73;1.64;4.34;0.02;0.03;2020-02-01;Pre-covid;Pre-covid
2020;02;La rioja;Chirimoya;0.0;0.0;0.0;0.0;0.0;0.0;2020-02-01;Pre-covid;Pre-covid
2020;02;La rioja;Mango;17.86;47.98;2.69;22.22;0.06;0.16;2020-02-01;Pre-covid;Pre-covid
2020;02;La rioja;Frutas iv gama;52.36;71.33;1.36;12.23;0.17;0.23;2020-02-01;Pre-covid;Pre-covid
2020;02;Madrid;Frutas frescas;48646.04;83227.54;1.71;96.54;7.99;13.67;2020-02-01;Pre-covid;Pre-covid
2020;02;Madrid;Naranjas;13182.72;12589.78;0.96;63.94;2.17;2.07;2020-02-01;Pre-covid;Pre-covid
2020;02;Madrid;Mandarinas;6077.31;10883.7;1.79;69.39;1.0;1.79;2020-02-01;Pre-covid;Pre-covid
2020;02;Madrid;Limones;1140.31;1856.67;1.63;34.67;0.19;0.3;2020-02-01;Pre-covid;Pre-covid
2020;02;Madrid;Platanos;7663.05;12143.96;1.58;82.62;1.26;1.99;2020-02-01;Pre-covid;Pre-covid
2020;02;Madrid;Manzanas;6204.32;9439.29;1.52;71.69;1.02;1.55;2020-02-01;Pre-covid;Pre-covid
2020;02;Madrid;Peras;3171.66;5024.27;1.58;53.36;0.52;0.83;2020-02-01;Pre-covid;Pre-covid
2020;02;Madrid;Melocotones;0.0;0.0;0.0;0.0;0.0;0.0;2020-02-01;Pre-covid;Pre-covid
2020;02;Madrid;Nectarinas;25.89;45.16;1.74;0.93;0.0;0.01;2020-02-01;Pre-covid;Pre-covid
2020;02;Madrid;Albaricoques;4.56;4.04;0.89;0.27;0.0;0.0;2020-02-01;Pre-covid;Pre-covid
2020;02;Madrid;Fresas/freson;3531.05;11165.28;3.16;64.85;0.58;1.83;2020-02-01;Pre-covid;Pre-covid
2020;02;Madrid;Melon;1223.74;2063.73;1.69;13.55;0.2;0.34;2020-02-01;Pre-covid;Pre-covid
2020;02;Madrid;Sandia;44.83;86.78;1.94;0.71;0.01;0.01;2020-02-01;Pre-covid;Pre-covid
2020;02;Madrid;Ciruelas;176.64;393.5;2.23;6.23;0.03;0.06;2020-02-01;Pre-covid;Pre-covid
2020;02;Madrid;Cerezas;29.39;163.48;5.56;1.43;0.0;0.03;2020-02-01;Pre-covid;Pre-covid
2020;02;Madrid;Uvas;556.46;2218.59;3.99;18.32;0.09;0.36;2020-02-01;Pre-covid;Pre-covid
2020;02;Madrid;Kiwi;2000.11;5450.37;2.73;44.34;0.33;0.9;2020-02-01;Pre-covid;Pre-covid
2020;02;Madrid;Aguacate;748.81;2699.84;3.61;32.27;0.12;0.44;2020-02-01;Pre-covid;Pre-covid
2020;02;Madrid;Piña;879.57;1657.69;1.88;17.93;0.14;0.27;2020-02-01;Pre-covid;Pre-covid
2020;02;Madrid;Otras frutas frescas;1985.6;5341.4;2.69;40.2;0.33;0.88;2020-02-01;Pre-covid;Pre-covid
2020;02;Madrid;Pomelo;131.78;242.19;1.84;3.42;0.02;0.04;2020-02-01;Pre-covid;Pre-covid
2020;02;Madrid;Chirimoya;6.51;20.44;3.14;0.27;0.0;0.0;2020-02-01;Pre-covid;Pre-covid
2020;02;Madrid;Mango;781.8;1837.19;2.35;21.02;0.13;0.3;2020-02-01;Pre-covid;Pre-covid
2020;02;Madrid;Frutas iv gama;1441.36;2947.37;2.04;27.07;0.24;0.48;2020-02-01;Pre-covid;Pre-covid
2020;02;Murcia;Frutas frescas;9295.14;15384.63;1.66;94.64;6.69;11.08;2020-02-01;Pre-covid;Pre-covid
2020;02;Murcia;Naranjas;2802.18;2854.0;1.02;52.15;2.02;2.06;2020-02-01;Pre-covid;Pre-covid
2020;02;Murcia;Mandarinas;714.13;1199.13;1.68;45.11;0.51;0.86;2020-02-01;Pre-covid;Pre-covid
2020;02;Murcia;Limones;425.54;841.61;1.98;33.53;0.31;0.61;2020-02-01;Pre-covid;Pre-covid
2020;02;Murcia;Platanos;1660.93;2394.87;1.44;74.49;1.2;1.72;2020-02-01;Pre-covid;Pre-covid
2020;02;Murcia;Manzanas;1386.31;2017.43;1.46;67.14;1.0;1.45;2020-02-01;Pre-covid;Pre-covid
2020;02;Murcia;Peras;607.62;1001.85;1.65;45.91;0.44;0.72;2020-02-01;Pre-covid;Pre-covid
2020;02;Murcia;Melocotones;0.0;0.0;0.0;0.0;0.0;0.0;2020-02-01;Pre-covid;Pre-covid
2020;02;Murcia;Nectarinas;0.0;0.0;0.0;0.0;0.0;0.0;2020-02-01;Pre-covid;Pre-covid
2020;02;Murcia;Albaricoques;0.0;0.0;0.0;0.0;0.0;0.0;2020-02-01;Pre-covid;Pre-covid
2020;02;Murcia;Fresas/freson;585.36;1998.82;3.41;51.71;0.42;1.44;2020-02-01;Pre-covid;Pre-covid
2020;02;Murcia;Melon;179.33;253.98;1.42;11.4;0.13;0.18;2020-02-01;Pre-covid;Pre-covid
2020;02;Murcia;Sandia;4.72;8.16;1.73;0.61;0.0;0.01;2020-02-01;Pre-covid;Pre-covid
2020;02;Murcia;Ciruelas;37.28;112.64;3.02;8.87;0.03;0.08;2020-02-01;Pre-covid;Pre-covid
2020;02;Murcia;Cerezas;0.0;0.0;0.0;0.0;0.0;0.0;2020-02-01;Pre-covid;Pre-covid
2020;02;Murcia;Uvas;88.06;343.01;3.9;12.3;0.06;0.25;2020-02-01;Pre-covid;Pre-covid
2020;02;Murcia;Kiwi;297.46;939.17;3.16;33.8;0.21;0.68;2020-02-01;Pre-covid;Pre-covid
2020;02;Murcia;Aguacate;126.7;507.9;4.01;29.86;0.09;0.37;2020-02-01;Pre-covid;Pre-covid
2020;02;Murcia;Piña;194.17;402.8;2.07;15.97;0.14;0.29;2020-02-01;Pre-covid;Pre-covid
2020;02;Murcia;Otras frutas frescas;185.34;509.27;2.75;26.62;0.13;0.37;2020-02-01;Pre-covid;Pre-covid
2020;02;Murcia;Pomelo;46.79;84.85;1.81;2.26;0.03;0.06;2020-02-01;Pre-covid;Pre-covid
2020;02;Murcia;Chirimoya;0.0;0.0;0.0;0.0;0.0;0.0;2020-02-01;Pre-covid;Pre-covid
2020;02;Murcia;Mango;52.89;143.33;2.71;12.57;0.04;0.1;2020-02-01;Pre-covid;Pre-covid
2020;02;Murcia;Frutas iv gama;264.56;602.39;2.28;18.82;0.19;0.43;2020-02-01;Pre-covid;Pre-covid
2020;02;Navarra;Frutas frescas;5421.76;9493.02;1.75;97.75;9.44;16.53;2020-02-01;Pre-covid;Pre-covid
2020;02;Navarra;Naranjas;1836.91;2000.4;1.09;55.63;3.2;3.48;2020-02-01;Pre-covid;Pre-covid
2020;02;Navarra;Mandarinas;831.95;1532.56;1.84;77.65;1.45;2.67;2020-02-01;Pre-covid;Pre-covid
2020;02;Navarra;Limones;138.48;235.93;1.7;36.51;0.24;0.41;2020-02-01;Pre-covid;Pre-covid
2020;02;Navarra;Platanos;756.47;1310.77;1.73;87.74;1.32;2.28;2020-02-01;Pre-covid;Pre-covid
2020;02;Navarra;Manzanas;595.82;888.55;1.49;65.75;1.04;1.55;2020-02-01;Pre-covid;Pre-covid
2020;02;Navarra;Peras;200.48;319.64;1.59;39.13;0.35;0.56;2020-02-01;Pre-covid;Pre-covid
2020;02;Navarra;Melocotones;0.0;0.0;0.0;0.0;0.0;0.0;2020-02-01;Pre-covid;Pre-covid
2020;02;Navarra;Nectarinas;0.0;0.0;0.0;0.0;0.0;0.0;2020-02-01;Pre-covid;Pre-covid
2020;02;Navarra;Albaricoques;5.26;6.32;1.2;0.69;0.01;0.01;2020-02-01;Pre-covid;Pre-covid
2020;02;Navarra;Fresas/freson;509.48;1549.29;3.04;63.94;0.89;2.7;2020-02-01;Pre-covid;Pre-covid
2020;02;Navarra;Melon;15.91;25.45;1.6;1.99;0.03;0.04;2020-02-01;Pre-covid;Pre-covid
2020;02;Navarra;Sandia;4.47;7.73;1.73;1.6;0.01;0.01;2020-02-01;Pre-covid;Pre-covid
2020;02;Navarra;Ciruelas;14.73;46.33;3.15;6.47;0.03;0.08;2020-02-01;Pre-covid;Pre-covid
2020;02;Navarra;Cerezas;0.0;0.0;0.0;0.0;0.0;0.0;2020-02-01;Pre-covid;Pre-covid
2020;02;Navarra;Uvas;41.01;151.01;3.68;13.43;0.07;0.26;2020-02-01;Pre-covid;Pre-covid
2020;02;Navarra;Kiwi;178.43;525.05;2.94;40.35;0.31;0.91;2020-02-01;Pre-covid;Pre-covid
2020;02;Navarra;Aguacate;102.56;410.36;4.0;39.6;0.18;0.71;2020-02-01;Pre-covid;Pre-covid
2020;02;Navarra;Piña;90.06;177.11;1.97;17.19;0.16;0.31;2020-02-01;Pre-covid;Pre-covid
2020;02;Navarra;Otras frutas frescas;99.75;306.52;3.07;25.03;0.17;0.53;2020-02-01;Pre-covid;Pre-covid
2020;02;Navarra;Pomelo;6.93;10.07;1.45;1.69;0.01;0.02;2020-02-01;Pre-covid;Pre-covid
2020;02;Navarra;Chirimoya;0.0;0.0;0.0;0.0;0.0;0.0;2020-02-01;Pre-covid;Pre-covid
2020;02;Navarra;Mango;61.16;128.48;2.1;16.08;0.11;0.22;2020-02-01;Pre-covid;Pre-covid
2020;02;Navarra;Frutas iv gama;232.56;445.59;1.92;31.01;0.4;0.78;2020-02-01;Pre-covid;Pre-covid
2020;02;Pais vasco;Frutas frescas;18838.63;33675.75;1.79;97.37;9.3;16.62;2020-02-01;Pre-covid;Pre-covid
2020;02;Pais vasco;Naranjas;5291.02;5726.95;1.08;62.93;2.61;2.83;2020-02-01;Pre-covid;Pre-covid
2020;02;Pais vasco;Mandarinas;2165.9;3996.04;1.84;61.0;1.07;1.97;2020-02-01;Pre-covid;Pre-covid
2020;02;Pais vasco;Limones;409.04;688.6;1.68;35.31;0.2;0.34;2020-02-01;Pre-covid;Pre-covid
2020;02;Pais vasco;Platanos;2771.68;4857.81;1.75;80.99;1.37;2.4;2020-02-01;Pre-covid;Pre-covid
2020;02;Pais vasco;Manzanas;2488.49;3689.73;1.48;70.65;1.23;1.82;2020-02-01;Pre-covid;Pre-covid
2020;02;Pais vasco;Peras;1195.49;1847.69;1.55;49.52;0.59;0.91;2020-02-01;Pre-covid;Pre-covid
2020;02;Pais vasco;Melocotones;10.61;13.58;1.28;0.82;0.01;0.01;2020-02-01;Pre-covid;Pre-covid
2020;02;Pais vasco;Nectarinas;15.08;29.81;1.98;0.84;0.01;0.01;2020-02-01;Pre-covid;Pre-covid
2020;02;Pais vasco;Albaricoques;4.68;18.04;3.86;0.52;0.0;0.01;2020-02-01;Pre-covid;Pre-covid
2020;02;Pais vasco;Fresas/freson;1408.79;4542.98;3.22;68.1;0.7;2.24;2020-02-01;Pre-covid;Pre-covid
2020;02;Pais vasco;Melon;318.1;543.29;1.71;14.08;0.16;0.27;2020-02-01;Pre-covid;Pre-covid
2020;02;Pais vasco;Sandia;14.01;20.46;1.46;1.0;0.01;0.01;2020-02-01;Pre-covid;Pre-covid
2020;02;Pais vasco;Ciruelas;71.81;275.05;3.83;6.85;0.04;0.14;2020-02-01;Pre-covid;Pre-covid
2020;02;Pais vasco;Cerezas;12.72;44.53;3.5;1.54;0.01;0.02;2020-02-01;Pre-covid;Pre-covid
2020;02;Pais vasco;Uvas;96.9;383.71;3.96;9.18;0.05;0.19;2020-02-01;Pre-covid;Pre-covid
2020;02;Pais vasco;Kiwi;1148.19;3509.0;3.06;42.12;0.57;1.73;2020-02-01;Pre-covid;Pre-covid
2020;02;Pais vasco;Aguacate;273.48;978.67;3.58;28.24;0.13;0.48;2020-02-01;Pre-covid;Pre-covid
2020;02;Pais vasco;Piña;369.57;717.5;1.94;19.39;0.18;0.35;2020-02-01;Pre-covid;Pre-covid
2020;02;Pais vasco;Otras frutas frescas;773.07;1792.31;2.32;37.12;0.38;0.88;2020-02-01;Pre-covid;Pre-covid
2020;02;Pais vasco;Pomelo;348.0;717.79;2.06;8.19;0.17;0.35;2020-02-01;Pre-covid;Pre-covid
2020;02;Pais vasco;Chirimoya;0.0;0.0;0.0;0.0;0.0;0.0;2020-02-01;Pre-covid;Pre-covid
2020;02;Pais vasco;Mango;101.16;235.94;2.33;10.7;0.05;0.12;2020-02-01;Pre-covid;Pre-covid
2020;02;Pais vasco;Frutas iv gama;842.93;1486.31;1.76;29.94;0.42;0.73;2020-02-01;Pre-covid;Pre-covid
2020;02;Valencia;Frutas frescas;30426.87;50540.89;1.66;94.53;6.53;10.85;2020-02-01;Pre-covid;Pre-covid
2020;02;Valencia;Naranjas;7326.03;6614.05;0.9;47.14;1.57;1.42;2020-02-01;Pre-covid;Pre-covid
2020;02;Valencia;Mandarinas;2868.87;4783.26;1.67;42.37;0.62;1.03;2020-02-01;Pre-covid;Pre-covid
2020;02;Valencia;Limones;857.38;1296.53;1.51;26.87;0.18;0.28;2020-02-01;Pre-covid;Pre-covid
2020;02;Valencia;Platanos;6048.6;9104.91;1.51;80.95;1.3;1.95;2020-02-01;Pre-covid;Pre-covid
2020;02;Valencia;Manzanas;4347.56;6296.24;1.45;67.95;0.93;1.35;2020-02-01;Pre-covid;Pre-covid
2020;02;Valencia;Peras;2117.52;3278.48;1.55;49.26;0.45;0.7;2020-02-01;Pre-covid;Pre-covid
2020;02;Valencia;Melocotones;7.63;15.19;1.99;0.37;0.0;0.0;2020-02-01;Pre-covid;Pre-covid
2020;02;Valencia;Nectarinas;23.97;53.29;2.22;0.84;0.01;0.01;2020-02-01;Pre-covid;Pre-covid
2020;02;Valencia;Albaricoques;21.25;25.47;1.2;1.26;0.0;0.01;2020-02-01;Pre-covid;Pre-covid
2020;02;Valencia;Fresas/freson;2084.69;7167.53;3.44;58.73;0.45;1.54;2020-02-01;Pre-covid;Pre-covid
2020;02;Valencia;Melon;597.2;1002.26;1.68;10.66;0.13;0.22;2020-02-01;Pre-covid;Pre-covid
2020;02;Valencia;Sandia;54.19;42.63;0.79;0.73;0.01;0.01;2020-02-01;Pre-covid;Pre-covid
2020;02;Valencia;Ciruelas;150.94;463.05;3.07;10.12;0.03;0.1;2020-02-01;Pre-covid;Pre-covid
2020;02;Valencia;Cerezas;7.0;60.56;8.65;0.7;0.0;0.01;2020-02-01;Pre-covid;Pre-covid
2020;02;Valencia;Uvas;241.37;1010.13;4.19;12.35;0.05;0.22;2020-02-01;Pre-covid;Pre-covid
2020;02;Valencia;Kiwi;1121.8;2863.18;2.55;37.29;0.24;0.61;2020-02-01;Pre-covid;Pre-covid
2020;02;Valencia;Aguacate;638.35;2187.82;3.43;29.21;0.14;0.47;2020-02-01;Pre-covid;Pre-covid
2020;02;Valencia;Piña;591.05;924.9;1.56;15.85;0.13;0.2;2020-02-01;Pre-covid;Pre-covid
2020;02;Valencia;Otras frutas frescas;1321.49;3351.41;2.54;34.26;0.28;0.72;2020-02-01;Pre-covid;Pre-covid
2020;02;Valencia;Pomelo;99.32;167.85;1.69;2.31;0.02;0.04;2020-02-01;Pre-covid;Pre-covid
2020;02;Valencia;Chirimoya;0.0;0.0;0.0;0.0;0.0;0.0;2020-02-01;Pre-covid;Pre-covid
2020;02;Valencia;Mango;306.13;777.99;2.54;13.54;0.07;0.17;2020-02-01;Pre-covid;Pre-covid
2020;02;Valencia;Frutas iv gama;1387.19;2550.11;1.84;23.92;0.3;0.55;2020-02-01;Pre-covid;Pre-covid
2020;03;Nacional;Patatas;144056.38;137944.62;0.96;84.67;3.25;3.11;2020-03-01;Primera ola;Confinamiento
2020;03;Nacional;Patatas frescas;104636.6;94686.83;0.9;75.78;2.36;2.14;2020-03-01;Primera ola;Confinamiento
2020;03;Nacional;Patatas congeladas;4758.65;6222.38;1.31;12.17;0.11;0.14;2020-03-01;Primera ola;Confinamiento
2020;03;Nacional;Patatas procesadas;6932.23;37035.41;5.34;51.81;0.16;0.84;2020-03-01;Primera ola;Confinamiento
2020;03;Nacional;Patatas fritas;5438.76;34789.0;6.4;49.51;0.12;0.79;2020-03-01;Primera ola;Confinamiento
2020;03;Nacional;Hortalizas frescas;257552.9;498665.95;1.94;97.66;5.81;11.25;2020-03-01;Primera ola;Confinamiento
2020;03;Nacional;Omates;49440.89;89393.32;1.81;84.07;1.12;2.02;2020-03-01;Primera ola;Confinamiento
2020;03;Nacional;Cebollas;34088.44;43355.98;1.27;75.49;0.77;0.98;2020-03-01;Primera ola;Confinamiento
2020;03;Nacional;Ajos;3284.05;14632.63;4.46;42.48;0.07;0.33;2020-03-01;Primera ola;Confinamiento
2020;03;Nacional;Coles;7978.48;9059.05;1.14;23.31;0.18;0.2;2020-03-01;Primera ola;Confinamiento
2020;03;Nacional;Pepinos;5609.82;9300.27;1.66;28.5;0.13;0.21;2020-03-01;Primera ola;Confinamiento
2020;03;Nacional;Judias verdes;7244.74;24341.28;3.36;34.21;0.16;0.55;2020-03-01;Primera ola;Confinamiento
2020;03;Nacional;Pimientos;20569.03;43817.53;2.13;69.98;0.46;0.99;2020-03-01;Primera ola;Confinamiento
2020;03;Nacional;Champiñoneso setas;5743.24;22749.85;3.96;40.4;0.13;0.51;2020-03-01;Primera ola;Confinamiento
2020;03;Nacional;Lechuga/esc /endivia;17836.29;48099.37;2.7;69.94;0.4;1.09;2020-03-01;Primera ola;Confinamiento
2020;03;Nacional;Esparragos;4083.08;9218.55;2.26;14.19;0.09;0.21;2020-03-01;Primera ola;Confinamiento
2020;03;Nacional;Verduras de hoja;6562.1;15551.73;2.37;28.89;0.15;0.35;2020-03-01;Primera ola;Confinamiento
2020;03;Nacional;Berenjenas;6501.18;10688.72;1.64;34.16;0.15;0.24;2020-03-01;Primera ola;Confinamiento
2020;03;Nacional;Zanahorias;17026.27;16483.0;0.97;62.82;0.38;0.37;2020-03-01;Primera ola;Confinamiento
2020;03;Nacional;Calabacines;19275.64;30324.57;1.57;59.45;0.44;0.68;2020-03-01;Primera ola;Confinamiento
2020;03;Nacional;Otr hortalizas/verd ;52309.65;111650.1;2.13;80.31;1.18;2.52;2020-03-01;Primera ola;Confinamiento
2020;03;Nacional;Brocoli;5928.15;11016.51;1.86;24.67;0.13;0.25;2020-03-01;Primera ola;Confinamiento
2020;03;Nacional;Alcachofas;10850.68;17713.69;1.63;30.81;0.24;0.4;2020-03-01;Primera ola;Confinamiento
2020;03;Nacional;Apio;2058.45;3080.55;1.5;12.48;0.05;0.07;2020-03-01;Primera ola;Confinamiento
2020;03;Nacional;Coliflor;2948.5;4550.85;1.54;11.04;0.07;0.1;2020-03-01;Primera ola;Confinamiento
2020;03;Nacional;Verd /hort  iv gama;28655.57;76154.31;2.66;68.41;0.65;1.72;2020-03-01;Primera ola;Confinamiento
2020;03;Nacional;Puerro;5239.97;13406.29;2.56;35.5;0.12;0.3;2020-03-01;Primera ola;Confinamiento
2020;03;Andalucia;Patatas;26781.88;25208.52;0.94;86.82;3.21;3.02;2020-03-01;Primera ola;Confinamiento
2020;03;Andalucia;Patatas frescas;18296.89;16129.4;0.88;78.36;2.19;1.93;2020-03-01;Primera ola;Confinamiento
2020;03;Andalucia;Patatas congeladas;1071.86;1300.85;1.21;14.77;0.13;0.16;2020-03-01;Primera ola;Confinamiento
2020;03;Andalucia;Patatas procesadas;1482.63;7778.27;5.25;58.35;0.18;0.93;2020-03-01;Primera ola;Confinamiento
2020;03;Andalucia;Patatas fritas;1184.1;7334.33;6.19;55.63;0.14;0.88;2020-03-01;Primera ola;Confinamiento
2020;03;Andalucia;Hortalizas frescas;44651.3;81332.54;1.82;98.22;5.35;9.75;2020-03-01;Primera ola;Confinamiento
2020;03;Andalucia;Omates;9777.53;15384.74;1.57;85.42;1.17;1.84;2020-03-01;Primera ola;Confinamiento
2020;03;Andalucia;Cebollas;6221.43;7475.63;1.2;74.1;0.75;0.9;2020-03-01;Primera ola;Confinamiento
2020;03;Andalucia;Ajos;694.76;2886.63;4.15;47.5;0.08;0.35;2020-03-01;Primera ola;Confinamiento
2020;03;Andalucia;Coles;962.14;1093.4;1.14;19.26;0.12;0.13;2020-03-01;Primera ola;Confinamiento
2020;03;Andalucia;Pepinos;1054.1;1672.2;1.59;32.49;0.13;0.2;2020-03-01;Primera ola;Confinamiento
2020;03;Andalucia;Judias verdes;956.08;3182.01;3.33;27.71;0.11;0.38;2020-03-01;Primera ola;Confinamiento
2020;03;Andalucia;Pimientos;3539.51;7243.99;2.05;71.53;0.42;0.87;2020-03-01;Primera ola;Confinamiento
2020;03;Andalucia;Champiñoneso setas;934.74;3721.9;3.98;37.81;0.11;0.45;2020-03-01;Primera ola;Confinamiento
2020;03;Andalucia;Lechuga/esc /endivia;3157.07;8146.9;2.58;72.55;0.38;0.98;2020-03-01;Primera ola;Confinamiento
2020;03;Andalucia;Esparragos;629.33;1422.96;2.26;12.56;0.08;0.17;2020-03-01;Primera ola;Confinamiento
2020;03;Andalucia;Verduras de hoja;967.32;2114.36;2.19;24.38;0.12;0.25;2020-03-01;Primera ola;Confinamiento
2020;03;Andalucia;Berenjenas;1220.44;1895.8;1.55;39.11;0.15;0.23;2020-03-01;Primera ola;Confinamiento
2020;03;Andalucia;Zanahorias;2783.99;2707.95;0.97;61.07;0.33;0.32;2020-03-01;Primera ola;Confinamiento
2020;03;Andalucia;Calabacines;3181.39;4861.71;1.53;59.15;0.38;0.58;2020-03-01;Primera ola;Confinamiento
2020;03;Andalucia;Otr hortalizas/verd ;8571.48;17522.37;2.04;80.84;1.03;2.1;2020-03-01;Primera ola;Confinamiento
2020;03;Andalucia;Brocoli;988.87;1783.23;1.8;24.43;0.12;0.21;2020-03-01;Primera ola;Confinamiento
2020;03;Andalucia;Alcachofas;1820.14;2806.14;1.54;32.33;0.22;0.34;2020-03-01;Primera ola;Confinamiento
2020;03;Andalucia;Apio;372.36;559.15;1.5;14.88;0.04;0.07;2020-03-01;Primera ola;Confinamiento
2020;03;Andalucia;Coliflor;572.62;862.64;1.51;12.02;0.07;0.1;2020-03-01;Primera ola;Confinamiento
2020;03;Andalucia;Verd /hort  iv gama;5586.03;12986.69;2.32;68.99;0.67;1.56;2020-03-01;Primera ola;Confinamiento
2020;03;Andalucia;Puerro;813.67;1943.01;2.39;32.51;0.1;0.23;2020-03-01;Primera ola;Confinamiento
2020;03;Aragon;Patatas;3242.56;3119.75;0.96;76.02;2.58;2.48;2020-03-01;Primera ola;Confinamiento
2020;03;Aragon;Patatas frescas;2436.54;2175.6;0.89;64.14;1.94;1.73;2020-03-01;Primera ola;Confinamiento
2020;03;Aragon;Patatas congeladas;60.03;75.08;1.25;8.53;0.05;0.06;2020-03-01;Primera ola;Confinamiento
2020;03;Aragon;Patatas procesadas;149.2;869.07;5.82;47.05;0.12;0.69;2020-03-01;Primera ola;Confinamiento
2020;03;Aragon;Patatas fritas;128.32;842.92;6.57;45.55;0.1;0.67;2020-03-01;Primera ola;Confinamiento
2020;03;Aragon;Hortalizas frescas;8980.43;17296.01;1.93;98.17;7.14;13.74;2020-03-01;Primera ola;Confinamiento
2020;03;Aragon;Omates;1355.2;2534.2;1.87;86.07;1.08;2.01;2020-03-01;Primera ola;Confinamiento
2020;03;Aragon;Cebollas;863.95;1052.3;1.22;70.44;0.69;0.84;2020-03-01;Primera ola;Confinamiento
2020;03;Aragon;Ajos;101.68;437.93;4.31;35.62;0.08;0.35;2020-03-01;Primera ola;Confinamiento
2020;03;Aragon;Coles;270.89;250.75;0.93;24.34;0.22;0.2;2020-03-01;Primera ola;Confinamiento
2020;03;Aragon;Pepinos;158.13;267.31;1.69;23.48;0.13;0.21;2020-03-01;Primera ola;Confinamiento
2020;03;Aragon;Judias verdes;407.13;1143.96;2.81;53.48;0.32;0.91;2020-03-01;Primera ola;Confinamiento
2020;03;Aragon;Pimientos;548.02;1123.56;2.05;57.76;0.44;0.89;2020-03-01;Primera ola;Confinamiento
2020;03;Aragon;Champiñoneso setas;271.9;941.16;3.46;58.21;0.22;0.75;2020-03-01;Primera ola;Confinamiento
2020;03;Aragon;Lechuga/esc /endivia;830.87;2141.59;2.58;76.51;0.66;1.7;2020-03-01;Primera ola;Confinamiento
2020;03;Aragon;Esparragos;269.44;752.33;2.79;22.18;0.21;0.6;2020-03-01;Primera ola;Confinamiento
2020;03;Aragon;Verduras de hoja;537.79;868.01;1.61;42.31;0.43;0.69;2020-03-01;Primera ola;Confinamiento
2020;03;Aragon;Berenjenas;153.59;265.13;1.73;31.12;0.12;0.21;2020-03-01;Primera ola;Confinamiento
2020;03;Aragon;Zanahorias;431.18;395.1;0.92;57.44;0.34;0.31;2020-03-01;Primera ola;Confinamiento
2020;03;Aragon;Calabacines;544.33;842.03;1.55;63.58;0.43;0.67;2020-03-01;Primera ola;Confinamiento
2020;03;Aragon;Otr hortalizas/verd ;2236.33;4280.65;1.91;84.49;1.78;3.4;2020-03-01;Primera ola;Confinamiento
2020;03;Aragon;Brocoli;315.9;461.47;1.46;27.98;0.25;0.37;2020-03-01;Primera ola;Confinamiento
2020;03;Aragon;Alcachofas;371.08;645.03;1.74;39.21;0.29;0.51;2020-03-01;Primera ola;Confinamiento
2020;03;Aragon;Apio;187.47;259.13;1.38;12.57;0.15;0.21;2020-03-01;Primera ola;Confinamiento
2020;03;Aragon;Coliflor;69.24;103.06;1.49;10.07;0.06;0.08;2020-03-01;Primera ola;Confinamiento
2020;03;Aragon;Verd /hort  iv gama;944.33;2436.18;2.58;69.11;0.75;1.94;2020-03-01;Primera ola;Confinamiento
2020;03;Aragon;Puerro;146.2;381.59;2.61;31.55;0.12;0.3;2020-03-01;Primera ola;Confinamiento
2020;03;Asturias;Patatas;3981.23;3218.15;0.81;77.32;3.89;3.14;2020-03-01;Primera ola;Confinamiento
2020;03;Asturias;Patatas frescas;3308.71;2516.94;0.76;69.02;3.23;2.46;2020-03-01;Primera ola;Confinamiento
2020;03;Asturias;Patatas congeladas;72.75;83.5;1.15;9.24;0.07;0.08;2020-03-01;Primera ola;Confinamiento
2020;03;Asturias;Patatas procesadas;119.95;617.71;5.15;36.34;0.12;0.6;2020-03-01;Primera ola;Confinamiento
2020;03;Asturias;Patatas fritas;86.53;568.05;6.57;33.93;0.08;0.55;2020-03-01;Primera ola;Confinamiento
2020;03;Asturias;Hortalizas frescas;4917.27;9811.45;2.0;96.76;4.8;9.58;2020-03-01;Primera ola;Confinamiento
2020;03;Asturias;Omates;862.45;1885.6;2.19;75.41;0.84;1.84;2020-03-01;Primera ola;Confinamiento
2020;03;Asturias;Cebollas;888.0;1134.17;1.28;79.66;0.87;1.11;2020-03-01;Primera ola;Confinamiento
2020;03;Asturias;Ajos;118.24;571.89;4.84;57.42;0.12;0.56;2020-03-01;Primera ola;Confinamiento
2020;03;Asturias;Coles;197.13;197.52;1.0;22.75;0.19;0.19;2020-03-01;Primera ola;Confinamiento
2020;03;Asturias;Pepinos;46.99;85.25;1.81;18.65;0.05;0.08;2020-03-01;Primera ola;Confinamiento
2020;03;Asturias;Judias verdes;110.13;332.33;3.02;26.9;0.11;0.32;2020-03-01;Primera ola;Confinamiento
2020;03;Asturias;Pimientos;470.26;1116.57;2.37;72.6;0.46;1.09;2020-03-01;Primera ola;Confinamiento
2020;03;Asturias;Champiñoneso setas;106.89;450.53;4.22;34.37;0.1;0.44;2020-03-01;Primera ola;Confinamiento
2020;03;Asturias;Lechuga/esc /endivia;326.73;931.05;2.85;65.42;0.32;0.91;2020-03-01;Primera ola;Confinamiento
2020;03;Asturias;Esparragos;20.75;60.51;2.92;8.55;0.02;0.06;2020-03-01;Primera ola;Confinamiento
2020;03;Asturias;Verduras de hoja;195.43;360.44;1.84;18.28;0.19;0.35;2020-03-01;Primera ola;Confinamiento
2020;03;Asturias;Berenjenas;99.31;164.33;1.65;21.15;0.1;0.16;2020-03-01;Primera ola;Confinamiento
2020;03;Asturias;Zanahorias;381.11;395.67;1.04;62.28;0.37;0.39;2020-03-01;Primera ola;Confinamiento
2020;03;Asturias;Calabacines;424.05;636.3;1.5;53.55;0.41;0.62;2020-03-01;Primera ola;Confinamiento
2020;03;Asturias;Otr hortalizas/verd ;669.81;1489.29;2.22;64.66;0.65;1.45;2020-03-01;Primera ola;Confinamiento
2020;03;Asturias;Brocoli;110.99;248.34;2.24;29.24;0.11;0.24;2020-03-01;Primera ola;Confinamiento
2020;03;Asturias;Alcachofas;57.97;111.63;1.93;13.67;0.06;0.11;2020-03-01;Primera ola;Confinamiento
2020;03;Asturias;Apio;24.97;52.7;2.11;4.63;0.02;0.05;2020-03-01;Primera ola;Confinamiento
2020;03;Asturias;Coliflor;39.12;66.78;1.71;6.54;0.04;0.07;2020-03-01;Primera ola;Confinamiento
2020;03;Asturias;Verd /hort  iv gama;504.66;1496.91;2.97;52.01;0.49;1.46;2020-03-01;Primera ola;Confinamiento
2020;03;Asturias;Puerro;93.6;276.98;2.96;34.24;0.09;0.27;2020-03-01;Primera ola;Confinamiento
2020;03;Baleares;Patatas;3868.96;4070.38;1.05;89.97;3.79;3.98;2020-03-01;Primera ola;Confinamiento
2020;03;Baleares;Patatas frescas;2786.14;2863.23;1.03;80.55;2.73;2.8;2020-03-01;Primera ola;Confinamiento
2020;03;Baleares;Patatas congeladas;122.33;137.43;1.12;10.3;0.12;0.13;2020-03-01;Primera ola;Confinamiento
2020;03;Baleares;Patatas procesadas;192.1;1069.72;5.57;57.75;0.19;1.05;2020-03-01;Primera ola;Confinamiento
2020;03;Baleares;Patatas fritas;142.28;986.84;6.94;56.6;0.14;0.97;2020-03-01;Primera ola;Confinamiento
2020;03;Baleares;Hortalizas frescas;7612.08;16300.77;2.14;98.34;7.45;15.95;2020-03-01;Primera ola;Confinamiento
2020;03;Baleares;Omates;1366.68;2823.0;2.07;91.08;1.34;2.76;2020-03-01;Primera ola;Confinamiento
2020;03;Baleares;Cebollas;1012.82;1414.3;1.4;82.38;0.99;1.38;2020-03-01;Primera ola;Confinamiento
2020;03;Baleares;Ajos;92.74;421.72;4.55;34.03;0.09;0.41;2020-03-01;Primera ola;Confinamiento
2020;03;Baleares;Coles;352.07;466.25;1.32;34.78;0.34;0.46;2020-03-01;Primera ola;Confinamiento
2020;03;Baleares;Pepinos;115.77;211.79;1.83;29.38;0.11;0.21;2020-03-01;Primera ola;Confinamiento
2020;03;Baleares;Judias verdes;153.29;651.05;4.25;40.49;0.15;0.64;2020-03-01;Primera ola;Confinamiento
2020;03;Baleares;Pimientos;646.21;1439.61;2.23;69.4;0.63;1.41;2020-03-01;Primera ola;Confinamiento
2020;03;Baleares;Champiñoneso setas;280.7;1079.26;3.84;56.71;0.27;1.06;2020-03-01;Primera ola;Confinamiento
2020;03;Baleares;Lechuga/esc /endivia;495.58;1539.11;3.11;74.89;0.48;1.51;2020-03-01;Primera ola;Confinamiento
2020;03;Baleares;Esparragos;29.12;143.53;4.93;8.54;0.03;0.14;2020-03-01;Primera ola;Confinamiento
2020;03;Baleares;Verduras de hoja;285.61;764.41;2.68;40.99;0.28;0.75;2020-03-01;Primera ola;Confinamiento
2020;03;Baleares;Berenjenas;275.77;492.88;1.79;42.84;0.27;0.48;2020-03-01;Primera ola;Confinamiento
2020;03;Baleares;Zanahorias;406.59;422.68;1.04;62.39;0.4;0.41;2020-03-01;Primera ola;Confinamiento
2020;03;Baleares;Calabacines;488.35;909.67;1.86;60.77;0.48;0.89;2020-03-01;Primera ola;Confinamiento
2020;03;Baleares;Otr hortalizas/verd ;1610.77;3521.51;2.19;80.98;1.58;3.45;2020-03-01;Primera ola;Confinamiento
2020;03;Baleares;Brocoli;185.93;371.37;2.0;34.24;0.18;0.36;2020-03-01;Primera ola;Confinamiento
2020;03;Baleares;Alcachofas;296.47;517.41;1.75;33.13;0.29;0.51;2020-03-01;Primera ola;Confinamiento
2020;03;Baleares;Apio;82.46;90.44;1.1;16.54;0.08;0.09;2020-03-01;Primera ola;Confinamiento
2020;03;Baleares;Coliflor;137.17;224.84;1.64;21.13;0.13;0.22;2020-03-01;Primera ola;Confinamiento
2020;03;Baleares;Verd /hort  iv gama;847.28;2487.55;2.94;66.83;0.83;2.43;2020-03-01;Primera ola;Confinamiento
2020;03;Baleares;Puerro;128.46;413.62;3.22;40.73;0.13;0.4;2020-03-01;Primera ola;Confinamiento
2020;03;Canarias;Patatas;8483.08;8853.26;1.04;87.1;3.95;4.13;2020-03-01;Primera ola;Confinamiento
2020;03;Canarias;Patatas frescas;6689.41;6931.22;1.04;79.46;3.12;3.23;2020-03-01;Primera ola;Confinamiento
2020;03;Canarias;Patatas congeladas;383.6;412.72;1.08;12.15;0.18;0.19;2020-03-01;Primera ola;Confinamiento
2020;03;Canarias;Patatas procesadas;282.02;1509.32;5.35;46.74;0.13;0.7;2020-03-01;Primera ola;Confinamiento
2020;03;Canarias;Patatas fritas;215.39;1437.91;6.68;46.45;0.1;0.67;2020-03-01;Primera ola;Confinamiento
2020;03;Canarias;Hortalizas frescas;12563.35;24747.97;1.97;98.96;5.86;11.54;2020-03-01;Primera ola;Confinamiento
2020;03;Canarias;Omates;2115.91;3295.34;1.56;86.17;0.99;1.54;2020-03-01;Primera ola;Confinamiento
2020;03;Canarias;Cebollas;2113.67;2743.91;1.3;92.33;0.99;1.28;2020-03-01;Primera ola;Confinamiento
2020;03;Canarias;Ajos;167.26;766.09;4.58;49.22;0.08;0.36;2020-03-01;Primera ola;Confinamiento
2020;03;Canarias;Coles;348.95;442.35;1.27;25.73;0.16;0.21;2020-03-01;Primera ola;Confinamiento
2020;03;Canarias;Pepinos;287.79;539.33;1.87;29.91;0.13;0.25;2020-03-01;Primera ola;Confinamiento
2020;03;Canarias;Judias verdes;243.26;594.66;2.44;25.81;0.11;0.28;2020-03-01;Primera ola;Confinamiento
2020;03;Canarias;Pimientos;1084.59;2392.71;2.21;77.48;0.51;1.12;2020-03-01;Primera ola;Confinamiento
2020;03;Canarias;Champiñoneso setas;225.27;913.22;4.05;36.4;0.11;0.43;2020-03-01;Primera ola;Confinamiento
2020;03;Canarias;Lechuga/esc /endivia;573.57;1742.57;3.04;61.75;0.27;0.81;2020-03-01;Primera ola;Confinamiento
2020;03;Canarias;Esparragos;4.27;39.83;9.32;1.32;0.0;0.02;2020-03-01;Primera ola;Confinamiento
2020;03;Canarias;Verduras de hoja;115.88;461.11;3.98;27.69;0.05;0.21;2020-03-01;Primera ola;Confinamiento
2020;03;Canarias;Berenjenas;151.6;266.71;1.76;21.45;0.07;0.12;2020-03-01;Primera ola;Confinamiento
2020;03;Canarias;Zanahorias;1160.15;1325.76;1.14;76.34;0.54;0.62;2020-03-01;Primera ola;Confinamiento
2020;03;Canarias;Calabacines;1524.73;2738.38;1.8;75.07;0.71;1.28;2020-03-01;Primera ola;Confinamiento
2020;03;Canarias;Otr hortalizas/verd ;2446.46;6485.99;2.65;86.82;1.14;3.02;2020-03-01;Primera ola;Confinamiento
2020;03;Canarias;Brocoli;76.38;210.74;2.76;12.22;0.04;0.1;2020-03-01;Primera ola;Confinamiento
2020;03;Canarias;Alcachofas;27.94;48.93;1.75;2.73;0.01;0.02;2020-03-01;Primera ola;Confinamiento
2020;03;Canarias;Apio;103.39;199.03;1.92;14.01;0.05;0.09;2020-03-01;Primera ola;Confinamiento
2020;03;Canarias;Coliflor;106.02;227.89;2.15;13.18;0.05;0.11;2020-03-01;Primera ola;Confinamiento
2020;03;Canarias;Verd /hort  iv gama;1806.22;4469.68;2.47;69.38;0.84;2.08;2020-03-01;Primera ola;Confinamiento
2020;03;Canarias;Puerro;200.4;509.77;2.54;37.05;0.09;0.24;2020-03-01;Primera ola;Confinamiento
2020;03;Cantabria;Patatas;1746.55;1785.81;1.02;88.51;3.25;3.32;2020-03-01;Primera ola;Confinamiento
2020;03;Cantabria;Patatas frescas;1290.88;1208.3;0.94;80.5;2.4;2.25;2020-03-01;Primera ola;Confinamiento
2020;03;Cantabria;Patatas congeladas;98.45;135.42;1.38;17.0;0.18;0.25;2020-03-01;Primera ola;Confinamiento
2020;03;Cantabria;Patatas procesadas;71.44;442.09;6.19;42.56;0.13;0.82;2020-03-01;Primera ola;Confinamiento
2020;03;Cantabria;Patatas fritas;53.59;412.42;7.7;40.58;0.1;0.77;2020-03-01;Primera ola;Confinamiento
2020;03;Cantabria;Hortalizas frescas;2299.09;4516.33;1.96;98.7;4.28;8.41;2020-03-01;Primera ola;Confinamiento
2020;03;Cantabria;Omates;361.21;709.67;1.96;89.36;0.67;1.32;2020-03-01;Primera ola;Confinamiento
2020;03;Cantabria;Cebollas;403.48;526.93;1.31;86.28;0.75;0.98;2020-03-01;Primera ola;Confinamiento
2020;03;Cantabria;Ajos;41.7;200.5;4.81;57.53;0.08;0.37;2020-03-01;Primera ola;Confinamiento
2020;03;Cantabria;Coles;55.75;71.32;1.28;16.13;0.1;0.13;2020-03-01;Primera ola;Confinamiento
2020;03;Cantabria;Pepinos;34.88;68.83;1.97;19.64;0.06;0.13;2020-03-01;Primera ola;Confinamiento
2020;03;Cantabria;Judias verdes;59.54;175.46;2.95;24.71;0.11;0.33;2020-03-01;Primera ola;Confinamiento
2020;03;Cantabria;Pimientos;261.84;559.94;2.14;60.42;0.49;1.04;2020-03-01;Primera ola;Confinamiento
2020;03;Cantabria;Champiñoneso setas;34.7;139.58;4.02;29.46;0.06;0.26;2020-03-01;Primera ola;Confinamiento
2020;03;Cantabria;Lechuga/esc /endivia;165.99;470.56;2.83;73.97;0.31;0.88;2020-03-01;Primera ola;Confinamiento
2020;03;Cantabria;Esparragos;10.03;44.87;4.47;8.45;0.02;0.08;2020-03-01;Primera ola;Confinamiento
2020;03;Cantabria;Verduras de hoja;26.6;79.4;2.99;17.89;0.05;0.15;2020-03-01;Primera ola;Confinamiento
2020;03;Cantabria;Berenjenas;68.96;101.5;1.47;28.02;0.13;0.19;2020-03-01;Primera ola;Confinamiento
2020;03;Cantabria;Zanahorias;252.59;192.96;0.76;63.12;0.47;0.36;2020-03-01;Primera ola;Confinamiento
2020;03;Cantabria;Calabacines;187.12;268.52;1.43;41.34;0.35;0.5;2020-03-01;Primera ola;Confinamiento
2020;03;Cantabria;Otr hortalizas/verd ;334.7;906.3;2.71;67.04;0.62;1.69;2020-03-01;Primera ola;Confinamiento
2020;03;Cantabria;Brocoli;27.61;72.76;2.64;16.73;0.05;0.14;2020-03-01;Primera ola;Confinamiento
2020;03;Cantabria;Alcachofas;60.48;98.9;1.64;18.95;0.11;0.18;2020-03-01;Primera ola;Confinamiento
2020;03;Cantabria;Apio;8.39;11.34;1.35;3.12;0.02;0.02;2020-03-01;Primera ola;Confinamiento
2020;03;Cantabria;Coliflor;41.21;75.36;1.83;11.33;0.08;0.14;2020-03-01;Primera ola;Confinamiento
2020;03;Cantabria;Verd /hort  iv gama;258.56;728.45;2.82;75.05;0.48;1.36;2020-03-01;Primera ola;Confinamiento
2020;03;Cantabria;Puerro;52.99;176.08;3.32;32.44;0.1;0.33;2020-03-01;Primera ola;Confinamiento
2020;03;Castilla la mancha;Patatas;6316.78;5667.01;0.9;87.83;3.16;2.83;2020-03-01;Primera ola;Confinamiento
2020;03;Castilla la mancha;Patatas frescas;4596.8;3849.16;0.84;76.84;2.3;1.93;2020-03-01;Primera ola;Confinamiento
2020;03;Castilla la mancha;Patatas congeladas;269.18;330.45;1.23;18.28;0.13;0.17;2020-03-01;Primera ola;Confinamiento
2020;03;Castilla la mancha;Patatas procesadas;290.16;1487.4;5.13;58.12;0.15;0.74;2020-03-01;Primera ola;Confinamiento
2020;03;Castilla la mancha;Patatas fritas;230.87;1406.28;6.09;55.97;0.12;0.7;2020-03-01;Primera ola;Confinamiento
2020;03;Castilla la mancha;Hortalizas frescas;9099.42;16879.75;1.86;96.33;4.55;8.44;2020-03-01;Primera ola;Confinamiento
2020;03;Castilla la mancha;Omates;2154.64;3625.25;1.68;81.78;1.08;1.81;2020-03-01;Primera ola;Confinamiento
2020;03;Castilla la mancha;Cebollas;1031.69;1249.72;1.21;65.29;0.52;0.63;2020-03-01;Primera ola;Confinamiento
2020;03;Castilla la mancha;Ajos;124.36;474.5;3.82;39.27;0.06;0.24;2020-03-01;Primera ola;Confinamiento
2020;03;Castilla la mancha;Coles;205.14;229.71;1.12;17.95;0.1;0.11;2020-03-01;Primera ola;Confinamiento
2020;03;Castilla la mancha;Pepinos;328.14;505.76;1.54;29.97;0.16;0.25;2020-03-01;Primera ola;Confinamiento
2020;03;Castilla la mancha;Judias verdes;271.63;814.38;3.0;38.91;0.14;0.41;2020-03-01;Primera ola;Confinamiento
2020;03;Castilla la mancha;Pimientos;871.8;1782.34;2.04;65.79;0.44;0.89;2020-03-01;Primera ola;Confinamiento
2020;03;Castilla la mancha;Champiñoneso setas;236.84;907.47;3.83;41.88;0.12;0.45;2020-03-01;Primera ola;Confinamiento
2020;03;Castilla la mancha;Lechuga/esc /endivia;490.44;1342.12;2.74;66.45;0.25;0.67;2020-03-01;Primera ola;Confinamiento
2020;03;Castilla la mancha;Esparragos;214.98;408.89;1.9;19.55;0.11;0.2;2020-03-01;Primera ola;Confinamiento
2020;03;Castilla la mancha;Verduras de hoja;268.4;627.49;2.34;24.78;0.13;0.31;2020-03-01;Primera ola;Confinamiento
2020;03;Castilla la mancha;Berenjenas;214.56;324.65;1.51;32.85;0.11;0.16;2020-03-01;Primera ola;Confinamiento
2020;03;Castilla la mancha;Zanahorias;540.42;495.05;0.92;56.39;0.27;0.25;2020-03-01;Primera ola;Confinamiento
2020;03;Castilla la mancha;Calabacines;661.08;1032.19;1.56;59.85;0.33;0.52;2020-03-01;Primera ola;Confinamiento
2020;03;Castilla la mancha;Otr hortalizas/verd ;1485.28;3060.24;2.06;76.3;0.74;1.53;2020-03-01;Primera ola;Confinamiento
2020;03;Castilla la mancha;Brocoli;173.49;336.68;1.94;20.42;0.09;0.17;2020-03-01;Primera ola;Confinamiento
2020;03;Castilla la mancha;Alcachofas;341.0;566.33;1.66;34.1;0.17;0.28;2020-03-01;Primera ola;Confinamiento
2020;03;Castilla la mancha;Apio;22.86;48.16;2.11;6.86;0.01;0.02;2020-03-01;Primera ola;Confinamiento
2020;03;Castilla la mancha;Coliflor;76.92;123.19;1.6;7.89;0.04;0.06;2020-03-01;Primera ola;Confinamiento
2020;03;Castilla la mancha;Verd /hort  iv gama;1037.6;2527.96;2.44;60.37;0.52;1.26;2020-03-01;Primera ola;Confinamiento
2020;03;Castilla la mancha;Puerro;188.91;457.2;2.42;31.35;0.09;0.23;2020-03-01;Primera ola;Confinamiento
2020;03;Castilla leon;Patatas;5371.01;4868.54;0.91;73.93;2.34;2.12;2020-03-01;Primera ola;Confinamiento
2020;03;Castilla leon;Patatas frescas;3962.98;3320.66;0.84;64.04;1.73;1.45;2020-03-01;Primera ola;Confinamiento
2020;03;Castilla leon;Patatas congeladas;89.25;100.58;1.13;3.67;0.04;0.04;2020-03-01;Primera ola;Confinamiento
2020;03;Castilla leon;Patatas procesadas;263.76;1447.3;5.49;41.76;0.12;0.63;2020-03-01;Primera ola;Confinamiento
2020;03;Castilla leon;Patatas fritas;221.56;1386.16;6.26;40.47;0.1;0.6;2020-03-01;Primera ola;Confinamiento
2020;03;Castilla leon;Hortalizas frescas;10759.11;20107.9;1.87;95.25;4.69;8.77;2020-03-01;Primera ola;Confinamiento
2020;03;Castilla leon;Omates;1949.92;3360.26;1.72;74.5;0.85;1.47;2020-03-01;Primera ola;Confinamiento
2020;03;Castilla leon;Cebollas;1425.7;1776.84;1.25;66.63;0.62;0.78;2020-03-01;Primera ola;Confinamiento
2020;03;Castilla leon;Ajos;166.86;712.93;4.27;39.53;0.07;0.31;2020-03-01;Primera ola;Confinamiento
2020;03;Castilla leon;Coles;477.63;507.43;1.06;25.46;0.21;0.22;2020-03-01;Primera ola;Confinamiento
2020;03;Castilla leon;Pepinos;178.99;297.85;1.66;22.76;0.08;0.13;2020-03-01;Primera ola;Confinamiento
2020;03;Castilla leon;Judias verdes;217.74;657.55;3.02;26.38;0.09;0.29;2020-03-01;Primera ola;Confinamiento
2020;03;Castilla leon;Pimientos;1053.04;2156.78;2.05;73.2;0.46;0.94;2020-03-01;Primera ola;Confinamiento
2020;03;Castilla leon;Champiñoneso setas;221.79;920.77;4.15;37.21;0.1;0.4;2020-03-01;Primera ola;Confinamiento
2020;03;Castilla leon;Lechuga/esc /endivia;902.72;2336.78;2.59;70.12;0.39;1.02;2020-03-01;Primera ola;Confinamiento
2020;03;Castilla leon;Esparragos;109.94;345.48;3.14;9.82;0.05;0.15;2020-03-01;Primera ola;Confinamiento
2020;03;Castilla leon;Verduras de hoja;216.88;560.08;2.58;26.01;0.09;0.24;2020-03-01;Primera ola;Confinamiento
2020;03;Castilla leon;Berenjenas;203.96;322.58;1.58;27.97;0.09;0.14;2020-03-01;Primera ola;Confinamiento
2020;03;Castilla leon;Zanahorias;828.22;695.83;0.84;66.36;0.36;0.3;2020-03-01;Primera ola;Confinamiento
2020;03;Castilla leon;Calabacines;963.39;1463.84;1.52;62.51;0.42;0.64;2020-03-01;Primera ola;Confinamiento
2020;03;Castilla leon;Otr hortalizas/verd ;1842.34;3992.91;2.17;69.96;0.8;1.74;2020-03-01;Primera ola;Confinamiento
2020;03;Castilla leon;Brocoli;227.8;471.97;2.07;21.14;0.1;0.21;2020-03-01;Primera ola;Confinamiento
2020;03;Castilla leon;Alcachofas;222.11;401.62;1.81;19.12;0.1;0.18;2020-03-01;Primera ola;Confinamiento
2020;03;Castilla leon;Apio;45.44;78.12;1.72;5.99;0.02;0.03;2020-03-01;Primera ola;Confinamiento
2020;03;Castilla leon;Coliflor;269.98;374.05;1.39;16.7;0.12;0.16;2020-03-01;Primera ola;Confinamiento
2020;03;Castilla leon;Verd /hort  iv gama;1147.54;3053.81;2.66;65.04;0.5;1.33;2020-03-01;Primera ola;Confinamiento
2020;03;Castilla leon;Puerro;242.17;653.87;2.7;36.86;0.11;0.29;2020-03-01;Primera ola;Confinamiento
2020;03;Cataluña;Patatas;23385.18;22710.3;0.97;87.75;3.39;3.29;2020-03-01;Primera ola;Confinamiento
2020;03;Cataluña;Patatas frescas;16492.1;15390.64;0.93;80.15;2.39;2.23;2020-03-01;Primera ola;Confinamiento
2020;03;Cataluña;Patatas congeladas;757.55;1027.57;1.36;11.3;0.11;0.15;2020-03-01;Primera ola;Confinamiento
2020;03;Cataluña;Patatas procesadas;1227.11;6292.09;5.13;54.91;0.18;0.91;2020-03-01;Primera ola;Confinamiento
2020;03;Cataluña;Patatas fritas;887.22;5763.86;6.5;51.89;0.13;0.83;2020-03-01;Primera ola;Confinamiento
2020;03;Cataluña;Hortalizas frescas;49548.59;99585.42;2.01;98.12;7.17;14.42;2020-03-01;Primera ola;Confinamiento
2020;03;Cataluña;Omates;9122.1;18168.09;1.99;89.65;1.32;2.63;2020-03-01;Primera ola;Confinamiento
2020;03;Cataluña;Cebollas;6498.65;8577.82;1.32;78.84;0.94;1.24;2020-03-01;Primera ola;Confinamiento
2020;03;Cataluña;Ajos;466.85;2161.27;4.63;37.77;0.07;0.31;2020-03-01;Primera ola;Confinamiento
2020;03;Cataluña;Coles;1472.66;1747.45;1.19;26.22;0.21;0.25;2020-03-01;Primera ola;Confinamiento
2020;03;Cataluña;Pepinos;1002.15;1675.89;1.67;31.16;0.15;0.24;2020-03-01;Primera ola;Confinamiento
2020;03;Cataluña;Judias verdes;1777.65;7226.87;4.07;37.36;0.26;1.05;2020-03-01;Primera ola;Confinamiento
2020;03;Cataluña;Pimientos;3476.12;7484.71;2.15;67.53;0.5;1.08;2020-03-01;Primera ola;Confinamiento
2020;03;Cataluña;Champiñoneso setas;870.07;3473.19;3.99;39.17;0.13;0.5;2020-03-01;Primera ola;Confinamiento
2020;03;Cataluña;Lechuga/esc /endivia;3338.91;9183.67;2.75;72.94;0.48;1.33;2020-03-01;Primera ola;Confinamiento
2020;03;Cataluña;Esparragos;1229.92;1968.39;1.6;18.85;0.18;0.28;2020-03-01;Primera ola;Confinamiento
2020;03;Cataluña;Verduras de hoja;1333.41;3376.91;2.53;31.68;0.19;0.49;2020-03-01;Primera ola;Confinamiento
2020;03;Cataluña;Berenjenas;1445.35;2268.54;1.57;41.64;0.21;0.33;2020-03-01;Primera ola;Confinamiento
2020;03;Cataluña;Zanahorias;2755.78;2960.06;1.07;60.2;0.4;0.43;2020-03-01;Primera ola;Confinamiento
2020;03;Cataluña;Calabacines;3066.68;4831.86;1.58;57.74;0.44;0.7;2020-03-01;Primera ola;Confinamiento
2020;03;Cataluña;Otr hortalizas/verd ;11692.3;24480.72;2.09;86.16;1.69;3.54;2020-03-01;Primera ola;Confinamiento
2020;03;Cataluña;Brocoli;1335.79;2292.26;1.72;28.27;0.19;0.33;2020-03-01;Primera ola;Confinamiento
2020;03;Cataluña;Alcachofas;3518.11;5836.94;1.66;48.81;0.51;0.85;2020-03-01;Primera ola;Confinamiento
2020;03;Cataluña;Apio;504.45;757.36;1.5;17.13;0.07;0.11;2020-03-01;Primera ola;Confinamiento
2020;03;Cataluña;Coliflor;369.95;574.16;1.55;7.96;0.05;0.08;2020-03-01;Primera ola;Confinamiento
2020;03;Cataluña;Verd /hort  iv gama;5326.13;14315.44;2.69;71.91;0.77;2.07;2020-03-01;Primera ola;Confinamiento
2020;03;Cataluña;Puerro;961.83;2140.41;2.23;32.77;0.14;0.31;2020-03-01;Primera ola;Confinamiento
2020;03;Extremadura;Patatas;2686.11;2465.49;0.92;83.57;2.4;2.2;2020-03-01;Primera ola;Confinamiento
2020;03;Extremadura;Patatas frescas;1843.49;1555.28;0.84;75.04;1.64;1.39;2020-03-01;Primera ola;Confinamiento
2020;03;Extremadura;Patatas congeladas;129.6;133.66;1.03;14.05;0.12;0.12;2020-03-01;Primera ola;Confinamiento
2020;03;Extremadura;Patatas procesadas;142.6;776.55;5.45;58.28;0.13;0.69;2020-03-01;Primera ola;Confinamiento
2020;03;Extremadura;Patatas fritas;126.82;748.13;5.9;58.56;0.11;0.67;2020-03-01;Primera ola;Confinamiento
2020;03;Extremadura;Hortalizas frescas;5363.75;10063.17;1.88;96.29;4.78;8.98;2020-03-01;Primera ola;Confinamiento
2020;03;Extremadura;Omates;1156.19;1804.13;1.56;82.2;1.03;1.61;2020-03-01;Primera ola;Confinamiento
2020;03;Extremadura;Cebollas;683.28;802.73;1.17;77.16;0.61;0.72;2020-03-01;Primera ola;Confinamiento
2020;03;Extremadura;Ajos;103.04;396.0;3.84;46.35;0.09;0.35;2020-03-01;Primera ola;Confinamiento
2020;03;Extremadura;Coles;95.87;115.38;1.2;19.68;0.09;0.1;2020-03-01;Primera ola;Confinamiento
2020;03;Extremadura;Pepinos;175.21;264.93;1.51;31.64;0.16;0.24;2020-03-01;Primera ola;Confinamiento
2020;03;Extremadura;Judias verdes;95.18;296.63;3.12;28.62;0.08;0.26;2020-03-01;Primera ola;Confinamiento
2020;03;Extremadura;Pimientos;474.06;1015.42;2.14;76.18;0.42;0.91;2020-03-01;Primera ola;Confinamiento
2020;03;Extremadura;Champiñoneso setas;120.98;480.0;3.97;42.48;0.11;0.43;2020-03-01;Primera ola;Confinamiento
2020;03;Extremadura;Lechuga/esc /endivia;403.72;1148.7;2.85;71.0;0.36;1.02;2020-03-01;Primera ola;Confinamiento
2020;03;Extremadura;Esparragos;114.22;227.22;1.99;15.17;0.1;0.2;2020-03-01;Primera ola;Confinamiento
2020;03;Extremadura;Verduras de hoja;115.37;254.75;2.21;27.19;0.1;0.23;2020-03-01;Primera ola;Confinamiento
2020;03;Extremadura;Berenjenas;122.55;214.69;1.75;28.99;0.11;0.19;2020-03-01;Primera ola;Confinamiento
2020;03;Extremadura;Zanahorias;363.2;320.14;0.88;58.83;0.32;0.29;2020-03-01;Primera ola;Confinamiento
2020;03;Extremadura;Calabacines;488.53;710.23;1.45;64.4;0.44;0.63;2020-03-01;Primera ola;Confinamiento
2020;03;Extremadura;Otr hortalizas/verd ;852.35;2012.22;2.36;67.59;0.76;1.79;2020-03-01;Primera ola;Confinamiento
2020;03;Extremadura;Brocoli;73.76;150.0;2.03;13.16;0.07;0.13;2020-03-01;Primera ola;Confinamiento
2020;03;Extremadura;Alcachofas;173.04;260.24;1.5;24.37;0.15;0.23;2020-03-01;Primera ola;Confinamiento
2020;03;Extremadura;Apio;18.66;32.22;1.73;6.04;0.02;0.03;2020-03-01;Primera ola;Confinamiento
2020;03;Extremadura;Coliflor;72.04;121.11;1.68;14.56;0.06;0.11;2020-03-01;Primera ola;Confinamiento
2020;03;Extremadura;Verd /hort  iv gama;664.73;1657.17;2.49;66.22;0.59;1.48;2020-03-01;Primera ola;Confinamiento
2020;03;Extremadura;Puerro;116.36;255.17;2.19;30.58;0.1;0.23;2020-03-01;Primera ola;Confinamiento
2020;03;Galicia;Patatas;9257.38;8517.48;0.92;71.31;3.57;3.28;2020-03-01;Primera ola;Confinamiento
2020;03;Galicia;Patatas frescas;7560.91;6675.96;0.88;55.85;2.91;2.57;2020-03-01;Primera ola;Confinamiento
2020;03;Galicia;Patatas congeladas;150.5;205.98;1.37;6.46;0.06;0.08;2020-03-01;Primera ola;Confinamiento
2020;03;Galicia;Patatas procesadas;309.19;1635.54;5.29;40.55;0.12;0.63;2020-03-01;Primera ola;Confinamiento
2020;03;Galicia;Patatas fritas;219.5;1505.1;6.86;37.0;0.08;0.58;2020-03-01;Primera ola;Confinamiento
2020;03;Galicia;Hortalizas frescas;12073.16;22879.93;1.9;94.98;4.65;8.81;2020-03-01;Primera ola;Confinamiento
2020;03;Galicia;Omates;2099.3;4073.68;1.94;76.74;0.81;1.57;2020-03-01;Primera ola;Confinamiento
2020;03;Galicia;Cebollas;1811.48;2412.28;1.33;59.34;0.7;0.93;2020-03-01;Primera ola;Confinamiento
2020;03;Galicia;Ajos;154.92;721.24;4.66;40.27;0.06;0.28;2020-03-01;Primera ola;Confinamiento
2020;03;Galicia;Coles;1133.05;1184.82;1.05;34.59;0.44;0.46;2020-03-01;Primera ola;Confinamiento
2020;03;Galicia;Pepinos;97.9;172.95;1.77;10.85;0.04;0.07;2020-03-01;Primera ola;Confinamiento
2020;03;Galicia;Judias verdes;312.38;1001.86;3.21;26.31;0.12;0.39;2020-03-01;Primera ola;Confinamiento
2020;03;Galicia;Pimientos;942.23;2058.95;2.19;62.78;0.36;0.79;2020-03-01;Primera ola;Confinamiento
2020;03;Galicia;Champiñoneso setas;185.08;850.84;4.6;24.95;0.07;0.33;2020-03-01;Primera ola;Confinamiento
2020;03;Galicia;Lechuga/esc /endivia;1030.3;2482.89;2.41;65.45;0.4;0.96;2020-03-01;Primera ola;Confinamiento
2020;03;Galicia;Esparragos;36.58;157.65;4.31;6.29;0.01;0.06;2020-03-01;Primera ola;Confinamiento
2020;03;Galicia;Verduras de hoja;244.36;567.89;2.32;18.82;0.09;0.22;2020-03-01;Primera ola;Confinamiento
2020;03;Galicia;Berenjenas;178.29;324.96;1.82;20.32;0.07;0.13;2020-03-01;Primera ola;Confinamiento
2020;03;Galicia;Zanahorias;951.97;930.54;0.98;63.36;0.37;0.36;2020-03-01;Primera ola;Confinamiento
2020;03;Galicia;Calabacines;570.57;922.55;1.62;36.09;0.22;0.36;2020-03-01;Primera ola;Confinamiento
2020;03;Galicia;Otr hortalizas/verd ;2324.74;5016.81;2.16;68.53;0.9;1.93;2020-03-01;Primera ola;Confinamiento
2020;03;Galicia;Brocoli;514.74;950.72;1.85;30.43;0.2;0.37;2020-03-01;Primera ola;Confinamiento
2020;03;Galicia;Alcachofas;140.21;196.41;1.4;8.35;0.05;0.08;2020-03-01;Primera ola;Confinamiento
2020;03;Galicia;Apio;118.26;146.48;1.24;5.34;0.05;0.06;2020-03-01;Primera ola;Confinamiento
2020;03;Galicia;Coliflor;151.36;226.53;1.5;6.29;0.06;0.09;2020-03-01;Primera ola;Confinamiento
2020;03;Galicia;Verd /hort  iv gama;863.58;2467.42;2.86;50.55;0.33;0.95;2020-03-01;Primera ola;Confinamiento
2020;03;Galicia;Puerro;308.46;843.77;2.74;33.1;0.12;0.33;2020-03-01;Primera ola;Confinamiento
2020;03;La rioja;Patatas;517.62;553.12;1.07;67.64;1.69;1.8;2020-03-01;Primera ola;Confinamiento
2020;03;La rioja;Patatas frescas;375.35;359.1;0.96;57.69;1.22;1.17;2020-03-01;Primera ola;Confinamiento
2020;03;La rioja;Patatas congeladas;11.15;15.43;1.38;9.41;0.04;0.05;2020-03-01;Primera ola;Confinamiento
2020;03;La rioja;Patatas procesadas;26.22;178.58;6.81;39.63;0.09;0.58;2020-03-01;Primera ola;Confinamiento
2020;03;La rioja;Patatas fritas;24.75;176.21;7.12;39.21;0.08;0.57;2020-03-01;Primera ola;Confinamiento
2020;03;La rioja;Hortalizas frescas;1500.91;3004.94;2.0;93.65;4.89;9.79;2020-03-01;Primera ola;Confinamiento
2020;03;La rioja;Omates;185.01;362.01;1.96;53.42;0.6;1.18;2020-03-01;Primera ola;Confinamiento
2020;03;La rioja;Cebollas;157.74;211.27;1.34;55.08;0.51;0.69;2020-03-01;Primera ola;Confinamiento
2020;03;La rioja;Ajos;9.2;46.77;5.08;26.19;0.03;0.15;2020-03-01;Primera ola;Confinamiento
2020;03;La rioja;Coles;28.88;34.29;1.19;20.58;0.09;0.11;2020-03-01;Primera ola;Confinamiento
2020;03;La rioja;Pepinos;30.53;45.7;1.5;20.55;0.1;0.15;2020-03-01;Primera ola;Confinamiento
2020;03;La rioja;Judias verdes;23.0;76.15;3.31;27.24;0.07;0.25;2020-03-01;Primera ola;Confinamiento
2020;03;La rioja;Pimientos;92.07;208.56;2.27;55.8;0.3;0.68;2020-03-01;Primera ola;Confinamiento
2020;03;La rioja;Champiñoneso setas;84.75;259.95;3.07;56.4;0.28;0.85;2020-03-01;Primera ola;Confinamiento
2020;03;La rioja;Lechuga/esc /endivia;183.11;506.31;2.77;76.49;0.6;1.65;2020-03-01;Primera ola;Confinamiento
2020;03;La rioja;Esparragos;42.56;210.09;4.94;11.49;0.14;0.68;2020-03-01;Primera ola;Confinamiento
2020;03;La rioja;Verduras de hoja;74.01;148.85;2.01;19.09;0.24;0.49;2020-03-01;Primera ola;Confinamiento
2020;03;La rioja;Berenjenas;23.47;28.63;1.22;28.1;0.08;0.09;2020-03-01;Primera ola;Confinamiento
2020;03;La rioja;Zanahorias;93.07;83.54;0.9;56.81;0.3;0.27;2020-03-01;Primera ola;Confinamiento
2020;03;La rioja;Calabacines;92.52;134.76;1.46;61.79;0.3;0.44;2020-03-01;Primera ola;Confinamiento
2020;03;La rioja;Otr hortalizas/verd ;380.99;648.06;1.7;75.88;1.24;2.11;2020-03-01;Primera ola;Confinamiento
2020;03;La rioja;Brocoli;68.05;39.34;0.58;10.53;0.22;0.13;2020-03-01;Primera ola;Confinamiento
2020;03;La rioja;Alcachofas;70.97;88.36;1.25;22.27;0.23;0.29;2020-03-01;Primera ola;Confinamiento
2020;03;La rioja;Apio;5.27;11.99;2.28;8.42;0.02;0.04;2020-03-01;Primera ola;Confinamiento
2020;03;La rioja;Coliflor;36.36;37.77;1.04;20.22;0.12;0.12;2020-03-01;Primera ola;Confinamiento
2020;03;La rioja;Verd /hort  iv gama;111.07;345.4;3.11;60.5;0.36;1.13;2020-03-01;Primera ola;Confinamiento
2020;03;La rioja;Puerro;36.82;128.24;3.48;32.92;0.12;0.42;2020-03-01;Primera ola;Confinamiento
2020;03;Madrid;Patatas;18475.87;17989.75;0.97;85.7;3.04;2.96;2020-03-01;Primera ola;Confinamiento
2020;03;Madrid;Patatas frescas;12823.77;11606.65;0.91;76.92;2.11;1.91;2020-03-01;Primera ola;Confinamiento
2020;03;Madrid;Patatas congeladas;661.03;1025.2;1.55;12.3;0.11;0.17;2020-03-01;Primera ola;Confinamiento
2020;03;Madrid;Patatas procesadas;998.21;5357.9;5.37;51.86;0.16;0.88;2020-03-01;Primera ola;Confinamiento
2020;03;Madrid;Patatas fritas;792.07;5033.79;6.36;49.59;0.13;0.83;2020-03-01;Primera ola;Confinamiento
2020;03;Madrid;Hortalizas frescas;34050.87;67030.88;1.97;97.88;5.59;11.01;2020-03-01;Primera ola;Confinamiento
2020;03;Madrid;Omates;6995.0;12806.51;1.83;84.86;1.15;2.1;2020-03-01;Primera ola;Confinamiento
2020;03;Madrid;Cebollas;4031.27;5163.53;1.28;76.39;0.66;0.85;2020-03-01;Primera ola;Confinamiento
2020;03;Madrid;Ajos;414.68;1986.52;4.79;44.26;0.07;0.33;2020-03-01;Primera ola;Confinamiento
2020;03;Madrid;Coles;1126.98;1253.09;1.11;25.36;0.19;0.21;2020-03-01;Primera ola;Confinamiento
2020;03;Madrid;Pepinos;763.05;1240.6;1.63;29.9;0.13;0.2;2020-03-01;Primera ola;Confinamiento
2020;03;Madrid;Judias verdes;1139.16;3259.51;2.86;39.26;0.19;0.54;2020-03-01;Primera ola;Confinamiento
2020;03;Madrid;Pimientos;2882.01;6410.8;2.22;74.54;0.47;1.05;2020-03-01;Primera ola;Confinamiento
2020;03;Madrid;Champiñoneso setas;758.16;2962.53;3.91;41.52;0.12;0.49;2020-03-01;Primera ola;Confinamiento
2020;03;Madrid;Lechuga/esc /endivia;2007.05;5685.17;2.83;67.2;0.33;0.93;2020-03-01;Primera ola;Confinamiento
2020;03;Madrid;Esparragos;624.47;1709.52;2.74;18.6;0.1;0.28;2020-03-01;Primera ola;Confinamiento
2020;03;Madrid;Verduras de hoja;799.17;2088.72;2.61;31.35;0.13;0.34;2020-03-01;Primera ola;Confinamiento
2020;03;Madrid;Berenjenas;797.98;1361.87;1.71;30.52;0.13;0.22;2020-03-01;Primera ola;Confinamiento
2020;03;Madrid;Zanahorias;2369.01;2150.64;0.91;64.18;0.39;0.35;2020-03-01;Primera ola;Confinamiento
2020;03;Madrid;Calabacines;3183.65;4914.84;1.54;67.24;0.52;0.81;2020-03-01;Primera ola;Confinamiento
2020;03;Madrid;Otr hortalizas/verd ;6159.23;14037.03;2.28;80.35;1.01;2.31;2020-03-01;Primera ola;Confinamiento
2020;03;Madrid;Brocoli;679.99;1450.3;2.13;23.21;0.11;0.24;2020-03-01;Primera ola;Confinamiento
2020;03;Madrid;Alcachofas;843.45;1481.6;1.76;23.41;0.14;0.24;2020-03-01;Primera ola;Confinamiento
2020;03;Madrid;Apio;216.58;312.8;1.44;11.72;0.04;0.05;2020-03-01;Primera ola;Confinamiento
2020;03;Madrid;Coliflor;396.82;604.6;1.52;11.98;0.07;0.1;2020-03-01;Primera ola;Confinamiento
2020;03;Madrid;Verd /hort  iv gama;3686.71;10951.93;2.97;74.53;0.61;1.8;2020-03-01;Primera ola;Confinamiento
2020;03;Madrid;Puerro;898.53;2219.69;2.47;41.9;0.15;0.36;2020-03-01;Primera ola;Confinamiento
2020;03;Murcia;Patatas;4153.6;4252.91;1.02;85.07;2.99;3.06;2020-03-01;Primera ola;Confinamiento
2020;03;Murcia;Patatas frescas;2805.69;2592.82;0.92;74.16;2.02;1.87;2020-03-01;Primera ola;Confinamiento
2020;03;Murcia;Patatas congeladas;176.11;266.3;1.51;16.17;0.13;0.19;2020-03-01;Primera ola;Confinamiento
2020;03;Murcia;Patatas procesadas;234.36;1393.78;5.95;56.5;0.17;1.0;2020-03-01;Primera ola;Confinamiento
2020;03;Murcia;Patatas fritas;202.31;1339.45;6.62;54.62;0.15;0.96;2020-03-01;Primera ola;Confinamiento
2020;03;Murcia;Hortalizas frescas;8861.22;16817.84;1.9;97.49;6.38;12.11;2020-03-01;Primera ola;Confinamiento
2020;03;Murcia;Omates;2031.89;3848.81;1.89;85.84;1.46;2.77;2020-03-01;Primera ola;Confinamiento
2020;03;Murcia;Cebollas;994.7;1302.4;1.31;82.46;0.72;0.94;2020-03-01;Primera ola;Confinamiento
2020;03;Murcia;Ajos;126.98;499.66;3.93;38.35;0.09;0.36;2020-03-01;Primera ola;Confinamiento
2020;03;Murcia;Coles;165.85;177.75;1.07;15.08;0.12;0.13;2020-03-01;Primera ola;Confinamiento
2020;03;Murcia;Pepinos;372.22;620.9;1.67;44.22;0.27;0.45;2020-03-01;Primera ola;Confinamiento
2020;03;Murcia;Judias verdes;239.9;709.75;2.96;37.77;0.17;0.51;2020-03-01;Primera ola;Confinamiento
2020;03;Murcia;Pimientos;585.62;1114.29;1.9;66.92;0.42;0.8;2020-03-01;Primera ola;Confinamiento
2020;03;Murcia;Champiñoneso setas;177.76;773.01;4.35;41.11;0.13;0.56;2020-03-01;Primera ola;Confinamiento
2020;03;Murcia;Lechuga/esc /endivia;691.47;1541.79;2.23;72.09;0.5;1.11;2020-03-01;Primera ola;Confinamiento
2020;03;Murcia;Esparragos;95.63;224.95;2.35;19.9;0.07;0.16;2020-03-01;Primera ola;Confinamiento
2020;03;Murcia;Verduras de hoja;143.69;348.72;2.43;29.44;0.1;0.25;2020-03-01;Primera ola;Confinamiento
2020;03;Murcia;Berenjenas;248.72;411.54;1.65;47.31;0.18;0.3;2020-03-01;Primera ola;Confinamiento
2020;03;Murcia;Zanahorias;450.6;441.46;0.98;59.87;0.32;0.32;2020-03-01;Primera ola;Confinamiento
2020;03;Murcia;Calabacines;654.39;1000.78;1.53;63.11;0.47;0.72;2020-03-01;Primera ola;Confinamiento
2020;03;Murcia;Otr hortalizas/verd ;1881.79;3802.04;2.02;85.48;1.36;2.74;2020-03-01;Primera ola;Confinamiento
2020;03;Murcia;Brocoli;171.29;371.45;2.17;28.17;0.12;0.27;2020-03-01;Primera ola;Confinamiento
2020;03;Murcia;Alcachofas;437.06;648.98;1.48;48.14;0.31;0.47;2020-03-01;Primera ola;Confinamiento
2020;03;Murcia;Apio;87.62;136.55;1.56;23.03;0.06;0.1;2020-03-01;Primera ola;Confinamiento
2020;03;Murcia;Coliflor;170.18;268.67;1.58;22.44;0.12;0.19;2020-03-01;Primera ola;Confinamiento
2020;03;Murcia;Verd /hort  iv gama;905.6;2212.76;2.44;70.76;0.65;1.59;2020-03-01;Primera ola;Confinamiento
2020;03;Murcia;Puerro;142.75;350.56;2.46;35.37;0.1;0.25;2020-03-01;Primera ola;Confinamiento
2020;03;Navarra;Patatas;1638.41;1715.71;1.05;79.95;2.85;2.99;2020-03-01;Primera ola;Confinamiento
2020;03;Navarra;Patatas frescas;1212.56;1228.22;1.01;74.18;2.11;2.14;2020-03-01;Primera ola;Confinamiento
2020;03;Navarra;Patatas congeladas;64.76;80.68;1.25;14.4;0.11;0.14;2020-03-01;Primera ola;Confinamiento
2020;03;Navarra;Patatas procesadas;72.22;406.8;5.63;45.93;0.13;0.71;2020-03-01;Primera ola;Confinamiento
2020;03;Navarra;Patatas fritas;45.91;358.75;7.81;38.91;0.08;0.62;2020-03-01;Primera ola;Confinamiento
2020;03;Navarra;Hortalizas frescas;3049.08;6032.63;1.98;96.67;5.31;10.5;2020-03-01;Primera ola;Confinamiento
2020;03;Navarra;Omates;411.54;814.25;1.98;70.15;0.72;1.42;2020-03-01;Primera ola;Confinamiento
2020;03;Navarra;Cebollas;299.59;440.3;1.47;63.57;0.52;0.77;2020-03-01;Primera ola;Confinamiento
2020;03;Navarra;Ajos;24.2;122.73;5.07;23.34;0.04;0.21;2020-03-01;Primera ola;Confinamiento
2020;03;Navarra;Coles;127.18;144.46;1.14;21.87;0.22;0.25;2020-03-01;Primera ola;Confinamiento
2020;03;Navarra;Pepinos;34.92;61.93;1.77;15.82;0.06;0.11;2020-03-01;Primera ola;Confinamiento
2020;03;Navarra;Judias verdes;98.74;354.6;3.59;52.25;0.17;0.62;2020-03-01;Primera ola;Confinamiento
2020;03;Navarra;Pimientos;170.77;344.92;2.02;55.46;0.3;0.6;2020-03-01;Primera ola;Confinamiento
2020;03;Navarra;Champiñoneso setas;66.29;312.75;4.72;46.36;0.12;0.54;2020-03-01;Primera ola;Confinamiento
2020;03;Navarra;Lechuga/esc /endivia;414.87;1035.5;2.5;69.31;0.72;1.8;2020-03-01;Primera ola;Confinamiento
2020;03;Navarra;Esparragos;40.37;127.45;3.16;16.21;0.07;0.22;2020-03-01;Primera ola;Confinamiento
2020;03;Navarra;Verduras de hoja;90.54;164.95;1.82;22.45;0.16;0.29;2020-03-01;Primera ola;Confinamiento
2020;03;Navarra;Berenjenas;55.71;108.13;1.94;23.85;0.1;0.19;2020-03-01;Primera ola;Confinamiento
2020;03;Navarra;Zanahorias;251.99;213.52;0.85;68.78;0.44;0.37;2020-03-01;Primera ola;Confinamiento
2020;03;Navarra;Calabacines;259.61;428.91;1.65;66.04;0.45;0.75;2020-03-01;Primera ola;Confinamiento
2020;03;Navarra;Otr hortalizas/verd ;702.75;1358.25;1.93;78.89;1.22;2.36;2020-03-01;Primera ola;Confinamiento
2020;03;Navarra;Brocoli;179.97;188.61;1.05;29.16;0.31;0.33;2020-03-01;Primera ola;Confinamiento
2020;03;Navarra;Alcachofas;80.7;156.62;1.94;18.74;0.14;0.27;2020-03-01;Primera ola;Confinamiento
2020;03;Navarra;Apio;21.02;28.01;1.33;5.76;0.04;0.05;2020-03-01;Primera ola;Confinamiento
2020;03;Navarra;Coliflor;26.78;22.19;0.83;2.42;0.05;0.04;2020-03-01;Primera ola;Confinamiento
2020;03;Navarra;Verd /hort  iv gama;360.37;925.75;2.57;66.89;0.63;1.61;2020-03-01;Primera ola;Confinamiento
2020;03;Navarra;Puerro;69.18;221.88;3.21;42.15;0.12;0.39;2020-03-01;Primera ola;Confinamiento
2020;03;Pais vasco;Patatas;8234.23;7714.35;0.94;89.09;4.06;3.81;2020-03-01;Primera ola;Confinamiento
2020;03;Pais vasco;Patatas frescas;6504.54;5813.44;0.89;85.02;3.21;2.87;2020-03-01;Primera ola;Confinamiento
2020;03;Pais vasco;Patatas congeladas;128.04;170.17;1.33;9.04;0.06;0.08;2020-03-01;Primera ola;Confinamiento
2020;03;Pais vasco;Patatas procesadas;320.33;1730.74;5.4;45.81;0.16;0.85;2020-03-01;Primera ola;Confinamiento
2020;03;Pais vasco;Patatas fritas;233.44;1599.93;6.85;42.36;0.12;0.79;2020-03-01;Primera ola;Confinamiento
2020;03;Pais vasco;Hortalizas frescas;13434.45;26717.65;1.99;98.07;6.63;13.18;2020-03-01;Primera ola;Confinamiento
2020;03;Pais vasco;Omates;2352.64;4636.39;1.97;82.15;1.16;2.29;2020-03-01;Primera ola;Confinamiento
2020;03;Pais vasco;Cebollas;1776.43;2470.46;1.39;86.15;0.88;1.22;2020-03-01;Primera ola;Confinamiento
2020;03;Pais vasco;Ajos;163.72;845.03;5.16;50.1;0.08;0.42;2020-03-01;Primera ola;Confinamiento
2020;03;Pais vasco;Coles;398.29;447.78;1.12;26.49;0.2;0.22;2020-03-01;Primera ola;Confinamiento
2020;03;Pais vasco;Pepinos;121.17;215.24;1.78;15.42;0.06;0.11;2020-03-01;Primera ola;Confinamiento
2020;03;Pais vasco;Judias verdes;491.7;1544.03;3.14;43.49;0.24;0.76;2020-03-01;Primera ola;Confinamiento
2020;03;Pais vasco;Pimientos;1195.2;2701.73;2.26;74.87;0.59;1.33;2020-03-01;Primera ola;Confinamiento
2020;03;Pais vasco;Champiñoneso setas;373.85;1366.8;3.66;47.38;0.18;0.67;2020-03-01;Primera ola;Confinamiento
2020;03;Pais vasco;Lechuga/esc /endivia;1024.78;2636.65;2.57;71.88;0.51;1.3;2020-03-01;Primera ola;Confinamiento
2020;03;Pais vasco;Esparragos;201.81;452.31;2.24;12.66;0.1;0.22;2020-03-01;Primera ola;Confinamiento
2020;03;Pais vasco;Verduras de hoja;422.13;884.58;2.1;27.83;0.21;0.44;2020-03-01;Primera ola;Confinamiento
2020;03;Pais vasco;Berenjenas;179.14;292.66;1.63;23.36;0.09;0.14;2020-03-01;Primera ola;Confinamiento
2020;03;Pais vasco;Zanahorias;1031.4;941.54;0.91;72.33;0.51;0.46;2020-03-01;Primera ola;Confinamiento
2020;03;Pais vasco;Calabacines;1079.41;1588.03;1.47;53.66;0.53;0.78;2020-03-01;Primera ola;Confinamiento
2020;03;Pais vasco;Otr hortalizas/verd ;2622.78;5694.39;2.17;84.6;1.29;2.81;2020-03-01;Primera ola;Confinamiento
2020;03;Pais vasco;Brocoli;357.14;671.05;1.88;31.9;0.18;0.33;2020-03-01;Primera ola;Confinamiento
2020;03;Pais vasco;Alcachofas;397.42;725.77;1.83;21.86;0.2;0.36;2020-03-01;Primera ola;Confinamiento
2020;03;Pais vasco;Apio;29.26;51.35;1.76;5.33;0.01;0.03;2020-03-01;Primera ola;Confinamiento
2020;03;Pais vasco;Coliflor;149.61;238.95;1.6;9.72;0.07;0.12;2020-03-01;Primera ola;Confinamiento
2020;03;Pais vasco;Verd /hort  iv gama;1178.22;3518.09;2.99;66.8;0.58;1.74;2020-03-01;Primera ola;Confinamiento
2020;03;Pais vasco;Puerro;396.15;1217.4;3.07;49.62;0.2;0.6;2020-03-01;Primera ola;Confinamiento
2020;03;Valencia;Patatas;15915.95;15234.08;0.96;86.85;3.42;3.27;2020-03-01;Primera ola;Confinamiento
2020;03;Valencia;Patatas frescas;11649.88;10470.2;0.9;79.02;2.5;2.25;2020-03-01;Primera ola;Confinamiento
2020;03;Valencia;Patatas congeladas;512.46;721.34;1.41;16.05;0.11;0.15;2020-03-01;Primera ola;Confinamiento
2020;03;Valencia;Patatas procesadas;750.72;4042.54;5.38;53.78;0.16;0.87;2020-03-01;Primera ola;Confinamiento
2020;03;Valencia;Patatas fritas;644.12;3888.88;6.04;52.31;0.14;0.83;2020-03-01;Primera ola;Confinamiento
2020;03;Valencia;Hortalizas frescas;28788.83;55540.78;1.93;98.25;6.18;11.92;2020-03-01;Primera ola;Confinamiento
2020;03;Valencia;Omates;5143.7;9261.39;1.8;83.93;1.1;1.99;2020-03-01;Primera ola;Confinamiento
2020;03;Valencia;Cebollas;3874.56;4601.41;1.19;72.98;0.83;0.99;2020-03-01;Primera ola;Confinamiento
2020;03;Valencia;Ajos;312.85;1381.23;4.42;39.25;0.07;0.3;2020-03-01;Primera ola;Confinamiento
2020;03;Valencia;Coles;560.03;695.31;1.24;17.67;0.12;0.15;2020-03-01;Primera ola;Confinamiento
2020;03;Valencia;Pepinos;807.87;1353.82;1.68;37.18;0.17;0.29;2020-03-01;Primera ola;Confinamiento
2020;03;Valencia;Judias verdes;648.23;2320.48;3.58;35.92;0.14;0.5;2020-03-01;Primera ola;Confinamiento
2020;03;Valencia;Pimientos;2275.66;4662.66;2.05;71.26;0.49;1.0;2020-03-01;Primera ola;Confinamiento
2020;03;Valencia;Champiñoneso setas;793.46;3196.89;4.03;45.8;0.17;0.69;2020-03-01;Primera ola;Confinamiento
2020;03;Valencia;Lechuga/esc /endivia;1799.12;5228.0;2.91;68.28;0.39;1.12;2020-03-01;Primera ola;Confinamiento
2020;03;Valencia;Esparragos;409.66;922.59;2.25;15.41;0.09;0.2;2020-03-01;Primera ola;Confinamiento
2020;03;Valencia;Verduras de hoja;725.49;1881.05;2.59;37.37;0.16;0.4;2020-03-01;Primera ola;Confinamiento
2020;03;Valencia;Berenjenas;1061.8;1844.12;1.74;45.34;0.23;0.4;2020-03-01;Primera ola;Confinamiento
2020;03;Valencia;Zanahorias;1975.02;1810.56;0.92;61.2;0.42;0.39;2020-03-01;Primera ola;Confinamiento
2020;03;Valencia;Calabacines;1905.83;3039.96;1.6;59.43;0.41;0.65;2020-03-01;Primera ola;Confinamiento
2020;03;Valencia;Otr hortalizas/verd ;6495.56;13341.3;2.05;83.29;1.39;2.86;2020-03-01;Primera ola;Confinamiento
2020;03;Valencia;Brocoli;440.48;946.22;2.15;23.26;0.09;0.2;2020-03-01;Primera ola;Confinamiento
2020;03;Valencia;Alcachofas;1992.53;3122.79;1.57;47.25;0.43;0.67;2020-03-01;Primera ola;Confinamiento
2020;03;Valencia;Apio;209.99;305.72;1.46;14.67;0.05;0.07;2020-03-01;Primera ola;Confinamiento
2020;03;Valencia;Coliflor;263.13;399.06;1.52;9.58;0.06;0.09;2020-03-01;Primera ola;Confinamiento
2020;03;Valencia;Verd /hort  iv gama;3426.93;9573.14;2.79;72.21;0.74;2.06;2020-03-01;Primera ola;Confinamiento
2020;03;Valencia;Puerro;443.47;1217.05;2.74;33.36;0.1;0.26;2020-03-01;Primera ola;Confinamiento
2020;03;Nacional;Frutas frescas;369006.74;621017.29;1.68;97.14;8.33;14.02;2020-03-01;Primera ola;Confinamiento
2020;03;Nacional;Naranjas;106709.0;106158.4;0.99;65.64;2.41;2.4;2020-03-01;Primera ola;Confinamiento
2020;03;Nacional;Mandarinas;33683.75;64240.73;1.91;56.48;0.76;1.45;2020-03-01;Primera ola;Confinamiento
2020;03;Nacional;Limones;10641.15;17306.31;1.63;38.33;0.24;0.39;2020-03-01;Primera ola;Confinamiento
2020;03;Nacional;Platanos;62228.78;97335.11;1.56;84.92;1.4;2.2;2020-03-01;Primera ola;Confinamiento
2020;03;Nacional;Manzanas;52382.0;79382.42;1.52;76.29;1.18;1.79;2020-03-01;Primera ola;Confinamiento
2020;03;Nacional;Peras;24399.08;40979.48;1.68;53.38;0.55;0.92;2020-03-01;Primera ola;Confinamiento
2020;03;Nacional;Melocotones;146.7;394.9;2.69;0.61;0.0;0.01;2020-03-01;Primera ola;Confinamiento
2020;03;Nacional;Nectarinas;621.96;1134.26;1.82;1.64;0.01;0.03;2020-03-01;Primera ola;Confinamiento
2020;03;Nacional;Albaricoques;130.3;249.62;1.92;0.83;0.0;0.01;2020-03-01;Primera ola;Confinamiento
2020;03;Nacional;Fresas/freson;29920.07;80827.5;2.7;65.31;0.68;1.82;2020-03-01;Primera ola;Confinamiento
2020;03;Nacional;Melon;5869.84;10897.81;1.86;9.46;0.13;0.25;2020-03-01;Primera ola;Confinamiento
2020;03;Nacional;Sandia;2020.78;3176.03;1.57;3.81;0.05;0.07;2020-03-01;Primera ola;Confinamiento
2020;03;Nacional;Ciruelas;1313.8;4054.93;3.09;7.94;0.03;0.09;2020-03-01;Primera ola;Confinamiento
2020;03;Nacional;Cerezas;104.81;201.59;1.92;0.6;0.0;0.0;2020-03-01;Primera ola;Confinamiento
2020;03;Nacional;Uvas;3172.19;13607.02;4.29;14.08;0.07;0.31;2020-03-01;Primera ola;Confinamiento
2020;03;Nacional;Kiwi;13322.0;37239.65;2.8;40.21;0.3;0.84;2020-03-01;Primera ola;Confinamiento
2020;03;Nacional;Aguacate;6166.47;24173.83;3.92;30.86;0.14;0.55;2020-03-01;Primera ola;Confinamiento
2020;03;Nacional;Piña;7320.61;12363.99;1.69;18.32;0.17;0.28;2020-03-01;Primera ola;Confinamiento
2020;03;Nacional;Otras frutas frescas;8853.44;27293.72;3.08;28.74;0.2;0.62;2020-03-01;Primera ola;Confinamiento
2020;03;Nacional;Pomelo;1121.39;2133.68;1.9;2.94;0.03;0.05;2020-03-01;Primera ola;Confinamiento
2020;03;Nacional;Chirimoya;0.0;0.0;0.0;0.0;0.0;0.0;2020-03-01;Primera ola;Confinamiento
2020;03;Nacional;Mango;2989.15;8434.67;2.82;11.89;0.07;0.19;2020-03-01;Primera ola;Confinamiento
2020;03;Nacional;Frutas iv gama;17700.78;33072.66;1.87;30.94;0.4;0.75;2020-03-01;Primera ola;Confinamiento
2020;03;Andalucia;Frutas frescas;59138.85;94907.44;1.6;96.8;7.09;11.38;2020-03-01;Primera ola;Confinamiento
2020;03;Andalucia;Naranjas;17189.34;16174.7;0.94;63.6;2.06;1.94;2020-03-01;Primera ola;Confinamiento
2020;03;Andalucia;Mandarinas;5226.14;8942.62;1.71;53.74;0.63;1.07;2020-03-01;Primera ola;Confinamiento
2020;03;Andalucia;Limones;1658.72;2499.41;1.51;32.17;0.2;0.3;2020-03-01;Primera ola;Confinamiento
2020;03;Andalucia;Platanos;10385.88;15319.92;1.48;82.7;1.25;1.84;2020-03-01;Primera ola;Confinamiento
2020;03;Andalucia;Manzanas;7988.58;12117.48;1.52;77.31;0.96;1.45;2020-03-01;Primera ola;Confinamiento
2020;03;Andalucia;Peras;3834.11;6223.04;1.62;52.88;0.46;0.75;2020-03-01;Primera ola;Confinamiento
2020;03;Andalucia;Melocotones;0.0;0.0;0.0;0.0;0.0;0.0;2020-03-01;Primera ola;Confinamiento
2020;03;Andalucia;Nectarinas;180.95;313.22;1.73;2.12;0.02;0.04;2020-03-01;Primera ola;Confinamiento
2020;03;Andalucia;Albaricoques;18.82;31.17;1.66;0.76;0.0;0.0;2020-03-01;Primera ola;Confinamiento
2020;03;Andalucia;Fresas/freson;5166.92;13401.0;2.59;65.09;0.62;1.61;2020-03-01;Primera ola;Confinamiento
2020;03;Andalucia;Melon;1010.81;1615.92;1.6;7.74;0.12;0.19;2020-03-01;Primera ola;Confinamiento
2020;03;Andalucia;Sandia;342.36;559.13;1.63;4.09;0.04;0.07;2020-03-01;Primera ola;Confinamiento
2020;03;Andalucia;Ciruelas;244.67;648.01;2.65;9.28;0.03;0.08;2020-03-01;Primera ola;Confinamiento
2020;03;Andalucia;Cerezas;22.65;44.35;1.96;0.83;0.0;0.01;2020-03-01;Primera ola;Confinamiento
2020;03;Andalucia;Uvas;578.11;2351.26;4.07;15.85;0.07;0.28;2020-03-01;Primera ola;Confinamiento
2020;03;Andalucia;Kiwi;1859.4;5319.37;2.86;38.17;0.22;0.64;2020-03-01;Primera ola;Confinamiento
2020;03;Andalucia;Aguacate;821.65;3230.99;3.93;31.11;0.1;0.39;2020-03-01;Primera ola;Confinamiento
2020;03;Andalucia;Piña;1185.68;1905.3;1.61;18.79;0.14;0.23;2020-03-01;Primera ola;Confinamiento
2020;03;Andalucia;Otras frutas frescas;1424.06;4210.53;2.96;30.29;0.17;0.5;2020-03-01;Primera ola;Confinamiento
2020;03;Andalucia;Pomelo;172.57;339.94;1.97;4.46;0.02;0.04;2020-03-01;Primera ola;Confinamiento
2020;03;Andalucia;Chirimoya;0.0;0.0;0.0;0.0;0.0;0.0;2020-03-01;Primera ola;Confinamiento
2020;03;Andalucia;Mango;545.71;1422.01;2.61;13.78;0.07;0.17;2020-03-01;Primera ola;Confinamiento
2020;03;Andalucia;Frutas iv gama;2996.99;5409.79;1.81;32.27;0.36;0.65;2020-03-01;Primera ola;Confinamiento
2020;03;Aragon;Frutas frescas;11050.12;18215.68;1.65;97.89;8.78;14.47;2020-03-01;Primera ola;Confinamiento
2020;03;Aragon;Naranjas;3250.18;3249.32;1.0;75.21;2.58;2.58;2020-03-01;Primera ola;Confinamiento
2020;03;Aragon;Mandarinas;1130.11;2071.14;1.83;62.94;0.9;1.65;2020-03-01;Primera ola;Confinamiento
2020;03;Aragon;Limones;288.08;490.37;1.7;40.91;0.23;0.39;2020-03-01;Primera ola;Confinamiento
2020;03;Aragon;Platanos;1544.65;2599.9;1.68;79.99;1.23;2.07;2020-03-01;Primera ola;Confinamiento
2020;03;Aragon;Manzanas;1682.35;2318.32;1.38;82.23;1.34;1.84;2020-03-01;Primera ola;Confinamiento
2020;03;Aragon;Peras;694.02;1100.09;1.59;53.83;0.55;0.87;2020-03-01;Primera ola;Confinamiento
2020;03;Aragon;Melocotones;0.0;0.0;0.0;0.0;0.0;0.0;2020-03-01;Primera ola;Confinamiento
2020;03;Aragon;Nectarinas;20.5;42.22;2.06;1.12;0.02;0.03;2020-03-01;Primera ola;Confinamiento
2020;03;Aragon;Albaricoques;0.0;0.0;0.0;0.0;0.0;0.0;2020-03-01;Primera ola;Confinamiento
2020;03;Aragon;Fresas/freson;1059.44;2652.11;2.5;64.43;0.84;2.11;2020-03-01;Primera ola;Confinamiento
2020;03;Aragon;Melon;140.65;265.55;1.89;10.08;0.11;0.21;2020-03-01;Primera ola;Confinamiento
2020;03;Aragon;Sandia;94.0;162.99;1.73;2.08;0.07;0.13;2020-03-01;Primera ola;Confinamiento
2020;03;Aragon;Ciruelas;33.97;80.28;2.36;10.62;0.03;0.06;2020-03-01;Primera ola;Confinamiento
2020;03;Aragon;Cerezas;0.0;0.0;0.0;0.0;0.0;0.0;2020-03-01;Primera ola;Confinamiento
2020;03;Aragon;Uvas;117.11;310.85;2.65;14.67;0.09;0.25;2020-03-01;Primera ola;Confinamiento
2020;03;Aragon;Kiwi;378.38;1071.34;2.83;39.18;0.3;0.85;2020-03-01;Primera ola;Confinamiento
2020;03;Aragon;Aguacate;163.96;665.27;4.06;29.28;0.13;0.53;2020-03-01;Primera ola;Confinamiento
2020;03;Aragon;Piña;182.46;309.81;1.7;14.31;0.14;0.25;2020-03-01;Primera ola;Confinamiento
2020;03;Aragon;Otras frutas frescas;270.25;826.12;3.06;25.46;0.21;0.66;2020-03-01;Primera ola;Confinamiento
2020;03;Aragon;Pomelo;7.89;16.74;2.12;2.07;0.01;0.01;2020-03-01;Primera ola;Confinamiento
2020;03;Aragon;Chirimoya;0.0;0.0;0.0;0.0;0.0;0.0;2020-03-01;Primera ola;Confinamiento
2020;03;Aragon;Mango;114.47;263.7;2.3;18.24;0.09;0.21;2020-03-01;Primera ola;Confinamiento
2020;03;Aragon;Frutas iv gama;650.63;1183.91;1.82;29.12;0.52;0.94;2020-03-01;Primera ola;Confinamiento
2020;03;Asturias;Frutas frescas;10655.87;17360.63;1.63;98.78;10.4;16.95;2020-03-01;Primera ola;Confinamiento
2020;03;Asturias;Naranjas;3266.37;3037.95;0.93;80.24;3.19;2.97;2020-03-01;Primera ola;Confinamiento
2020;03;Asturias;Mandarinas;965.89;1828.72;1.89;63.49;0.94;1.79;2020-03-01;Primera ola;Confinamiento
2020;03;Asturias;Limones;247.5;379.07;1.53;37.5;0.24;0.37;2020-03-01;Primera ola;Confinamiento
2020;03;Asturias;Platanos;1901.36;2892.53;1.52;94.1;1.86;2.82;2020-03-01;Primera ola;Confinamiento
2020;03;Asturias;Manzanas;1521.85;2288.63;1.5;76.8;1.49;2.23;2020-03-01;Primera ola;Confinamiento
2020;03;Asturias;Peras;466.29;795.9;1.71;54.32;0.46;0.78;2020-03-01;Primera ola;Confinamiento
2020;03;Asturias;Melocotones;0.0;0.0;0.0;0.0;0.0;0.0;2020-03-01;Primera ola;Confinamiento
2020;03;Asturias;Nectarinas;13.93;58.73;4.22;2.67;0.01;0.06;2020-03-01;Primera ola;Confinamiento
2020;03;Asturias;Albaricoques;0.0;0.0;0.0;0.0;0.0;0.0;2020-03-01;Primera ola;Confinamiento
2020;03;Asturias;Fresas/freson;1021.27;2633.22;2.58;76.13;1.0;2.57;2020-03-01;Primera ola;Confinamiento
2020;03;Asturias;Melon;200.1;381.13;1.9;14.26;0.2;0.37;2020-03-01;Primera ola;Confinamiento
2020;03;Asturias;Sandia;35.48;63.98;1.8;4.99;0.03;0.06;2020-03-01;Primera ola;Confinamiento
2020;03;Asturias;Ciruelas;28.09;106.0;3.77;10.08;0.03;0.1;2020-03-01;Primera ola;Confinamiento
2020;03;Asturias;Cerezas;0.0;0.0;0.0;0.0;0.0;0.0;2020-03-01;Primera ola;Confinamiento
2020;03;Asturias;Uvas;75.85;332.84;4.39;11.83;0.07;0.32;2020-03-01;Primera ola;Confinamiento
2020;03;Asturias;Kiwi;354.44;1010.84;2.85;41.97;0.35;0.99;2020-03-01;Primera ola;Confinamiento
2020;03;Asturias;Aguacate;130.31;516.68;3.97;30.25;0.13;0.5;2020-03-01;Primera ola;Confinamiento
2020;03;Asturias;Piña;186.4;329.77;1.77;15.37;0.18;0.32;2020-03-01;Primera ola;Confinamiento
2020;03;Asturias;Otras frutas frescas;240.76;704.66;2.93;30.89;0.24;0.69;2020-03-01;Primera ola;Confinamiento
2020;03;Asturias;Pomelo;46.83;87.87;1.88;7.21;0.05;0.09;2020-03-01;Primera ola;Confinamiento
2020;03;Asturias;Chirimoya;0.0;0.0;0.0;0.0;0.0;0.0;2020-03-01;Primera ola;Confinamiento
2020;03;Asturias;Mango;112.91;308.98;2.74;12.82;0.11;0.3;2020-03-01;Primera ola;Confinamiento
2020;03;Asturias;Frutas iv gama;381.77;625.21;1.64;27.7;0.37;0.61;2020-03-01;Primera ola;Confinamiento
2020;03;Baleares;Frutas frescas;9157.54;16649.6;1.82;97.79;8.96;16.29;2020-03-01;Primera ola;Confinamiento
2020;03;Baleares;Naranjas;2489.03;2627.45;1.06;53.62;2.44;2.57;2020-03-01;Primera ola;Confinamiento
2020;03;Baleares;Mandarinas;605.08;1227.73;2.03;42.95;0.59;1.2;2020-03-01;Primera ola;Confinamiento
2020;03;Baleares;Limones;213.25;311.86;1.46;29.71;0.21;0.31;2020-03-01;Primera ola;Confinamiento
2020;03;Baleares;Platanos;1899.18;2992.57;1.58;90.21;1.86;2.93;2020-03-01;Primera ola;Confinamiento
2020;03;Baleares;Manzanas;1380.75;2243.97;1.63;80.78;1.35;2.2;2020-03-01;Primera ola;Confinamiento
2020;03;Baleares;Peras;605.66;1065.09;1.76;50.57;0.59;1.04;2020-03-01;Primera ola;Confinamiento
2020;03;Baleares;Melocotones;6.88;8.85;1.29;1.1;0.01;0.01;2020-03-01;Primera ola;Confinamiento
2020;03;Baleares;Nectarinas;13.48;21.9;1.63;2.95;0.01;0.02;2020-03-01;Primera ola;Confinamiento
2020;03;Baleares;Albaricoques;6.08;15.86;2.61;2.1;0.01;0.02;2020-03-01;Primera ola;Confinamiento
2020;03;Baleares;Fresas/freson;738.22;2270.12;3.08;69.36;0.72;2.22;2020-03-01;Primera ola;Confinamiento
2020;03;Baleares;Melon;225.13;502.39;2.23;13.76;0.22;0.49;2020-03-01;Primera ola;Confinamiento
2020;03;Baleares;Sandia;47.73;78.58;1.65;4.32;0.05;0.08;2020-03-01;Primera ola;Confinamiento
2020;03;Baleares;Ciruelas;39.35;134.83;3.43;10.52;0.04;0.13;2020-03-01;Primera ola;Confinamiento
2020;03;Baleares;Cerezas;14.49;18.71;1.29;1.36;0.01;0.02;2020-03-01;Primera ola;Confinamiento
2020;03;Baleares;Uvas;118.05;533.53;4.52;17.61;0.12;0.52;2020-03-01;Primera ola;Confinamiento
2020;03;Baleares;Kiwi;310.96;1072.35;3.45;39.04;0.3;1.05;2020-03-01;Primera ola;Confinamiento
2020;03;Baleares;Aguacate;149.29;703.38;4.71;34.92;0.15;0.69;2020-03-01;Primera ola;Confinamiento
2020;03;Baleares;Piña;102.0;159.31;1.56;14.22;0.1;0.16;2020-03-01;Primera ola;Confinamiento
2020;03;Baleares;Otras frutas frescas;192.92;661.11;3.43;27.15;0.19;0.65;2020-03-01;Primera ola;Confinamiento
2020;03;Baleares;Pomelo;13.61;23.8;1.75;0.72;0.01;0.02;2020-03-01;Primera ola;Confinamiento
2020;03;Baleares;Chirimoya;0.0;0.0;0.0;0.0;0.0;0.0;2020-03-01;Primera ola;Confinamiento
2020;03;Baleares;Mango;108.0;285.61;2.64;15.31;0.11;0.28;2020-03-01;Primera ola;Confinamiento
2020;03;Baleares;Frutas iv gama;507.11;1036.09;2.04;28.75;0.5;1.01;2020-03-01;Primera ola;Confinamiento
2020;03;Canarias;Frutas frescas;18795.62;32002.43;1.7;98.64;8.76;14.92;2020-03-01;Primera ola;Confinamiento
2020;03;Canarias;Naranjas;4189.71;4108.56;0.98;60.27;1.95;1.92;2020-03-01;Primera ola;Confinamiento
2020;03;Canarias;Mandarinas;2128.72;3754.08;1.76;57.13;0.99;1.75;2020-03-01;Primera ola;Confinamiento
2020;03;Canarias;Limones;699.63;1078.82;1.54;42.81;0.33;0.5;2020-03-01;Primera ola;Confinamiento
2020;03;Canarias;Platanos;3754.61;5222.52;1.39;83.51;1.75;2.43;2020-03-01;Primera ola;Confinamiento
2020;03;Canarias;Manzanas;2264.47;3529.39;1.56;77.63;1.06;1.65;2020-03-01;Primera ola;Confinamiento
2020;03;Canarias;Peras;1644.42;2803.83;1.71;61.31;0.77;1.31;2020-03-01;Primera ola;Confinamiento
2020;03;Canarias;Melocotones;0.0;0.0;0.0;0.0;0.0;0.0;2020-03-01;Primera ola;Confinamiento
2020;03;Canarias;Nectarinas;45.23;158.12;3.5;5.42;0.02;0.07;2020-03-01;Primera ola;Confinamiento
2020;03;Canarias;Albaricoques;1.01;4.06;4.0;0.26;0.0;0.0;2020-03-01;Primera ola;Confinamiento
2020;03;Canarias;Fresas/freson;882.38;2750.32;3.12;55.5;0.41;1.28;2020-03-01;Primera ola;Confinamiento
2020;03;Canarias;Melon;65.03;173.08;2.66;4.37;0.03;0.08;2020-03-01;Primera ola;Confinamiento
2020;03;Canarias;Sandia;23.13;30.86;1.33;1.67;0.01;0.01;2020-03-01;Primera ola;Confinamiento
2020;03;Canarias;Ciruelas;45.74;203.03;4.44;2.93;0.02;0.09;2020-03-01;Primera ola;Confinamiento
2020;03;Canarias;Cerezas;0.0;0.0;0.0;0.0;0.0;0.0;2020-03-01;Primera ola;Confinamiento
2020;03;Canarias;Uvas;129.71;453.17;3.49;13.69;0.06;0.21;2020-03-01;Primera ola;Confinamiento
2020;03;Canarias;Kiwi;691.52;1634.7;2.36;36.53;0.32;0.76;2020-03-01;Primera ola;Confinamiento
2020;03;Canarias;Aguacate;1004.26;3187.96;3.17;50.4;0.47;1.49;2020-03-01;Primera ola;Confinamiento
2020;03;Canarias;Piña;113.35;166.87;1.47;6.69;0.05;0.08;2020-03-01;Primera ola;Confinamiento
2020;03;Canarias;Otras frutas frescas;1112.69;2743.07;2.47;43.11;0.52;1.28;2020-03-01;Primera ola;Confinamiento
2020;03;Canarias;Pomelo;100.58;197.97;1.97;2.31;0.05;0.09;2020-03-01;Primera ola;Confinamiento
2020;03;Canarias;Chirimoya;0.0;0.0;0.0;0.0;0.0;0.0;2020-03-01;Primera ola;Confinamiento
2020;03;Canarias;Mango;11.13;98.53;8.85;0.9;0.01;0.05;2020-03-01;Primera ola;Confinamiento
2020;03;Canarias;Frutas iv gama;910.33;1472.64;1.62;29.54;0.42;0.69;2020-03-01;Primera ola;Confinamiento
2020;03;Cantabria;Frutas frescas;4349.67;7289.96;1.68;98.22;8.1;13.57;2020-03-01;Primera ola;Confinamiento
2020;03;Cantabria;Naranjas;1372.87;1187.93;0.87;56.13;2.56;2.21;2020-03-01;Primera ola;Confinamiento
2020;03;Cantabria;Mandarinas;482.0;958.19;1.99;64.36;0.9;1.78;2020-03-01;Primera ola;Confinamiento
2020;03;Cantabria;Limones;110.72;188.27;1.7;28.13;0.21;0.35;2020-03-01;Primera ola;Confinamiento
2020;03;Cantabria;Platanos;628.84;997.71;1.59;82.33;1.17;1.86;2020-03-01;Primera ola;Confinamiento
2020;03;Cantabria;Manzanas;649.71;950.62;1.46;72.99;1.21;1.77;2020-03-01;Primera ola;Confinamiento
2020;03;Cantabria;Peras;211.24;336.55;1.59;46.3;0.39;0.63;2020-03-01;Primera ola;Confinamiento
2020;03;Cantabria;Melocotones;6.76;6.71;0.99;2.22;0.01;0.01;2020-03-01;Primera ola;Confinamiento
2020;03;Cantabria;Nectarinas;0.0;0.0;0.0;0.0;0.0;0.0;2020-03-01;Primera ola;Confinamiento
2020;03;Cantabria;Albaricoques;0.0;0.0;0.0;0.0;0.0;0.0;2020-03-01;Primera ola;Confinamiento
2020;03;Cantabria;Fresas/freson;466.9;1288.51;2.76;72.27;0.87;2.4;2020-03-01;Primera ola;Confinamiento
2020;03;Cantabria;Melon;3.01;9.65;3.2;1.09;0.01;0.02;2020-03-01;Primera ola;Confinamiento
2020;03;Cantabria;Sandia;19.29;43.71;2.27;2.44;0.04;0.08;2020-03-01;Primera ola;Confinamiento
2020;03;Cantabria;Ciruelas;13.42;31.62;2.36;6.63;0.02;0.06;2020-03-01;Primera ola;Confinamiento
2020;03;Cantabria;Cerezas;0.0;0.0;0.0;0.0;0.0;0.0;2020-03-01;Primera ola;Confinamiento
2020;03;Cantabria;Uvas;33.42;165.66;4.96;11.79;0.06;0.31;2020-03-01;Primera ola;Confinamiento
2020;03;Cantabria;Kiwi;211.47;663.96;3.14;30.48;0.39;1.24;2020-03-01;Primera ola;Confinamiento
2020;03;Cantabria;Aguacate;64.03;250.09;3.91;21.74;0.12;0.47;2020-03-01;Primera ola;Confinamiento
2020;03;Cantabria;Piña;26.22;38.99;1.49;8.21;0.05;0.07;2020-03-01;Primera ola;Confinamiento
2020;03;Cantabria;Otras frutas frescas;49.79;171.79;3.45;27.49;0.09;0.32;2020-03-01;Primera ola;Confinamiento
2020;03;Cantabria;Pomelo;1.22;2.41;1.98;1.08;0.0;0.0;2020-03-01;Primera ola;Confinamiento
2020;03;Cantabria;Chirimoya;0.0;0.0;0.0;0.0;0.0;0.0;2020-03-01;Primera ola;Confinamiento
2020;03;Cantabria;Mango;27.07;70.86;2.62;11.23;0.05;0.13;2020-03-01;Primera ola;Confinamiento
2020;03;Cantabria;Frutas iv gama;179.91;332.19;1.85;30.46;0.33;0.62;2020-03-01;Primera ola;Confinamiento
2020;03;Castilla la mancha;Frutas frescas;15218.73;24066.17;1.58;94.48;7.61;12.04;2020-03-01;Primera ola;Confinamiento
2020;03;Castilla la mancha;Naranjas;5209.16;5010.87;0.96;74.85;2.61;2.51;2020-03-01;Primera ola;Confinamiento
2020;03;Castilla la mancha;Mandarinas;1501.4;2792.61;1.86;58.78;0.75;1.4;2020-03-01;Primera ola;Confinamiento
2020;03;Castilla la mancha;Limones;403.43;651.84;1.62;41.01;0.2;0.33;2020-03-01;Primera ola;Confinamiento
2020;03;Castilla la mancha;Platanos;2479.66;3848.68;1.55;80.97;1.24;1.92;2020-03-01;Primera ola;Confinamiento
2020;03;Castilla la mancha;Manzanas;1860.65;2753.14;1.48;72.0;0.93;1.38;2020-03-01;Primera ola;Confinamiento
2020;03;Castilla la mancha;Peras;911.4;1511.03;1.66;52.95;0.46;0.76;2020-03-01;Primera ola;Confinamiento
2020;03;Castilla la mancha;Melocotones;0.0;0.0;0.0;0.0;0.0;0.0;2020-03-01;Primera ola;Confinamiento
2020;03;Castilla la mancha;Nectarinas;32.94;45.94;1.39;2.96;0.02;0.02;2020-03-01;Primera ola;Confinamiento
2020;03;Castilla la mancha;Albaricoques;0.0;0.0;0.0;0.0;0.0;0.0;2020-03-01;Primera ola;Confinamiento
2020;03;Castilla la mancha;Fresas/freson;1244.74;3152.09;2.53;63.79;0.62;1.58;2020-03-01;Primera ola;Confinamiento
2020;03;Castilla la mancha;Melon;251.4;498.78;1.98;9.18;0.13;0.25;2020-03-01;Primera ola;Confinamiento
2020;03;Castilla la mancha;Sandia;38.14;65.89;1.73;2.41;0.02;0.03;2020-03-01;Primera ola;Confinamiento
2020;03;Castilla la mancha;Ciruelas;27.96;125.66;4.49;4.43;0.01;0.06;2020-03-01;Primera ola;Confinamiento
2020;03;Castilla la mancha;Cerezas;0.0;0.0;0.0;0.0;0.0;0.0;2020-03-01;Primera ola;Confinamiento
2020;03;Castilla la mancha;Uvas;83.09;362.4;4.36;8.54;0.04;0.18;2020-03-01;Primera ola;Confinamiento
2020;03;Castilla la mancha;Kiwi;500.04;1322.0;2.64;37.07;0.25;0.66;2020-03-01;Primera ola;Confinamiento
2020;03;Castilla la mancha;Aguacate;218.93;838.17;3.83;28.73;0.11;0.42;2020-03-01;Primera ola;Confinamiento
2020;03;Castilla la mancha;Piña;211.58;375.91;1.78;17.53;0.11;0.19;2020-03-01;Primera ola;Confinamiento
2020;03;Castilla la mancha;Otras frutas frescas;244.21;711.17;2.91;23.78;0.12;0.36;2020-03-01;Primera ola;Confinamiento
2020;03;Castilla la mancha;Pomelo;15.09;23.64;1.57;2.47;0.01;0.01;2020-03-01;Primera ola;Confinamiento
2020;03;Castilla la mancha;Chirimoya;0.0;0.0;0.0;0.0;0.0;0.0;2020-03-01;Primera ola;Confinamiento
2020;03;Castilla la mancha;Mango;143.05;378.2;2.64;13.9;0.07;0.19;2020-03-01;Primera ola;Confinamiento
2020;03;Castilla la mancha;Frutas iv gama;606.41;1230.72;2.03;22.83;0.3;0.62;2020-03-01;Primera ola;Confinamiento
2020;03;Castilla leon;Frutas frescas;21915.57;33389.35;1.52;97.69;9.56;14.57;2020-03-01;Primera ola;Confinamiento
2020;03;Castilla leon;Naranjas;7481.03;7375.61;0.99;75.97;3.26;3.22;2020-03-01;Primera ola;Confinamiento
2020;03;Castilla leon;Mandarinas;1918.45;3273.34;1.71;63.06;0.84;1.43;2020-03-01;Primera ola;Confinamiento
2020;03;Castilla leon;Limones;618.52;1003.88;1.62;47.77;0.27;0.44;2020-03-01;Primera ola;Confinamiento
2020;03;Castilla leon;Platanos;3244.27;5143.74;1.59;85.85;1.42;2.24;2020-03-01;Primera ola;Confinamiento
2020;03;Castilla leon;Manzanas;3131.39;4247.4;1.36;79.3;1.37;1.85;2020-03-01;Primera ola;Confinamiento
2020;03;Castilla leon;Peras;1644.11;2471.07;1.5;63.95;0.72;1.08;2020-03-01;Primera ola;Confinamiento
2020;03;Castilla leon;Melocotones;4.47;6.8;1.52;0.18;0.0;0.0;2020-03-01;Primera ola;Confinamiento
2020;03;Castilla leon;Nectarinas;46.31;78.89;1.7;3.26;0.02;0.03;2020-03-01;Primera ola;Confinamiento
2020;03;Castilla leon;Albaricoques;2.76;5.23;1.89;0.35;0.0;0.0;2020-03-01;Primera ola;Confinamiento
2020;03;Castilla leon;Fresas/freson;1444.94;3634.49;2.52;64.31;0.63;1.59;2020-03-01;Primera ola;Confinamiento
2020;03;Castilla leon;Melon;435.24;751.99;1.73;10.66;0.19;0.33;2020-03-01;Primera ola;Confinamiento
2020;03;Castilla leon;Sandia;95.33;157.3;1.65;3.94;0.04;0.07;2020-03-01;Primera ola;Confinamiento
2020;03;Castilla leon;Ciruelas;37.62;102.81;2.73;5.61;0.02;0.04;2020-03-01;Primera ola;Confinamiento
2020;03;Castilla leon;Cerezas;7.01;12.85;1.83;0.66;0.0;0.01;2020-03-01;Primera ola;Confinamiento
2020;03;Castilla leon;Uvas;91.03;393.59;4.32;9.0;0.04;0.17;2020-03-01;Primera ola;Confinamiento
2020;03;Castilla leon;Kiwi;780.03;1993.05;2.56;41.57;0.34;0.87;2020-03-01;Primera ola;Confinamiento
2020;03;Castilla leon;Aguacate;261.8;989.66;3.78;26.9;0.11;0.43;2020-03-01;Primera ola;Confinamiento
2020;03;Castilla leon;Piña;347.25;563.77;1.62;16.07;0.15;0.25;2020-03-01;Primera ola;Confinamiento
2020;03;Castilla leon;Otras frutas frescas;324.0;1183.89;3.65;22.42;0.14;0.52;2020-03-01;Primera ola;Confinamiento
2020;03;Castilla leon;Pomelo;30.87;51.35;1.66;1.49;0.01;0.02;2020-03-01;Primera ola;Confinamiento
2020;03;Castilla leon;Chirimoya;0.0;0.0;0.0;0.0;0.0;0.0;2020-03-01;Primera ola;Confinamiento
2020;03;Castilla leon;Mango;116.75;323.35;2.77;7.65;0.05;0.14;2020-03-01;Primera ola;Confinamiento
2020;03;Castilla leon;Frutas iv gama;1305.4;2411.91;1.85;36.28;0.57;1.05;2020-03-01;Primera ola;Confinamiento
2020;03;Cataluña;Frutas frescas;61118.68;108691.72;1.78;96.54;8.85;15.74;2020-03-01;Primera ola;Confinamiento
2020;03;Cataluña;Naranjas;18011.14;18936.36;1.05;67.57;2.61;2.74;2020-03-01;Primera ola;Confinamiento
2020;03;Cataluña;Mandarinas;5844.76;12309.92;2.11;60.02;0.85;1.78;2020-03-01;Primera ola;Confinamiento
2020;03;Cataluña;Limones;1899.87;3392.41;1.79;41.91;0.28;0.49;2020-03-01;Primera ola;Confinamiento
2020;03;Cataluña;Platanos;9789.6;16339.25;1.67;86.32;1.42;2.37;2020-03-01;Primera ola;Confinamiento
2020;03;Cataluña;Manzanas;9151.38;13877.42;1.52;76.87;1.32;2.01;2020-03-01;Primera ola;Confinamiento
2020;03;Cataluña;Peras;3788.64;6680.39;1.76;51.19;0.55;0.97;2020-03-01;Primera ola;Confinamiento
2020;03;Cataluña;Melocotones;17.83;49.41;2.77;1.06;0.0;0.01;2020-03-01;Primera ola;Confinamiento
2020;03;Cataluña;Nectarinas;38.75;65.24;1.68;0.98;0.01;0.01;2020-03-01;Primera ola;Confinamiento
2020;03;Cataluña;Albaricoques;35.05;84.09;2.4;1.35;0.01;0.01;2020-03-01;Primera ola;Confinamiento
2020;03;Cataluña;Fresas/freson;4794.05;13731.71;2.86;64.79;0.69;1.99;2020-03-01;Primera ola;Confinamiento
2020;03;Cataluña;Melon;1161.82;2527.62;2.18;13.1;0.17;0.37;2020-03-01;Primera ola;Confinamiento
2020;03;Cataluña;Sandia;273.24;406.48;1.49;3.34;0.04;0.06;2020-03-01;Primera ola;Confinamiento
2020;03;Cataluña;Ciruelas;171.81;533.41;3.1;6.78;0.02;0.08;2020-03-01;Primera ola;Confinamiento
2020;03;Cataluña;Cerezas;9.48;50.06;5.28;0.67;0.0;0.01;2020-03-01;Primera ola;Confinamiento
2020;03;Cataluña;Uvas;713.77;3277.9;4.59;15.55;0.1;0.47;2020-03-01;Primera ola;Confinamiento
2020;03;Cataluña;Kiwi;2035.44;6032.16;2.96;40.28;0.29;0.87;2020-03-01;Primera ola;Confinamiento
2020;03;Cataluña;Aguacate;865.51;3847.96;4.45;31.09;0.13;0.56;2020-03-01;Primera ola;Confinamiento
2020;03;Cataluña;Piña;1263.27;2267.08;1.79;22.19;0.18;0.33;2020-03-01;Primera ola;Confinamiento
2020;03;Cataluña;Otras frutas frescas;1253.28;4282.83;3.42;29.19;0.18;0.62;2020-03-01;Primera ola;Confinamiento
2020;03;Cataluña;Pomelo;186.15;312.8;1.68;3.06;0.03;0.05;2020-03-01;Primera ola;Confinamiento
2020;03;Cataluña;Chirimoya;0.0;0.0;0.0;0.0;0.0;0.0;2020-03-01;Primera ola;Confinamiento
2020;03;Cataluña;Mango;487.37;1607.92;3.3;13.34;0.07;0.23;2020-03-01;Primera ola;Confinamiento
2020;03;Cataluña;Frutas iv gama;2899.33;6039.34;2.08;34.46;0.42;0.87;2020-03-01;Primera ola;Confinamiento
2020;03;Extremadura;Frutas frescas;8204.31;12676.36;1.55;96.4;7.32;11.31;2020-03-01;Primera ola;Confinamiento
2020;03;Extremadura;Naranjas;2544.49;2473.34;0.97;62.52;2.27;2.21;2020-03-01;Primera ola;Confinamiento
2020;03;Extremadura;Mandarinas;647.04;1111.39;1.72;62.32;0.58;0.99;2020-03-01;Primera ola;Confinamiento
2020;03;Extremadura;Limones;135.77;227.06;1.67;22.95;0.12;0.2;2020-03-01;Primera ola;Confinamiento
2020;03;Extremadura;Platanos;1655.69;2404.22;1.45;89.5;1.48;2.14;2020-03-01;Primera ola;Confinamiento
2020;03;Extremadura;Manzanas;1009.79;1477.03;1.46;73.0;0.9;1.32;2020-03-01;Primera ola;Confinamiento
2020;03;Extremadura;Peras;636.64;989.1;1.55;63.96;0.57;0.88;2020-03-01;Primera ola;Confinamiento
2020;03;Extremadura;Melocotones;6.89;12.06;1.75;1.86;0.01;0.01;2020-03-01;Primera ola;Confinamiento
2020;03;Extremadura;Nectarinas;104.11;115.26;1.11;1.66;0.09;0.1;2020-03-01;Primera ola;Confinamiento
2020;03;Extremadura;Albaricoques;2.28;2.94;1.29;0.53;0.0;0.0;2020-03-01;Primera ola;Confinamiento
2020;03;Extremadura;Fresas/freson;588.62;1582.73;2.69;59.87;0.53;1.41;2020-03-01;Primera ola;Confinamiento
2020;03;Extremadura;Melon;70.38;143.18;2.03;6.0;0.06;0.13;2020-03-01;Primera ola;Confinamiento
2020;03;Extremadura;Sandia;60.3;90.35;1.5;4.84;0.05;0.08;2020-03-01;Primera ola;Confinamiento
2020;03;Extremadura;Ciruelas;25.3;73.61;2.91;7.55;0.02;0.07;2020-03-01;Primera ola;Confinamiento
2020;03;Extremadura;Cerezas;0.0;0.0;0.0;0.0;0.0;0.0;2020-03-01;Primera ola;Confinamiento
2020;03;Extremadura;Uvas;63.69;227.73;3.58;13.43;0.06;0.2;2020-03-01;Primera ola;Confinamiento
2020;03;Extremadura;Kiwi;300.36;741.58;2.47;42.29;0.27;0.66;2020-03-01;Primera ola;Confinamiento
2020;03;Extremadura;Aguacate;119.01;416.58;3.5;31.9;0.11;0.37;2020-03-01;Primera ola;Confinamiento
2020;03;Extremadura;Piña;68.13;121.17;1.78;10.76;0.06;0.11;2020-03-01;Primera ola;Confinamiento
2020;03;Extremadura;Otras frutas frescas;165.8;467.04;2.82;33.15;0.15;0.42;2020-03-01;Primera ola;Confinamiento
2020;03;Extremadura;Pomelo;18.91;47.78;2.53;5.01;0.02;0.04;2020-03-01;Primera ola;Confinamiento
2020;03;Extremadura;Chirimoya;0.0;0.0;0.0;0.0;0.0;0.0;2020-03-01;Primera ola;Confinamiento
2020;03;Extremadura;Mango;95.33;240.7;2.52;18.1;0.09;0.21;2020-03-01;Primera ola;Confinamiento
2020;03;Extremadura;Frutas iv gama;645.96;1035.72;1.6;20.48;0.58;0.92;2020-03-01;Primera ola;Confinamiento
2020;03;Galicia;Frutas frescas;25376.01;42339.4;1.67;98.01;9.77;16.31;2020-03-01;Primera ola;Confinamiento
2020;03;Galicia;Naranjas;7397.29;7280.19;0.98;67.41;2.85;2.8;2020-03-01;Primera ola;Confinamiento
2020;03;Galicia;Mandarinas;2199.67;4433.19;2.02;60.96;0.85;1.71;2020-03-01;Primera ola;Confinamiento
2020;03;Galicia;Limones;710.95;1099.55;1.55;35.77;0.27;0.42;2020-03-01;Primera ola;Confinamiento
2020;03;Galicia;Platanos;4247.91;6812.24;1.6;89.51;1.64;2.62;2020-03-01;Primera ola;Confinamiento
2020;03;Galicia;Manzanas;4349.1;6238.98;1.43;78.06;1.68;2.4;2020-03-01;Primera ola;Confinamiento
2020;03;Galicia;Peras;1489.32;2500.55;1.68;46.05;0.57;0.96;2020-03-01;Primera ola;Confinamiento
2020;03;Galicia;Melocotones;0.0;0.0;0.0;0.0;0.0;0.0;2020-03-01;Primera ola;Confinamiento
2020;03;Galicia;Nectarinas;22.58;83.68;3.71;1.63;0.01;0.03;2020-03-01;Primera ola;Confinamiento
2020;03;Galicia;Albaricoques;19.3;28.18;1.46;1.03;0.01;0.01;2020-03-01;Primera ola;Confinamiento
2020;03;Galicia;Fresas/freson;1638.89;4685.41;2.86;62.27;0.63;1.8;2020-03-01;Primera ola;Confinamiento
2020;03;Galicia;Melon;341.3;601.95;1.76;7.35;0.13;0.23;2020-03-01;Primera ola;Confinamiento
2020;03;Galicia;Sandia;79.13;151.1;1.91;2.71;0.03;0.06;2020-03-01;Primera ola;Confinamiento
2020;03;Galicia;Ciruelas;125.54;419.38;3.34;10.07;0.05;0.16;2020-03-01;Primera ola;Confinamiento
2020;03;Galicia;Cerezas;3.15;5.01;1.59;0.26;0.0;0.0;2020-03-01;Primera ola;Confinamiento
2020;03;Galicia;Uvas;204.35;811.72;3.97;14.73;0.08;0.31;2020-03-01;Primera ola;Confinamiento
2020;03;Galicia;Kiwi;1063.11;2740.76;2.58;45.77;0.41;1.06;2020-03-01;Primera ola;Confinamiento
2020;03;Galicia;Aguacate;348.16;1551.37;4.46;26.32;0.13;0.6;2020-03-01;Primera ola;Confinamiento
2020;03;Galicia;Piña;583.39;895.53;1.54;15.18;0.22;0.34;2020-03-01;Primera ola;Confinamiento
2020;03;Galicia;Otras frutas frescas;552.88;2000.59;3.62;30.4;0.21;0.77;2020-03-01;Primera ola;Confinamiento
2020;03;Galicia;Pomelo;73.7;107.62;1.46;2.76;0.03;0.04;2020-03-01;Primera ola;Confinamiento
2020;03;Galicia;Chirimoya;0.0;0.0;0.0;0.0;0.0;0.0;2020-03-01;Primera ola;Confinamiento
2020;03;Galicia;Mango;167.44;470.06;2.81;10.29;0.06;0.18;2020-03-01;Primera ola;Confinamiento
2020;03;Galicia;Frutas iv gama;761.42;1401.71;1.84;24.55;0.29;0.54;2020-03-01;Primera ola;Confinamiento
2020;03;La rioja;Frutas frescas;2339.27;3891.79;1.66;97.63;7.62;12.68;2020-03-01;Primera ola;Confinamiento
2020;03;La rioja;Naranjas;689.7;738.26;1.07;69.36;2.25;2.41;2020-03-01;Primera ola;Confinamiento
2020;03;La rioja;Mandarinas;323.61;574.46;1.78;59.72;1.05;1.87;2020-03-01;Primera ola;Confinamiento
2020;03;La rioja;Limones;93.45;160.42;1.72;47.37;0.3;0.52;2020-03-01;Primera ola;Confinamiento
2020;03;La rioja;Platanos;443.09;728.25;1.64;85.9;1.44;2.37;2020-03-01;Primera ola;Confinamiento
2020;03;La rioja;Manzanas;254.83;374.52;1.47;80.62;0.83;1.22;2020-03-01;Primera ola;Confinamiento
2020;03;La rioja;Peras;103.91;155.37;1.5;40.06;0.34;0.51;2020-03-01;Primera ola;Confinamiento
2020;03;La rioja;Melocotones;0.0;0.0;0.0;0.0;0.0;0.0;2020-03-01;Primera ola;Confinamiento
2020;03;La rioja;Nectarinas;0.0;0.0;0.0;0.0;0.0;0.0;2020-03-01;Primera ola;Confinamiento
2020;03;La rioja;Albaricoques;0.0;0.0;0.0;0.0;0.0;0.0;2020-03-01;Primera ola;Confinamiento
2020;03;La rioja;Fresas/freson;221.3;613.17;2.77;61.29;0.72;2.0;2020-03-01;Primera ola;Confinamiento
2020;03;La rioja;Melon;9.74;26.19;2.69;4.11;0.03;0.09;2020-03-01;Primera ola;Confinamiento
2020;03;La rioja;Sandia;3.12;8.75;2.8;1.91;0.01;0.03;2020-03-01;Primera ola;Confinamiento
2020;03;La rioja;Ciruelas;6.79;22.08;3.25;6.13;0.02;0.07;2020-03-01;Primera ola;Confinamiento
2020;03;La rioja;Cerezas;0.0;0.0;0.0;0.0;0.0;0.0;2020-03-01;Primera ola;Confinamiento
2020;03;La rioja;Uvas;1.47;16.79;11.4;4.27;0.0;0.05;2020-03-01;Primera ola;Confinamiento
2020;03;La rioja;Kiwi;93.88;228.54;2.43;34.56;0.31;0.74;2020-03-01;Primera ola;Confinamiento
2020;03;La rioja;Aguacate;14.86;83.28;5.6;21.5;0.05;0.27;2020-03-01;Primera ola;Confinamiento
2020;03;La rioja;Piña;58.44;106.58;1.82;28.7;0.19;0.35;2020-03-01;Primera ola;Confinamiento
2020;03;La rioja;Otras frutas frescas;21.07;55.14;2.62;15.57;0.07;0.18;2020-03-01;Primera ola;Confinamiento
2020;03;La rioja;Pomelo;0.0;0.0;0.0;0.0;0.0;0.0;2020-03-01;Primera ola;Confinamiento
2020;03;La rioja;Chirimoya;0.0;0.0;0.0;0.0;0.0;0.0;2020-03-01;Primera ola;Confinamiento
2020;03;La rioja;Mango;1.56;3.82;2.45;1.56;0.01;0.01;2020-03-01;Primera ola;Confinamiento
2020;03;La rioja;Frutas iv gama;64.38;107.93;1.68;26.67;0.21;0.35;2020-03-01;Primera ola;Confinamiento
2020;03;Madrid;Frutas frescas;52243.97;91512.44;1.75;97.21;8.58;15.03;2020-03-01;Primera ola;Confinamiento
2020;03;Madrid;Naranjas;14898.62;15466.31;1.04;69.61;2.45;2.54;2020-03-01;Primera ola;Confinamiento
2020;03;Madrid;Mandarinas;5771.45;11444.71;1.98;63.27;0.95;1.88;2020-03-01;Primera ola;Confinamiento
2020;03;Madrid;Limones;1569.85;2622.85;1.67;43.33;0.26;0.43;2020-03-01;Primera ola;Confinamiento
2020;03;Madrid;Platanos;7801.22;12547.67;1.61;85.67;1.28;2.06;2020-03-01;Primera ola;Confinamiento
2020;03;Madrid;Manzanas;6698.27;10812.98;1.61;77.35;1.1;1.78;2020-03-01;Primera ola;Confinamiento
2020;03;Madrid;Peras;3650.72;6405.44;1.75;57.41;0.6;1.05;2020-03-01;Primera ola;Confinamiento
2020;03;Madrid;Melocotones;29.27;166.92;5.7;0.49;0.0;0.03;2020-03-01;Primera ola;Confinamiento
2020;03;Madrid;Nectarinas;62.59;94.25;1.51;1.93;0.01;0.02;2020-03-01;Primera ola;Confinamiento
2020;03;Madrid;Albaricoques;6.87;7.71;1.12;0.26;0.0;0.0;2020-03-01;Primera ola;Confinamiento
2020;03;Madrid;Fresas/freson;4243.04;11257.98;2.65;66.53;0.7;1.85;2020-03-01;Primera ola;Confinamiento
2020;03;Madrid;Melon;934.14;1521.28;1.63;11.87;0.15;0.25;2020-03-01;Primera ola;Confinamiento
2020;03;Madrid;Sandia;295.0;354.32;1.2;4.78;0.05;0.06;2020-03-01;Primera ola;Confinamiento
2020;03;Madrid;Ciruelas;270.88;831.31;3.07;10.95;0.04;0.14;2020-03-01;Primera ola;Confinamiento
2020;03;Madrid;Cerezas;22.53;36.92;1.64;0.87;0.0;0.01;2020-03-01;Primera ola;Confinamiento
2020;03;Madrid;Uvas;444.76;2016.87;4.53;15.84;0.07;0.33;2020-03-01;Primera ola;Confinamiento
2020;03;Madrid;Kiwi;2113.34;5931.69;2.81;41.91;0.35;0.97;2020-03-01;Primera ola;Confinamiento
2020;03;Madrid;Aguacate;809.96;3100.19;3.83;33.03;0.13;0.51;2020-03-01;Primera ola;Confinamiento
2020;03;Madrid;Piña;1327.04;2445.34;1.84;21.73;0.22;0.4;2020-03-01;Primera ola;Confinamiento
2020;03;Madrid;Otras frutas frescas;1294.42;4447.69;3.44;29.76;0.21;0.73;2020-03-01;Primera ola;Confinamiento
2020;03;Madrid;Pomelo;118.88;267.37;2.25;2.92;0.02;0.04;2020-03-01;Primera ola;Confinamiento
2020;03;Madrid;Chirimoya;0.0;0.0;0.0;0.0;0.0;0.0;2020-03-01;Primera ola;Confinamiento
2020;03;Madrid;Mango;547.48;1577.92;2.88;14.63;0.09;0.26;2020-03-01;Primera ola;Confinamiento
2020;03;Madrid;Frutas iv gama;2560.71;4744.97;1.85;35.97;0.42;0.78;2020-03-01;Primera ola;Confinamiento
2020;03;Murcia;Frutas frescas;9698.09;15905.34;1.64;97.73;6.98;11.46;2020-03-01;Primera ola;Confinamiento
2020;03;Murcia;Naranjas;2440.52;2478.61;1.02;52.59;1.76;1.79;2020-03-01;Primera ola;Confinamiento
2020;03;Murcia;Mandarinas;647.7;1138.51;1.76;40.45;0.47;0.82;2020-03-01;Primera ola;Confinamiento
2020;03;Murcia;Limones;368.47;528.63;1.43;32.29;0.27;0.38;2020-03-01;Primera ola;Confinamiento
2020;03;Murcia;Platanos;2051.73;2910.03;1.42;83.84;1.48;2.1;2020-03-01;Primera ola;Confinamiento
2020;03;Murcia;Manzanas;1503.32;2370.21;1.58;77.96;1.08;1.71;2020-03-01;Primera ola;Confinamiento
2020;03;Murcia;Peras;732.58;1154.9;1.58;49.64;0.53;0.83;2020-03-01;Primera ola;Confinamiento
2020;03;Murcia;Melocotones;0.0;0.0;0.0;0.0;0.0;0.0;2020-03-01;Primera ola;Confinamiento
2020;03;Murcia;Nectarinas;8.41;8.41;1.0;0.83;0.01;0.01;2020-03-01;Primera ola;Confinamiento
2020;03;Murcia;Albaricoques;0.0;0.0;0.0;0.0;0.0;0.0;2020-03-01;Primera ola;Confinamiento
2020;03;Murcia;Fresas/freson;850.15;2244.18;2.64;70.98;0.61;1.62;2020-03-01;Primera ola;Confinamiento
2020;03;Murcia;Melon;45.88;100.74;2.2;4.07;0.03;0.07;2020-03-01;Primera ola;Confinamiento
2020;03;Murcia;Sandia;40.02;67.63;1.69;3.03;0.03;0.05;2020-03-01;Primera ola;Confinamiento
2020;03;Murcia;Ciruelas;24.25;68.16;2.81;3.79;0.02;0.05;2020-03-01;Primera ola;Confinamiento
2020;03;Murcia;Cerezas;0.0;0.0;0.0;0.0;0.0;0.0;2020-03-01;Primera ola;Confinamiento
2020;03;Murcia;Uvas;66.83;304.92;4.56;12.09;0.05;0.22;2020-03-01;Primera ola;Confinamiento
2020;03;Murcia;Kiwi;298.23;888.43;2.98;36.87;0.21;0.64;2020-03-01;Primera ola;Confinamiento
2020;03;Murcia;Aguacate;161.84;641.03;3.96;32.77;0.12;0.46;2020-03-01;Primera ola;Confinamiento
2020;03;Murcia;Piña;245.57;393.5;1.6;14.59;0.18;0.28;2020-03-01;Primera ola;Confinamiento
2020;03;Murcia;Otras frutas frescas;212.56;607.44;2.86;24.94;0.15;0.44;2020-03-01;Primera ola;Confinamiento
2020;03;Murcia;Pomelo;19.78;33.71;1.7;2.28;0.01;0.02;2020-03-01;Primera ola;Confinamiento
2020;03;Murcia;Chirimoya;0.0;0.0;0.0;0.0;0.0;0.0;2020-03-01;Primera ola;Confinamiento
2020;03;Murcia;Mango;101.9;269.34;2.64;15.58;0.07;0.19;2020-03-01;Primera ola;Confinamiento
2020;03;Murcia;Frutas iv gama;534.11;1010.76;1.89;32.4;0.38;0.73;2020-03-01;Primera ola;Confinamiento
2020;03;Navarra;Frutas frescas;5150.87;8875.12;1.72;96.53;8.97;15.45;2020-03-01;Primera ola;Confinamiento
2020;03;Navarra;Naranjas;1613.43;1775.1;1.1;62.45;2.81;3.09;2020-03-01;Primera ola;Confinamiento
2020;03;Navarra;Mandarinas;584.2;1123.13;1.92;74.98;1.02;1.96;2020-03-01;Primera ola;Confinamiento
2020;03;Navarra;Limones;166.09;266.73;1.61;51.77;0.29;0.46;2020-03-01;Primera ola;Confinamiento
2020;03;Navarra;Platanos;831.13;1430.85;1.72;83.13;1.45;2.49;2020-03-01;Primera ola;Confinamiento
2020;03;Navarra;Manzanas;745.04;1082.03;1.45;65.97;1.3;1.88;2020-03-01;Primera ola;Confinamiento
2020;03;Navarra;Peras;178.41;278.98;1.56;30.31;0.31;0.49;2020-03-01;Primera ola;Confinamiento
2020;03;Navarra;Melocotones;5.71;7.35;1.29;1.71;0.01;0.01;2020-03-01;Primera ola;Confinamiento
2020;03;Navarra;Nectarinas;2.29;7.44;3.25;0.61;0.0;0.01;2020-03-01;Primera ola;Confinamiento
2020;03;Navarra;Albaricoques;0.0;0.0;0.0;0.0;0.0;0.0;2020-03-01;Primera ola;Confinamiento
2020;03;Navarra;Fresas/freson;427.97;1146.36;2.68;64.24;0.75;2.0;2020-03-01;Primera ola;Confinamiento
2020;03;Navarra;Melon;10.2;22.92;2.25;2.86;0.02;0.04;2020-03-01;Primera ola;Confinamiento
2020;03;Navarra;Sandia;50.63;63.64;1.26;1.45;0.09;0.11;2020-03-01;Primera ola;Confinamiento
2020;03;Navarra;Ciruelas;15.96;56.42;3.53;3.57;0.03;0.1;2020-03-01;Primera ola;Confinamiento
2020;03;Navarra;Cerezas;8.71;7.75;0.89;2.13;0.02;0.01;2020-03-01;Primera ola;Confinamiento
2020;03;Navarra;Uvas;17.84;90.7;5.09;10.91;0.03;0.16;2020-03-01;Primera ola;Confinamiento
2020;03;Navarra;Kiwi;246.08;726.11;2.95;53.09;0.43;1.26;2020-03-01;Primera ola;Confinamiento
2020;03;Navarra;Aguacate;110.56;411.73;3.72;42.07;0.19;0.72;2020-03-01;Primera ola;Confinamiento
2020;03;Navarra;Piña;55.64;116.35;2.09;18.35;0.1;0.2;2020-03-01;Primera ola;Confinamiento
2020;03;Navarra;Otras frutas frescas;80.99;261.54;3.23;22.35;0.14;0.46;2020-03-01;Primera ola;Confinamiento
2020;03;Navarra;Pomelo;10.49;24.52;2.34;6.72;0.02;0.04;2020-03-01;Primera ola;Confinamiento
2020;03;Navarra;Chirimoya;0.0;0.0;0.0;0.0;0.0;0.0;2020-03-01;Primera ola;Confinamiento
2020;03;Navarra;Mango;33.22;98.32;2.96;9.35;0.06;0.17;2020-03-01;Primera ola;Confinamiento
2020;03;Navarra;Frutas iv gama;260.92;505.73;1.94;43.57;0.45;0.88;2020-03-01;Primera ola;Confinamiento
2020;03;Pais vasco;Frutas frescas;20221.26;35504.65;1.76;98.34;9.98;17.52;2020-03-01;Primera ola;Confinamiento
2020;03;Pais vasco;Naranjas;6035.67;6520.37;1.08;72.95;2.98;3.22;2020-03-01;Primera ola;Confinamiento
2020;03;Pais vasco;Mandarinas;1696.72;3583.78;2.11;61.17;0.84;1.77;2020-03-01;Primera ola;Confinamiento
2020;03;Pais vasco;Limones;613.81;1062.14;1.73;53.62;0.3;0.52;2020-03-01;Primera ola;Confinamiento
2020;03;Pais vasco;Platanos;2913.08;4937.1;1.69;80.95;1.44;2.44;2020-03-01;Primera ola;Confinamiento
2020;03;Pais vasco;Manzanas;3024.68;4732.5;1.56;72.05;1.49;2.34;2020-03-01;Primera ola;Confinamiento
2020;03;Pais vasco;Peras;1296.44;2203.11;1.7;53.24;0.64;1.09;2020-03-01;Primera ola;Confinamiento
2020;03;Pais vasco;Melocotones;21.03;28.82;1.37;0.85;0.01;0.01;2020-03-01;Primera ola;Confinamiento
2020;03;Pais vasco;Nectarinas;6.92;13.83;2.0;0.55;0.0;0.01;2020-03-01;Primera ola;Confinamiento
2020;03;Pais vasco;Albaricoques;32.31;63.11;1.95;4.93;0.02;0.03;2020-03-01;Primera ola;Confinamiento
2020;03;Pais vasco;Fresas/freson;2068.73;5172.97;2.5;74.9;1.02;2.55;2020-03-01;Primera ola;Confinamiento
2020;03;Pais vasco;Melon;183.14;365.0;1.99;9.65;0.09;0.18;2020-03-01;Primera ola;Confinamiento
2020;03;Pais vasco;Sandia;24.22;57.45;2.37;1.95;0.01;0.03;2020-03-01;Primera ola;Confinamiento
2020;03;Pais vasco;Ciruelas;75.28;264.94;3.52;10.23;0.04;0.13;2020-03-01;Primera ola;Confinamiento
2020;03;Pais vasco;Cerezas;4.19;6.29;1.5;0.59;0.0;0.0;2020-03-01;Primera ola;Confinamiento
2020;03;Pais vasco;Uvas;150.02;679.6;4.53;13.45;0.07;0.34;2020-03-01;Primera ola;Confinamiento
2020;03;Pais vasco;Kiwi;835.83;2459.1;2.94;43.47;0.41;1.21;2020-03-01;Primera ola;Confinamiento
2020;03;Pais vasco;Aguacate;319.25;1308.91;4.1;29.99;0.16;0.65;2020-03-01;Primera ola;Confinamiento
2020;03;Pais vasco;Piña;398.13;735.36;1.85;19.25;0.2;0.36;2020-03-01;Primera ola;Confinamiento
2020;03;Pais vasco;Otras frutas frescas;521.81;1310.3;2.51;26.77;0.26;0.65;2020-03-01;Primera ola;Confinamiento
2020;03;Pais vasco;Pomelo;252.94;496.18;1.96;6.61;0.12;0.24;2020-03-01;Primera ola;Confinamiento
2020;03;Pais vasco;Chirimoya;0.0;0.0;0.0;0.0;0.0;0.0;2020-03-01;Primera ola;Confinamiento
2020;03;Pais vasco;Mango;88.62;254.65;2.87;4.84;0.04;0.13;2020-03-01;Primera ola;Confinamiento
2020;03;Pais vasco;Frutas iv gama;1071.01;1862.34;1.74;31.56;0.53;0.92;2020-03-01;Primera ola;Confinamiento
2020;03;Valencia;Frutas frescas;34372.29;57739.19;1.68;96.92;7.38;12.4;2020-03-01;Primera ola;Confinamiento
2020;03;Valencia;Naranjas;8630.44;7717.44;0.89;52.84;1.85;1.66;2020-03-01;Primera ola;Confinamiento
2020;03;Valencia;Mandarinas;2010.82;3673.22;1.83;38.38;0.43;0.79;2020-03-01;Primera ola;Confinamiento
2020;03;Valencia;Limones;843.03;1342.99;1.59;29.98;0.18;0.29;2020-03-01;Primera ola;Confinamiento
2020;03;Valencia;Platanos;6656.87;10207.96;1.53;84.07;1.43;2.19;2020-03-01;Primera ola;Confinamiento
2020;03;Valencia;Manzanas;5165.83;7967.82;1.54;73.8;1.11;1.71;2020-03-01;Primera ola;Confinamiento
2020;03;Valencia;Peras;2511.17;4305.05;1.71;52.14;0.54;0.92;2020-03-01;Primera ola;Confinamiento
2020;03;Valencia;Melocotones;47.86;107.98;2.26;1.89;0.01;0.02;2020-03-01;Primera ola;Confinamiento
2020;03;Valencia;Nectarinas;22.97;27.12;1.18;0.69;0.0;0.01;2020-03-01;Primera ola;Confinamiento
2020;03;Valencia;Albaricoques;5.81;7.27;1.25;0.3;0.0;0.0;2020-03-01;Primera ola;Confinamiento
2020;03;Valencia;Fresas/freson;3062.51;8611.13;2.81;65.83;0.66;1.85;2020-03-01;Primera ola;Confinamiento
2020;03;Valencia;Melon;781.85;1390.43;1.78;9.34;0.17;0.3;2020-03-01;Primera ola;Confinamiento
2020;03;Valencia;Sandia;499.66;813.86;1.63;5.99;0.11;0.17;2020-03-01;Primera ola;Confinamiento
2020;03;Valencia;Ciruelas;127.17;353.38;2.78;7.08;0.03;0.08;2020-03-01;Primera ola;Confinamiento
2020;03;Valencia;Cerezas;12.6;19.66;1.56;0.66;0.0;0.0;2020-03-01;Primera ola;Confinamiento
2020;03;Valencia;Uvas;283.08;1277.49;4.51;14.1;0.06;0.27;2020-03-01;Primera ola;Confinamiento
2020;03;Valencia;Kiwi;1249.48;3403.66;2.72;40.32;0.27;0.73;2020-03-01;Primera ola;Confinamiento
2020;03;Valencia;Aguacate;603.1;2430.58;4.03;27.68;0.13;0.52;2020-03-01;Primera ola;Confinamiento
2020;03;Valencia;Piña;966.07;1433.35;1.48;22.8;0.21;0.31;2020-03-01;Primera ola;Confinamiento
2020;03;Valencia;Otras frutas frescas;891.95;2648.81;2.97;27.29;0.19;0.57;2020-03-01;Primera ola;Confinamiento
2020;03;Valencia;Pomelo;51.87;99.97;1.93;0.98;0.01;0.02;2020-03-01;Primera ola;Confinamiento
2020;03;Valencia;Chirimoya;0.0;0.0;0.0;0.0;0.0;0.0;2020-03-01;Primera ola;Confinamiento
2020;03;Valencia;Mango;287.13;760.7;2.65;10.89;0.06;0.16;2020-03-01;Primera ola;Confinamiento
2020;03;Valencia;Frutas iv gama;1364.39;2661.7;1.95;24.34;0.29;0.57;2020-03-01;Primera ola;Confinamiento
2020;04;Nacional;Patatas;153817.66;156573.56;1.02;86.8;3.47;3.53;2020-04-01;Primera ola;Confinamiento
2020;04;Nacional;Patatas frescas;108469.2;104005.0;0.96;77.79;2.45;2.35;2020-04-01;Primera ola;Confinamiento
2020;04;Nacional;Patatas congeladas;5094.47;6651.17;1.31;13.03;0.11;0.15;2020-04-01;Primera ola;Confinamiento
2020;04;Nacional;Patatas procesadas;8050.8;45917.39;5.7;55.99;0.18;1.04;2020-04-01;Primera ola;Confinamiento
2020;04;Nacional;Patatas fritas;6754.75;44051.28;6.52;54.23;0.15;0.99;2020-04-01;Primera ola;Confinamiento
2020;04;Nacional;Hortalizas frescas;303814.22;618817.73;2.04;98.26;6.86;13.97;2020-04-01;Primera ola;Confinamiento
2020;04;Nacional;Omates;61129.36;114617.1;1.87;87.27;1.38;2.59;2020-04-01;Primera ola;Confinamiento
2020;04;Nacional;Cebollas;38862.02;54342.43;1.4;80.04;0.88;1.23;2020-04-01;Primera ola;Confinamiento
2020;04;Nacional;Ajos;3781.95;16543.84;4.37;46.1;0.09;0.37;2020-04-01;Primera ola;Confinamiento
2020;04;Nacional;Coles;9029.54;10681.24;1.18;24.97;0.2;0.24;2020-04-01;Primera ola;Confinamiento
2020;04;Nacional;Pepinos;8538.81;13485.45;1.58;35.09;0.19;0.3;2020-04-01;Primera ola;Confinamiento
2020;04;Nacional;Judias verdes;7486.64;26209.6;3.5;36.09;0.17;0.59;2020-04-01;Primera ola;Confinamiento
2020;04;Nacional;Pimientos;25185.79;58460.6;2.32;75.59;0.57;1.32;2020-04-01;Primera ola;Confinamiento
2020;04;Nacional;Champiñoneso setas;7289.3;28586.46;3.92;45.63;0.16;0.65;2020-04-01;Primera ola;Confinamiento
2020;04;Nacional;Lechuga/esc /endivia;20692.47;57213.84;2.76;73.61;0.47;1.29;2020-04-01;Primera ola;Confinamiento
2020;04;Nacional;Esparragos;4870.8;12629.65;2.59;17.54;0.11;0.29;2020-04-01;Primera ola;Confinamiento
2020;04;Nacional;Verduras de hoja;7998.52;19817.61;2.48;32.18;0.18;0.45;2020-04-01;Primera ola;Confinamiento
2020;04;Nacional;Berenjenas;9552.59;16432.42;1.72;42.69;0.22;0.37;2020-04-01;Primera ola;Confinamiento
2020;04;Nacional;Zanahorias;20621.82;20506.67;0.99;68.42;0.47;0.46;2020-04-01;Primera ola;Confinamiento
2020;04;Nacional;Calabacines;22983.62;39635.72;1.72;63.48;0.52;0.89;2020-04-01;Primera ola;Confinamiento
2020;04;Nacional;Otr hortalizas/verd ;55791.0;129655.1;2.32;81.41;1.26;2.93;2020-04-01;Primera ola;Confinamiento
2020;04;Nacional;Brocoli;6070.56;13743.13;2.26;24.63;0.14;0.31;2020-04-01;Primera ola;Confinamiento
2020;04;Nacional;Alcachofas;11039.91;21039.83;1.91;30.41;0.25;0.47;2020-04-01;Primera ola;Confinamiento
2020;04;Nacional;Apio;2254.94;3651.96;1.62;12.91;0.05;0.08;2020-04-01;Primera ola;Confinamiento
2020;04;Nacional;Coliflor;3352.28;6467.2;1.93;13.29;0.08;0.15;2020-04-01;Primera ola;Confinamiento
2020;04;Nacional;Verd /hort  iv gama;32610.25;88167.06;2.7;70.01;0.74;1.99;2020-04-01;Primera ola;Confinamiento
2020;04;Nacional;Puerro;5871.41;16540.81;2.82;37.57;0.13;0.37;2020-04-01;Primera ola;Confinamiento
2020;04;Andalucia;Patatas;29975.83;28848.76;0.96;89.76;3.59;3.46;2020-04-01;Primera ola;Confinamiento
2020;04;Andalucia;Patatas frescas;20478.43;18761.15;0.92;78.4;2.46;2.25;2020-04-01;Primera ola;Confinamiento
2020;04;Andalucia;Patatas congeladas;1241.55;1469.47;1.18;17.23;0.15;0.18;2020-04-01;Primera ola;Confinamiento
2020;04;Andalucia;Patatas procesadas;1651.17;8618.14;5.22;60.34;0.2;1.03;2020-04-01;Primera ola;Confinamiento
2020;04;Andalucia;Patatas fritas;1354.99;8229.92;6.07;58.03;0.16;0.99;2020-04-01;Primera ola;Confinamiento
2020;04;Andalucia;Hortalizas frescas;51839.23;98675.53;1.9;98.26;6.21;11.83;2020-04-01;Primera ola;Confinamiento
2020;04;Andalucia;Omates;12725.61;21085.01;1.66;87.92;1.53;2.53;2020-04-01;Primera ola;Confinamiento
2020;04;Andalucia;Cebollas;6611.01;8789.19;1.33;77.17;0.79;1.05;2020-04-01;Primera ola;Confinamiento
2020;04;Andalucia;Ajos;812.04;3303.27;4.07;52.45;0.1;0.4;2020-04-01;Primera ola;Confinamiento
2020;04;Andalucia;Coles;1031.54;1123.51;1.09;16.77;0.12;0.13;2020-04-01;Primera ola;Confinamiento
2020;04;Andalucia;Pepinos;1489.67;2254.97;1.51;37.62;0.18;0.27;2020-04-01;Primera ola;Confinamiento
2020;04;Andalucia;Judias verdes;1044.2;3262.48;3.12;31.31;0.13;0.39;2020-04-01;Primera ola;Confinamiento
2020;04;Andalucia;Pimientos;4279.74;9577.15;2.24;78.73;0.51;1.15;2020-04-01;Primera ola;Confinamiento
2020;04;Andalucia;Champiñoneso setas;1132.39;4282.59;3.78;41.08;0.14;0.51;2020-04-01;Primera ola;Confinamiento
2020;04;Andalucia;Lechuga/esc /endivia;3692.05;9481.89;2.57;77.95;0.44;1.14;2020-04-01;Primera ola;Confinamiento
2020;04;Andalucia;Esparragos;649.22;1630.25;2.51;15.54;0.08;0.2;2020-04-01;Primera ola;Confinamiento
2020;04;Andalucia;Verduras de hoja;1024.66;2524.61;2.46;24.68;0.12;0.3;2020-04-01;Primera ola;Confinamiento
2020;04;Andalucia;Berenjenas;1851.84;3105.89;1.68;45.98;0.22;0.37;2020-04-01;Primera ola;Confinamiento
2020;04;Andalucia;Zanahorias;3189.64;3258.0;1.02;64.31;0.38;0.39;2020-04-01;Primera ola;Confinamiento
2020;04;Andalucia;Calabacines;3639.74;6195.97;1.7;61.05;0.44;0.74;2020-04-01;Primera ola;Confinamiento
2020;04;Andalucia;Otr hortalizas/verd ;8665.88;18800.76;2.17;78.32;1.04;2.25;2020-04-01;Primera ola;Confinamiento
2020;04;Andalucia;Brocoli;731.36;1816.36;2.48;23.13;0.09;0.22;2020-04-01;Primera ola;Confinamiento
2020;04;Andalucia;Alcachofas;1717.0;3153.98;1.84;29.86;0.21;0.38;2020-04-01;Primera ola;Confinamiento
2020;04;Andalucia;Apio;422.45;721.2;1.71;13.76;0.05;0.09;2020-04-01;Primera ola;Confinamiento
2020;04;Andalucia;Coliflor;597.15;1117.32;1.87;13.81;0.07;0.13;2020-04-01;Primera ola;Confinamiento
2020;04;Andalucia;Verd /hort  iv gama;5597.5;13674.35;2.44;67.65;0.67;1.64;2020-04-01;Primera ola;Confinamiento
2020;04;Andalucia;Puerro;857.39;2274.58;2.65;34.09;0.1;0.27;2020-04-01;Primera ola;Confinamiento
2020;04;Aragon;Patatas;4709.62;4773.94;1.01;91.31;3.74;3.79;2020-04-01;Primera ola;Confinamiento
2020;04;Aragon;Patatas frescas;3695.89;3490.09;0.94;92.34;2.94;2.77;2020-04-01;Primera ola;Confinamiento
2020;04;Aragon;Patatas congeladas;64.86;75.15;1.16;9.35;0.05;0.06;2020-04-01;Primera ola;Confinamiento
2020;04;Aragon;Patatas procesadas;189.77;1208.7;6.37;48.78;0.15;0.96;2020-04-01;Primera ola;Confinamiento
2020;04;Aragon;Patatas fritas;175.37;1182.5;6.74;48.6;0.14;0.94;2020-04-01;Primera ola;Confinamiento
2020;04;Aragon;Hortalizas frescas;10415.76;21206.8;2.04;98.04;8.28;16.85;2020-04-01;Primera ola;Confinamiento
2020;04;Aragon;Omates;1623.2;3163.6;1.95;87.18;1.29;2.51;2020-04-01;Primera ola;Confinamiento
2020;04;Aragon;Cebollas;1287.39;1703.88;1.32;83.94;1.02;1.35;2020-04-01;Primera ola;Confinamiento
2020;04;Aragon;Ajos;119.47;478.36;4.0;36.69;0.09;0.38;2020-04-01;Primera ola;Confinamiento
2020;04;Aragon;Coles;289.87;320.18;1.1;22.04;0.23;0.25;2020-04-01;Primera ola;Confinamiento
2020;04;Aragon;Pepinos;341.88;491.97;1.44;32.17;0.27;0.39;2020-04-01;Primera ola;Confinamiento
2020;04;Aragon;Judias verdes;412.36;1381.76;3.35;52.51;0.33;1.1;2020-04-01;Primera ola;Confinamiento
2020;04;Aragon;Pimientos;631.68;1409.65;2.23;71.27;0.5;1.12;2020-04-01;Primera ola;Confinamiento
2020;04;Aragon;Champiñoneso setas;232.73;943.13;4.05;54.12;0.18;0.75;2020-04-01;Primera ola;Confinamiento
2020;04;Aragon;Lechuga/esc /endivia;960.45;2497.21;2.6;82.94;0.76;1.98;2020-04-01;Primera ola;Confinamiento
2020;04;Aragon;Esparragos;292.0;968.63;3.32;26.08;0.23;0.77;2020-04-01;Primera ola;Confinamiento
2020;04;Aragon;Verduras de hoja;590.97;1115.63;1.89;41.01;0.47;0.89;2020-04-01;Primera ola;Confinamiento
2020;04;Aragon;Berenjenas;225.59;407.37;1.81;38.44;0.18;0.32;2020-04-01;Primera ola;Confinamiento
2020;04;Aragon;Zanahorias;613.73;650.36;1.06;68.87;0.49;0.52;2020-04-01;Primera ola;Confinamiento
2020;04;Aragon;Calabacines;765.32;1276.68;1.67;65.25;0.61;1.01;2020-04-01;Primera ola;Confinamiento
2020;04;Aragon;Otr hortalizas/verd ;2029.13;4398.41;2.17;83.5;1.61;3.49;2020-04-01;Primera ola;Confinamiento
2020;04;Aragon;Brocoli;293.73;534.58;1.82;33.9;0.23;0.42;2020-04-01;Primera ola;Confinamiento
2020;04;Aragon;Alcachofas;323.01;582.68;1.8;34.62;0.26;0.46;2020-04-01;Primera ola;Confinamiento
2020;04;Aragon;Apio;91.02;138.78;1.52;13.68;0.07;0.11;2020-04-01;Primera ola;Confinamiento
2020;04;Aragon;Coliflor;62.68;121.29;1.94;9.05;0.05;0.1;2020-04-01;Primera ola;Confinamiento
2020;04;Aragon;Verd /hort  iv gama;873.49;2255.75;2.58;67.49;0.69;1.79;2020-04-01;Primera ola;Confinamiento
2020;04;Aragon;Puerro;142.55;545.91;3.83;35.98;0.11;0.43;2020-04-01;Primera ola;Confinamiento
2020;04;Asturias;Patatas;4265.17;3537.63;0.83;81.04;4.16;3.45;2020-04-01;Primera ola;Confinamiento
2020;04;Asturias;Patatas frescas;3387.98;2530.77;0.75;68.3;3.31;2.47;2020-04-01;Primera ola;Confinamiento
2020;04;Asturias;Patatas congeladas;82.43;95.13;1.15;7.39;0.08;0.09;2020-04-01;Primera ola;Confinamiento
2020;04;Asturias;Patatas procesadas;158.95;911.73;5.74;47.36;0.16;0.89;2020-04-01;Primera ola;Confinamiento
2020;04;Asturias;Patatas fritas;118.2;851.03;7.2;44.23;0.12;0.83;2020-04-01;Primera ola;Confinamiento
2020;04;Asturias;Hortalizas frescas;5421.9;11809.99;2.18;98.0;5.29;11.53;2020-04-01;Primera ola;Confinamiento
2020;04;Asturias;Omates;1025.4;2219.74;2.16;75.75;1.0;2.17;2020-04-01;Primera ola;Confinamiento
2020;04;Asturias;Cebollas;930.78;1384.85;1.49;85.96;0.91;1.35;2020-04-01;Primera ola;Confinamiento
2020;04;Asturias;Ajos;115.19;522.65;4.54;60.21;0.11;0.51;2020-04-01;Primera ola;Confinamiento
2020;04;Asturias;Coles;174.39;174.91;1.0;29.85;0.17;0.17;2020-04-01;Primera ola;Confinamiento
2020;04;Asturias;Pepinos;76.17;121.92;1.6;23.16;0.07;0.12;2020-04-01;Primera ola;Confinamiento
2020;04;Asturias;Judias verdes;137.4;402.69;2.93;21.43;0.13;0.39;2020-04-01;Primera ola;Confinamiento
2020;04;Asturias;Pimientos;458.28;1234.99;2.69;72.19;0.45;1.21;2020-04-01;Primera ola;Confinamiento
2020;04;Asturias;Champiñoneso setas;155.74;588.43;3.78;37.51;0.15;0.57;2020-04-01;Primera ola;Confinamiento
2020;04;Asturias;Lechuga/esc /endivia;458.26;1277.28;2.79;68.26;0.45;1.25;2020-04-01;Primera ola;Confinamiento
2020;04;Asturias;Esparragos;84.44;214.61;2.54;10.63;0.08;0.21;2020-04-01;Primera ola;Confinamiento
2020;04;Asturias;Verduras de hoja;110.05;304.97;2.77;18.36;0.11;0.3;2020-04-01;Primera ola;Confinamiento
2020;04;Asturias;Berenjenas;179.96;308.04;1.71;28.7;0.18;0.3;2020-04-01;Primera ola;Confinamiento
2020;04;Asturias;Zanahorias;421.13;438.4;1.04;65.47;0.41;0.43;2020-04-01;Primera ola;Confinamiento
2020;04;Asturias;Calabacines;414.76;771.55;1.86;48.82;0.41;0.75;2020-04-01;Primera ola;Confinamiento
2020;04;Asturias;Otr hortalizas/verd ;679.95;1844.96;2.71;65.49;0.66;1.8;2020-04-01;Primera ola;Confinamiento
2020;04;Asturias;Brocoli;160.13;357.81;2.23;20.45;0.16;0.35;2020-04-01;Primera ola;Confinamiento
2020;04;Asturias;Alcachofas;73.09;130.61;1.79;6.78;0.07;0.13;2020-04-01;Primera ola;Confinamiento
2020;04;Asturias;Apio;18.78;43.46;2.31;5.89;0.02;0.04;2020-04-01;Primera ola;Confinamiento
2020;04;Asturias;Coliflor;17.22;34.55;2.01;3.57;0.02;0.03;2020-04-01;Primera ola;Confinamiento
2020;04;Asturias;Verd /hort  iv gama;493.08;1588.22;3.22;57.95;0.48;1.55;2020-04-01;Primera ola;Confinamiento
2020;04;Asturias;Puerro;71.12;274.9;3.87;30.54;0.07;0.27;2020-04-01;Primera ola;Confinamiento
2020;04;Baleares;Patatas;4248.3;4437.32;1.04;91.08;4.16;4.34;2020-04-01;Primera ola;Confinamiento
2020;04;Baleares;Patatas frescas;2909.26;3014.64;1.04;81.42;2.85;2.95;2020-04-01;Primera ola;Confinamiento
2020;04;Baleares;Patatas congeladas;97.6;133.11;1.36;13.31;0.1;0.13;2020-04-01;Primera ola;Confinamiento
2020;04;Baleares;Patatas procesadas;248.29;1289.56;5.19;64.84;0.24;1.26;2020-04-01;Primera ola;Confinamiento
2020;04;Baleares;Patatas fritas;190.46;1212.41;6.37;62.69;0.19;1.19;2020-04-01;Primera ola;Confinamiento
2020;04;Baleares;Hortalizas frescas;9985.16;21727.58;2.18;99.2;9.77;21.26;2020-04-01;Primera ola;Confinamiento
2020;04;Baleares;Omates;1696.99;3489.06;2.06;93.1;1.66;3.41;2020-04-01;Primera ola;Confinamiento
2020;04;Baleares;Cebollas;1318.63;1947.61;1.48;91.17;1.29;1.91;2020-04-01;Primera ola;Confinamiento
2020;04;Baleares;Ajos;142.27;525.43;3.69;44.97;0.14;0.51;2020-04-01;Primera ola;Confinamiento
2020;04;Baleares;Coles;351.08;568.03;1.62;32.14;0.34;0.56;2020-04-01;Primera ola;Confinamiento
2020;04;Baleares;Pepinos;184.14;302.48;1.64;45.09;0.18;0.3;2020-04-01;Primera ola;Confinamiento
2020;04;Baleares;Judias verdes;226.73;1071.64;4.73;48.15;0.22;1.05;2020-04-01;Primera ola;Confinamiento
2020;04;Baleares;Pimientos;866.49;2102.02;2.43;78.53;0.85;2.06;2020-04-01;Primera ola;Confinamiento
2020;04;Baleares;Champiñoneso setas;289.81;1221.83;4.22;58.55;0.28;1.2;2020-04-01;Primera ola;Confinamiento
2020;04;Baleares;Lechuga/esc /endivia;621.54;1885.19;3.03;85.56;0.61;1.84;2020-04-01;Primera ola;Confinamiento
2020;04;Baleares;Esparragos;107.3;208.52;1.94;12.53;0.1;0.2;2020-04-01;Primera ola;Confinamiento
2020;04;Baleares;Verduras de hoja;293.17;743.15;2.53;48.14;0.29;0.73;2020-04-01;Primera ola;Confinamiento
2020;04;Baleares;Berenjenas;335.08;623.52;1.86;43.12;0.33;0.61;2020-04-01;Primera ola;Confinamiento
2020;04;Baleares;Zanahorias;809.96;717.32;0.89;72.42;0.79;0.7;2020-04-01;Primera ola;Confinamiento
2020;04;Baleares;Calabacines;752.58;1290.13;1.71;57.84;0.74;1.26;2020-04-01;Primera ola;Confinamiento
2020;04;Baleares;Otr hortalizas/verd ;1989.36;5031.65;2.53;91.41;1.95;4.92;2020-04-01;Primera ola;Confinamiento
2020;04;Baleares;Brocoli;126.76;350.45;2.76;24.74;0.12;0.34;2020-04-01;Primera ola;Confinamiento
2020;04;Baleares;Alcachofas;409.9;780.92;1.91;44.59;0.4;0.76;2020-04-01;Primera ola;Confinamiento
2020;04;Baleares;Apio;127.17;169.94;1.34;20.58;0.12;0.17;2020-04-01;Primera ola;Confinamiento
2020;04;Baleares;Coliflor;119.71;260.35;2.17;20.97;0.12;0.25;2020-04-01;Primera ola;Confinamiento
2020;04;Baleares;Verd /hort  iv gama;1085.81;3455.52;3.18;71.89;1.06;3.38;2020-04-01;Primera ola;Confinamiento
2020;04;Baleares;Puerro;153.34;586.11;3.82;37.24;0.15;0.57;2020-04-01;Primera ola;Confinamiento
2020;04;Canarias;Patatas;8084.98;9585.92;1.19;85.07;3.77;4.47;2020-04-01;Primera ola;Confinamiento
2020;04;Canarias;Patatas frescas;6269.72;7295.55;1.16;75.14;2.92;3.4;2020-04-01;Primera ola;Confinamiento
2020;04;Canarias;Patatas congeladas;266.71;445.25;1.67;9.05;0.12;0.21;2020-04-01;Primera ola;Confinamiento
2020;04;Canarias;Patatas procesadas;309.71;1845.12;5.96;45.22;0.14;0.86;2020-04-01;Primera ola;Confinamiento
2020;04;Canarias;Patatas fritas;272.36;1792.5;6.58;44.1;0.13;0.84;2020-04-01;Primera ola;Confinamiento
2020;04;Canarias;Hortalizas frescas;15659.2;29793.8;1.9;98.9;7.3;13.89;2020-04-01;Primera ola;Confinamiento
2020;04;Canarias;Omates;2902.4;4331.38;1.49;87.69;1.35;2.02;2020-04-01;Primera ola;Confinamiento
2020;04;Canarias;Cebollas;2121.06;3061.0;1.44;88.85;0.99;1.43;2020-04-01;Primera ola;Confinamiento
2020;04;Canarias;Ajos;174.99;770.27;4.4;46.9;0.08;0.36;2020-04-01;Primera ola;Confinamiento
2020;04;Canarias;Coles;421.74;486.48;1.15;30.12;0.2;0.23;2020-04-01;Primera ola;Confinamiento
2020;04;Canarias;Pepinos;367.57;658.84;1.79;42.61;0.17;0.31;2020-04-01;Primera ola;Confinamiento
2020;04;Canarias;Judias verdes;151.71;499.16;3.29;22.6;0.07;0.23;2020-04-01;Primera ola;Confinamiento
2020;04;Canarias;Pimientos;1305.6;2978.02;2.28;80.14;0.61;1.39;2020-04-01;Primera ola;Confinamiento
2020;04;Canarias;Champiñoneso setas;341.16;1304.39;3.82;44.23;0.16;0.61;2020-04-01;Primera ola;Confinamiento
2020;04;Canarias;Lechuga/esc /endivia;739.78;2139.95;2.89;69.33;0.34;1.0;2020-04-01;Primera ola;Confinamiento
2020;04;Canarias;Esparragos;13.93;83.24;5.97;2.1;0.01;0.04;2020-04-01;Primera ola;Confinamiento
2020;04;Canarias;Verduras de hoja;221.83;566.72;2.55;27.46;0.1;0.26;2020-04-01;Primera ola;Confinamiento
2020;04;Canarias;Berenjenas;291.83;431.87;1.48;32.57;0.14;0.2;2020-04-01;Primera ola;Confinamiento
2020;04;Canarias;Zanahorias;1349.91;1593.55;1.18;83.55;0.63;0.74;2020-04-01;Primera ola;Confinamiento
2020;04;Canarias;Calabacines;1947.62;2769.41;1.42;78.08;0.91;1.29;2020-04-01;Primera ola;Confinamiento
2020;04;Canarias;Otr hortalizas/verd ;3308.08;8119.53;2.45;90.42;1.54;3.79;2020-04-01;Primera ola;Confinamiento
2020;04;Canarias;Brocoli;83.44;137.59;1.65;5.86;0.04;0.06;2020-04-01;Primera ola;Confinamiento
2020;04;Canarias;Alcachofas;9.75;27.07;2.78;1.59;0.0;0.01;2020-04-01;Primera ola;Confinamiento
2020;04;Canarias;Apio;92.7;158.76;1.71;12.88;0.04;0.07;2020-04-01;Primera ola;Confinamiento
2020;04;Canarias;Coliflor;339.92;614.51;1.81;20.38;0.16;0.29;2020-04-01;Primera ola;Confinamiento
2020;04;Canarias;Verd /hort  iv gama;2279.69;5216.04;2.29;67.03;1.06;2.43;2020-04-01;Primera ola;Confinamiento
2020;04;Canarias;Puerro;285.57;715.8;2.51;44.68;0.13;0.33;2020-04-01;Primera ola;Confinamiento
2020;04;Cantabria;Patatas;1641.53;1578.62;0.96;69.98;3.06;2.94;2020-04-01;Primera ola;Confinamiento
2020;04;Cantabria;Patatas frescas;1276.33;1131.35;0.89;66.71;2.38;2.11;2020-04-01;Primera ola;Confinamiento
2020;04;Cantabria;Patatas congeladas;82.71;119.86;1.45;15.22;0.15;0.22;2020-04-01;Primera ola;Confinamiento
2020;04;Cantabria;Patatas procesadas;56.5;327.41;5.79;37.63;0.11;0.61;2020-04-01;Primera ola;Confinamiento
2020;04;Cantabria;Patatas fritas;46.17;314.04;6.8;35.91;0.09;0.58;2020-04-01;Primera ola;Confinamiento
2020;04;Cantabria;Hortalizas frescas;2504.67;5238.19;2.09;98.82;4.66;9.75;2020-04-01;Primera ola;Confinamiento
2020;04;Cantabria;Omates;400.07;849.52;2.12;87.68;0.74;1.58;2020-04-01;Primera ola;Confinamiento
2020;04;Cantabria;Cebollas;376.23;523.4;1.39;84.38;0.7;0.97;2020-04-01;Primera ola;Confinamiento
2020;04;Cantabria;Ajos;37.17;177.15;4.77;42.85;0.07;0.33;2020-04-01;Primera ola;Confinamiento
2020;04;Cantabria;Coles;94.57;152.65;1.61;13.86;0.18;0.28;2020-04-01;Primera ola;Confinamiento
2020;04;Cantabria;Pepinos;64.46;106.36;1.65;24.5;0.12;0.2;2020-04-01;Primera ola;Confinamiento
2020;04;Cantabria;Judias verdes;73.68;226.47;3.07;25.15;0.14;0.42;2020-04-01;Primera ola;Confinamiento
2020;04;Cantabria;Pimientos;291.92;658.61;2.26;70.52;0.54;1.23;2020-04-01;Primera ola;Confinamiento
2020;04;Cantabria;Champiñoneso setas;85.83;229.02;2.67;39.04;0.16;0.43;2020-04-01;Primera ola;Confinamiento
2020;04;Cantabria;Lechuga/esc /endivia;201.36;528.47;2.62;72.31;0.37;0.98;2020-04-01;Primera ola;Confinamiento
2020;04;Cantabria;Esparragos;30.5;119.52;3.92;14.97;0.06;0.22;2020-04-01;Primera ola;Confinamiento
2020;04;Cantabria;Verduras de hoja;29.37;110.95;3.78;26.87;0.05;0.21;2020-04-01;Primera ola;Confinamiento
2020;04;Cantabria;Berenjenas;73.08;150.41;2.06;28.85;0.14;0.28;2020-04-01;Primera ola;Confinamiento
2020;04;Cantabria;Zanahorias;217.37;200.44;0.92;65.29;0.4;0.37;2020-04-01;Primera ola;Confinamiento
2020;04;Cantabria;Calabacines;170.92;329.88;1.93;45.34;0.32;0.61;2020-04-01;Primera ola;Confinamiento
2020;04;Cantabria;Otr hortalizas/verd ;358.14;875.35;2.44;67.16;0.67;1.63;2020-04-01;Primera ola;Confinamiento
2020;04;Cantabria;Brocoli;21.84;55.88;2.56;9.38;0.04;0.1;2020-04-01;Primera ola;Confinamiento
2020;04;Cantabria;Alcachofas;52.13;94.11;1.81;15.16;0.1;0.18;2020-04-01;Primera ola;Confinamiento
2020;04;Cantabria;Apio;11.05;25.0;2.26;6.25;0.02;0.05;2020-04-01;Primera ola;Confinamiento
2020;04;Cantabria;Coliflor;34.01;66.19;1.95;9.55;0.06;0.12;2020-04-01;Primera ola;Confinamiento
2020;04;Cantabria;Verd /hort  iv gama;285.36;855.13;3.0;71.25;0.53;1.59;2020-04-01;Primera ola;Confinamiento
2020;04;Cantabria;Puerro;46.93;139.1;2.96;31.04;0.09;0.26;2020-04-01;Primera ola;Confinamiento
2020;04;Castilla la mancha;Patatas;6355.35;6453.97;1.02;84.55;3.18;3.23;2020-04-01;Primera ola;Confinamiento
2020;04;Castilla la mancha;Patatas frescas;4279.63;4034.1;0.94;69.31;2.14;2.02;2020-04-01;Primera ola;Confinamiento
2020;04;Castilla la mancha;Patatas congeladas;322.0;400.44;1.24;17.69;0.16;0.2;2020-04-01;Primera ola;Confinamiento
2020;04;Castilla la mancha;Patatas procesadas;350.74;2019.43;5.76;63.17;0.18;1.01;2020-04-01;Primera ola;Confinamiento
2020;04;Castilla la mancha;Patatas fritas;316.55;1971.99;6.23;62.57;0.16;0.99;2020-04-01;Primera ola;Confinamiento
2020;04;Castilla la mancha;Hortalizas frescas;10694.84;21587.95;2.02;96.88;5.35;10.8;2020-04-01;Primera ola;Confinamiento
2020;04;Castilla la mancha;Omates;2699.5;4846.45;1.8;87.89;1.35;2.42;2020-04-01;Primera ola;Confinamiento
2020;04;Castilla la mancha;Cebollas;1226.13;1557.92;1.27;69.8;0.61;0.78;2020-04-01;Primera ola;Confinamiento
2020;04;Castilla la mancha;Ajos;160.27;618.65;3.86;44.28;0.08;0.31;2020-04-01;Primera ola;Confinamiento
2020;04;Castilla la mancha;Coles;180.16;224.91;1.25;17.25;0.09;0.11;2020-04-01;Primera ola;Confinamiento
2020;04;Castilla la mancha;Pepinos;527.29;860.62;1.63;38.52;0.26;0.43;2020-04-01;Primera ola;Confinamiento
2020;04;Castilla la mancha;Judias verdes;322.35;1066.63;3.31;37.48;0.16;0.53;2020-04-01;Primera ola;Confinamiento
2020;04;Castilla la mancha;Pimientos;1067.43;2506.34;2.35;80.02;0.53;1.25;2020-04-01;Primera ola;Confinamiento
2020;04;Castilla la mancha;Champiñoneso setas;293.68;1156.07;3.94;51.32;0.15;0.58;2020-04-01;Primera ola;Confinamiento
2020;04;Castilla la mancha;Lechuga/esc /endivia;581.96;1630.63;2.8;66.76;0.29;0.82;2020-04-01;Primera ola;Confinamiento
2020;04;Castilla la mancha;Esparragos;184.09;449.95;2.44;21.69;0.09;0.23;2020-04-01;Primera ola;Confinamiento
2020;04;Castilla la mancha;Verduras de hoja;258.65;634.33;2.45;25.87;0.13;0.32;2020-04-01;Primera ola;Confinamiento
2020;04;Castilla la mancha;Berenjenas;281.83;461.04;1.64;43.48;0.14;0.23;2020-04-01;Primera ola;Confinamiento
2020;04;Castilla la mancha;Zanahorias;669.4;641.94;0.96;60.75;0.33;0.32;2020-04-01;Primera ola;Confinamiento
2020;04;Castilla la mancha;Calabacines;737.54;1340.61;1.82;62.15;0.37;0.67;2020-04-01;Primera ola;Confinamiento
2020;04;Castilla la mancha;Otr hortalizas/verd ;1504.57;3591.83;2.39;73.52;0.75;1.8;2020-04-01;Primera ola;Confinamiento
2020;04;Castilla la mancha;Brocoli;150.05;403.39;2.69;18.73;0.08;0.2;2020-04-01;Primera ola;Confinamiento
2020;04;Castilla la mancha;Alcachofas;211.46;441.6;2.09;24.38;0.11;0.22;2020-04-01;Primera ola;Confinamiento
2020;04;Castilla la mancha;Apio;41.19;81.48;1.98;10.07;0.02;0.04;2020-04-01;Primera ola;Confinamiento
2020;04;Castilla la mancha;Coliflor;131.78;257.56;1.95;13.25;0.07;0.13;2020-04-01;Primera ola;Confinamiento
2020;04;Castilla la mancha;Verd /hort  iv gama;972.02;2632.36;2.71;64.28;0.49;1.32;2020-04-01;Primera ola;Confinamiento
2020;04;Castilla la mancha;Puerro;172.56;465.51;2.7;31.4;0.09;0.23;2020-04-01;Primera ola;Confinamiento
2020;04;Castilla leon;Patatas;6043.08;5914.75;0.98;78.64;2.64;2.58;2020-04-01;Primera ola;Confinamiento
2020;04;Castilla leon;Patatas frescas;4291.31;3937.88;0.92;65.99;1.87;1.72;2020-04-01;Primera ola;Confinamiento
2020;04;Castilla leon;Patatas congeladas;141.23;160.96;1.14;5.57;0.06;0.07;2020-04-01;Primera ola;Confinamiento
2020;04;Castilla leon;Patatas procesadas;322.11;1815.9;5.64;51.4;0.14;0.79;2020-04-01;Primera ola;Confinamiento
2020;04;Castilla leon;Patatas fritas;259.36;1726.86;6.66;50.06;0.11;0.75;2020-04-01;Primera ola;Confinamiento
2020;04;Castilla leon;Hortalizas frescas;12900.59;25235.42;1.96;97.44;5.63;11.01;2020-04-01;Primera ola;Confinamiento
2020;04;Castilla leon;Omates;2366.08;4364.66;1.84;80.83;1.03;1.9;2020-04-01;Primera ola;Confinamiento
2020;04;Castilla leon;Cebollas;1749.54;2299.95;1.31;73.93;0.76;1.0;2020-04-01;Primera ola;Confinamiento
2020;04;Castilla leon;Ajos;214.01;1039.07;4.86;47.05;0.09;0.45;2020-04-01;Primera ola;Confinamiento
2020;04;Castilla leon;Coles;513.92;571.23;1.11;27.32;0.22;0.25;2020-04-01;Primera ola;Confinamiento
2020;04;Castilla leon;Pepinos;364.94;603.82;1.65;22.83;0.16;0.26;2020-04-01;Primera ola;Confinamiento
2020;04;Castilla leon;Judias verdes;236.54;716.41;3.03;25.11;0.1;0.31;2020-04-01;Primera ola;Confinamiento
2020;04;Castilla leon;Pimientos;1121.52;2589.92;2.31;71.86;0.49;1.13;2020-04-01;Primera ola;Confinamiento
2020;04;Castilla leon;Champiñoneso setas;294.08;1120.65;3.81;37.81;0.13;0.49;2020-04-01;Primera ola;Confinamiento
2020;04;Castilla leon;Lechuga/esc /endivia;1195.36;2838.78;2.37;77.92;0.52;1.24;2020-04-01;Primera ola;Confinamiento
2020;04;Castilla leon;Esparragos;148.31;498.29;3.36;12.37;0.06;0.22;2020-04-01;Primera ola;Confinamiento
2020;04;Castilla leon;Verduras de hoja;424.5;871.33;2.05;24.11;0.19;0.38;2020-04-01;Primera ola;Confinamiento
2020;04;Castilla leon;Berenjenas;274.71;464.63;1.69;25.61;0.12;0.2;2020-04-01;Primera ola;Confinamiento
2020;04;Castilla leon;Zanahorias;1193.95;1018.07;0.85;67.42;0.52;0.44;2020-04-01;Primera ola;Confinamiento
2020;04;Castilla leon;Calabacines;1138.33;1985.07;1.74;58.02;0.5;0.87;2020-04-01;Primera ola;Confinamiento
2020;04;Castilla leon;Otr hortalizas/verd ;1664.79;4253.57;2.56;72.21;0.73;1.86;2020-04-01;Primera ola;Confinamiento
2020;04;Castilla leon;Brocoli;249.13;690.25;2.77;22.41;0.11;0.3;2020-04-01;Primera ola;Confinamiento
2020;04;Castilla leon;Alcachofas;175.47;292.23;1.67;16.24;0.08;0.13;2020-04-01;Primera ola;Confinamiento
2020;04;Castilla leon;Apio;27.89;55.92;2.0;4.39;0.01;0.02;2020-04-01;Primera ola;Confinamiento
2020;04;Castilla leon;Coliflor;254.91;448.33;1.76;17.9;0.11;0.2;2020-04-01;Primera ola;Confinamiento
2020;04;Castilla leon;Verd /hort  iv gama;1311.31;3551.33;2.71;64.3;0.57;1.55;2020-04-01;Primera ola;Confinamiento
2020;04;Castilla leon;Puerro;225.68;709.05;3.14;36.56;0.1;0.31;2020-04-01;Primera ola;Confinamiento
2020;04;Cataluña;Patatas;23795.56;25701.87;1.08;87.47;3.44;3.72;2020-04-01;Primera ola;Confinamiento
2020;04;Cataluña;Patatas frescas;16233.23;16347.41;1.01;80.3;2.35;2.37;2020-04-01;Primera ola;Confinamiento
2020;04;Cataluña;Patatas congeladas;844.8;1145.55;1.36;14.04;0.12;0.17;2020-04-01;Primera ola;Confinamiento
2020;04;Cataluña;Patatas procesadas;1343.51;8208.91;6.11;57.27;0.19;1.19;2020-04-01;Primera ola;Confinamiento
2020;04;Cataluña;Patatas fritas;1142.72;7881.24;6.9;56.04;0.17;1.14;2020-04-01;Primera ola;Confinamiento
2020;04;Cataluña;Hortalizas frescas;56651.29;120584.52;2.13;98.72;8.2;17.46;2020-04-01;Primera ola;Confinamiento
2020;04;Cataluña;Omates;10776.98;22645.97;2.1;91.71;1.56;3.28;2020-04-01;Primera ola;Confinamiento
2020;04;Cataluña;Cebollas;7258.56;10744.77;1.48;83.69;1.05;1.56;2020-04-01;Primera ola;Confinamiento
2020;04;Cataluña;Ajos;555.02;2484.01;4.48;42.7;0.08;0.36;2020-04-01;Primera ola;Confinamiento
2020;04;Cataluña;Coles;1439.74;1920.1;1.33;29.33;0.21;0.28;2020-04-01;Primera ola;Confinamiento
2020;04;Cataluña;Pepinos;1366.24;2206.56;1.62;36.52;0.2;0.32;2020-04-01;Primera ola;Confinamiento
2020;04;Cataluña;Judias verdes;1642.07;6612.56;4.03;44.03;0.24;0.96;2020-04-01;Primera ola;Confinamiento
2020;04;Cataluña;Pimientos;4468.79;10603.53;2.37;74.72;0.65;1.53;2020-04-01;Primera ola;Confinamiento
2020;04;Cataluña;Champiñoneso setas;1205.95;4761.26;3.95;46.68;0.17;0.69;2020-04-01;Primera ola;Confinamiento
2020;04;Cataluña;Lechuga/esc /endivia;3887.99;11180.14;2.88;73.46;0.56;1.62;2020-04-01;Primera ola;Confinamiento
2020;04;Cataluña;Esparragos;1069.42;2229.42;2.08;20.75;0.15;0.32;2020-04-01;Primera ola;Confinamiento
2020;04;Cataluña;Verduras de hoja;1553.77;3952.09;2.54;38.05;0.22;0.57;2020-04-01;Primera ola;Confinamiento
2020;04;Cataluña;Berenjenas;2262.42;3788.12;1.67;56.85;0.33;0.55;2020-04-01;Primera ola;Confinamiento
2020;04;Cataluña;Zanahorias;3260.03;3556.76;1.09;66.99;0.47;0.51;2020-04-01;Primera ola;Confinamiento
2020;04;Cataluña;Calabacines;3874.98;6827.19;1.76;63.07;0.56;0.99;2020-04-01;Primera ola;Confinamiento
2020;04;Cataluña;Otr hortalizas/verd ;12029.32;27072.06;2.25;85.71;1.74;3.92;2020-04-01;Primera ola;Confinamiento
2020;04;Cataluña;Brocoli;1394.82;2916.03;2.09;30.85;0.2;0.42;2020-04-01;Primera ola;Confinamiento
2020;04;Cataluña;Alcachofas;3519.91;6778.79;1.93;47.71;0.51;0.98;2020-04-01;Primera ola;Confinamiento
2020;04;Cataluña;Apio;549.17;794.04;1.45;18.53;0.08;0.11;2020-04-01;Primera ola;Confinamiento
2020;04;Cataluña;Coliflor;599.02;1192.23;1.99;15.69;0.09;0.17;2020-04-01;Primera ola;Confinamiento
2020;04;Cataluña;Verd /hort  iv gama;6408.13;17598.72;2.75;76.97;0.93;2.55;2020-04-01;Primera ola;Confinamiento
2020;04;Cataluña;Puerro;1079.83;2798.61;2.59;34.09;0.16;0.41;2020-04-01;Primera ola;Confinamiento
2020;04;Extremadura;Patatas;3640.84;3713.3;1.02;88.66;3.25;3.31;2020-04-01;Primera ola;Confinamiento
2020;04;Extremadura;Patatas frescas;2567.1;2348.07;0.91;83.92;2.29;2.09;2020-04-01;Primera ola;Confinamiento
2020;04;Extremadura;Patatas congeladas;121.23;148.48;1.22;17.15;0.11;0.13;2020-04-01;Primera ola;Confinamiento
2020;04;Extremadura;Patatas procesadas;190.5;1216.75;6.39;57.43;0.17;1.09;2020-04-01;Primera ola;Confinamiento
2020;04;Extremadura;Patatas fritas;179.31;1202.44;6.71;55.99;0.16;1.07;2020-04-01;Primera ola;Confinamiento
2020;04;Extremadura;Hortalizas frescas;6295.86;12438.46;1.98;97.49;5.62;11.09;2020-04-01;Primera ola;Confinamiento
2020;04;Extremadura;Omates;1367.73;2367.78;1.73;83.15;1.22;2.11;2020-04-01;Primera ola;Confinamiento
2020;04;Extremadura;Cebollas;789.4;1057.43;1.34;81.2;0.7;0.94;2020-04-01;Primera ola;Confinamiento
2020;04;Extremadura;Ajos;89.52;384.49;4.3;45.73;0.08;0.34;2020-04-01;Primera ola;Confinamiento
2020;04;Extremadura;Coles;192.15;222.62;1.16;22.15;0.17;0.2;2020-04-01;Primera ola;Confinamiento
2020;04;Extremadura;Pepinos;143.66;209.82;1.46;31.56;0.13;0.19;2020-04-01;Primera ola;Confinamiento
2020;04;Extremadura;Judias verdes;108.44;326.97;3.02;23.76;0.1;0.29;2020-04-01;Primera ola;Confinamiento
2020;04;Extremadura;Pimientos;560.9;1263.16;2.25;69.63;0.5;1.13;2020-04-01;Primera ola;Confinamiento
2020;04;Extremadura;Champiñoneso setas;109.72;441.5;4.02;33.03;0.1;0.39;2020-04-01;Primera ola;Confinamiento
2020;04;Extremadura;Lechuga/esc /endivia;561.61;1667.9;2.97;66.34;0.5;1.49;2020-04-01;Primera ola;Confinamiento
2020;04;Extremadura;Esparragos;78.62;273.49;3.48;10.86;0.07;0.24;2020-04-01;Primera ola;Confinamiento
2020;04;Extremadura;Verduras de hoja;247.21;479.24;1.94;37.5;0.22;0.43;2020-04-01;Primera ola;Confinamiento
2020;04;Extremadura;Berenjenas;125.43;204.39;1.63;27.53;0.11;0.18;2020-04-01;Primera ola;Confinamiento
2020;04;Extremadura;Zanahorias;402.74;376.72;0.94;63.82;0.36;0.34;2020-04-01;Primera ola;Confinamiento
2020;04;Extremadura;Calabacines;521.44;860.31;1.65;63.54;0.47;0.77;2020-04-01;Primera ola;Confinamiento
2020;04;Extremadura;Otr hortalizas/verd ;997.3;2302.63;2.31;73.3;0.89;2.05;2020-04-01;Primera ola;Confinamiento
2020;04;Extremadura;Brocoli;125.66;243.54;1.94;17.79;0.11;0.22;2020-04-01;Primera ola;Confinamiento
2020;04;Extremadura;Alcachofas;157.21;350.4;2.23;27.88;0.14;0.31;2020-04-01;Primera ola;Confinamiento
2020;04;Extremadura;Apio;41.72;73.5;1.76;15.14;0.04;0.07;2020-04-01;Primera ola;Confinamiento
2020;04;Extremadura;Coliflor;57.01;104.84;1.84;10.52;0.05;0.09;2020-04-01;Primera ola;Confinamiento
2020;04;Extremadura;Verd /hort  iv gama;685.35;1906.32;2.78;67.47;0.61;1.7;2020-04-01;Primera ola;Confinamiento
2020;04;Extremadura;Puerro;95.27;311.97;3.27;35.34;0.08;0.28;2020-04-01;Primera ola;Confinamiento
2020;04;Galicia;Patatas;9246.82;8702.76;0.94;77.03;3.56;3.35;2020-04-01;Primera ola;Confinamiento
2020;04;Galicia;Patatas frescas;7166.21;6322.93;0.88;63.51;2.76;2.44;2020-04-01;Primera ola;Confinamiento
2020;04;Galicia;Patatas congeladas;235.19;369.15;1.57;9.74;0.09;0.14;2020-04-01;Primera ola;Confinamiento
2020;04;Galicia;Patatas procesadas;369.08;2010.68;5.45;44.07;0.14;0.77;2020-04-01;Primera ola;Confinamiento
2020;04;Galicia;Patatas fritas;270.81;1843.97;6.81;39.91;0.1;0.71;2020-04-01;Primera ola;Confinamiento
2020;04;Galicia;Hortalizas frescas;14693.0;30392.91;2.07;97.94;5.66;11.71;2020-04-01;Primera ola;Confinamiento
2020;04;Galicia;Omates;2342.8;4858.3;2.07;81.32;0.9;1.87;2020-04-01;Primera ola;Confinamiento
2020;04;Galicia;Cebollas;1834.25;2595.35;1.41;73.65;0.71;1.0;2020-04-01;Primera ola;Confinamiento
2020;04;Galicia;Ajos;204.97;914.19;4.46;46.35;0.08;0.35;2020-04-01;Primera ola;Confinamiento
2020;04;Galicia;Coles;1300.63;1439.71;1.11;31.05;0.5;0.55;2020-04-01;Primera ola;Confinamiento
2020;04;Galicia;Pepinos;200.07;325.19;1.63;17.81;0.08;0.13;2020-04-01;Primera ola;Confinamiento
2020;04;Galicia;Judias verdes;341.33;1165.36;3.41;30.64;0.13;0.45;2020-04-01;Primera ola;Confinamiento
2020;04;Galicia;Pimientos;1236.94;3077.59;2.49;68.1;0.48;1.19;2020-04-01;Primera ola;Confinamiento
2020;04;Galicia;Champiñoneso setas;229.31;1005.79;4.39;33.76;0.09;0.39;2020-04-01;Primera ola;Confinamiento
2020;04;Galicia;Lechuga/esc /endivia;1375.85;3502.62;2.55;68.21;0.53;1.35;2020-04-01;Primera ola;Confinamiento
2020;04;Galicia;Esparragos;162.68;370.75;2.28;9.2;0.06;0.14;2020-04-01;Primera ola;Confinamiento
2020;04;Galicia;Verduras de hoja;276.17;760.51;2.75;20.45;0.11;0.29;2020-04-01;Primera ola;Confinamiento
2020;04;Galicia;Berenjenas;295.49;486.86;1.65;25.06;0.11;0.19;2020-04-01;Primera ola;Confinamiento
2020;04;Galicia;Zanahorias;1294.94;1359.9;1.05;72.66;0.5;0.52;2020-04-01;Primera ola;Confinamiento
2020;04;Galicia;Calabacines;806.23;1503.88;1.87;44.43;0.31;0.58;2020-04-01;Primera ola;Confinamiento
2020;04;Galicia;Otr hortalizas/verd ;2791.34;7026.93;2.52;72.3;1.08;2.71;2020-04-01;Primera ola;Confinamiento
2020;04;Galicia;Brocoli;415.12;980.55;2.36;31.35;0.16;0.38;2020-04-01;Primera ola;Confinamiento
2020;04;Galicia;Alcachofas;401.43;908.65;2.26;11.1;0.15;0.35;2020-04-01;Primera ola;Confinamiento
2020;04;Galicia;Apio;63.97;94.5;1.48;3.3;0.02;0.04;2020-04-01;Primera ola;Confinamiento
2020;04;Galicia;Coliflor;121.29;235.4;1.94;6.55;0.05;0.09;2020-04-01;Primera ola;Confinamiento
2020;04;Galicia;Verd /hort  iv gama;1090.22;3293.03;3.02;56.35;0.42;1.27;2020-04-01;Primera ola;Confinamiento
2020;04;Galicia;Puerro;413.77;1108.43;2.68;33.42;0.16;0.43;2020-04-01;Primera ola;Confinamiento
2020;04;La rioja;Patatas;694.86;732.35;1.05;80.72;2.26;2.39;2020-04-01;Primera ola;Confinamiento
2020;04;La rioja;Patatas frescas;534.78;541.42;1.01;77.39;1.74;1.76;2020-04-01;Primera ola;Confinamiento
2020;04;La rioja;Patatas congeladas;12.84;17.33;1.35;4.59;0.04;0.06;2020-04-01;Primera ola;Confinamiento
2020;04;La rioja;Patatas procesadas;29.45;173.6;5.9;39.11;0.1;0.57;2020-04-01;Primera ola;Confinamiento
2020;04;La rioja;Patatas fritas;25.54;168.53;6.6;39.2;0.08;0.55;2020-04-01;Primera ola;Confinamiento
2020;04;La rioja;Hortalizas frescas;1580.79;3444.01;2.18;96.35;5.15;11.22;2020-04-01;Primera ola;Confinamiento
2020;04;La rioja;Omates;149.75;320.3;2.14;55.3;0.49;1.04;2020-04-01;Primera ola;Confinamiento
2020;04;La rioja;Cebollas;250.61;362.39;1.45;70.38;0.82;1.18;2020-04-01;Primera ola;Confinamiento
2020;04;La rioja;Ajos;17.83;98.2;5.51;31.2;0.06;0.32;2020-04-01;Primera ola;Confinamiento
2020;04;La rioja;Coles;20.85;15.03;0.72;7.22;0.07;0.05;2020-04-01;Primera ola;Confinamiento
2020;04;La rioja;Pepinos;33.69;59.33;1.76;13.49;0.11;0.19;2020-04-01;Primera ola;Confinamiento
2020;04;La rioja;Judias verdes;36.45;126.85;3.48;30.69;0.12;0.41;2020-04-01;Primera ola;Confinamiento
2020;04;La rioja;Pimientos;167.0;352.5;2.11;73.09;0.54;1.15;2020-04-01;Primera ola;Confinamiento
2020;04;La rioja;Champiñoneso setas;127.66;277.7;2.18;55.56;0.42;0.9;2020-04-01;Primera ola;Confinamiento
2020;04;La rioja;Lechuga/esc /endivia;129.46;387.55;2.99;70.0;0.42;1.26;2020-04-01;Primera ola;Confinamiento
2020;04;La rioja;Esparragos;70.34;248.9;3.54;18.18;0.23;0.81;2020-04-01;Primera ola;Confinamiento
2020;04;La rioja;Verduras de hoja;40.79;94.55;2.32;27.4;0.13;0.31;2020-04-01;Primera ola;Confinamiento
2020;04;La rioja;Berenjenas;20.83;30.46;1.46;19.06;0.07;0.1;2020-04-01;Primera ola;Confinamiento
2020;04;La rioja;Zanahorias;123.87;116.22;0.94;60.39;0.4;0.38;2020-04-01;Primera ola;Confinamiento
2020;04;La rioja;Calabacines;102.05;182.12;1.78;67.85;0.33;0.59;2020-04-01;Primera ola;Confinamiento
2020;04;La rioja;Otr hortalizas/verd ;289.61;771.92;2.67;71.67;0.94;2.52;2020-04-01;Primera ola;Confinamiento
2020;04;La rioja;Brocoli;23.51;61.86;2.63;16.98;0.08;0.2;2020-04-01;Primera ola;Confinamiento
2020;04;La rioja;Alcachofas;40.81;69.33;1.7;13.07;0.13;0.23;2020-04-01;Primera ola;Confinamiento
2020;04;La rioja;Apio;27.99;62.55;2.23;26.32;0.09;0.2;2020-04-01;Primera ola;Confinamiento
2020;04;La rioja;Coliflor;19.81;37.0;1.87;12.54;0.06;0.12;2020-04-01;Primera ola;Confinamiento
2020;04;La rioja;Verd /hort  iv gama;257.38;525.56;2.04;59.36;0.84;1.71;2020-04-01;Primera ola;Confinamiento
2020;04;La rioja;Puerro;45.02;178.65;3.97;47.43;0.15;0.58;2020-04-01;Primera ola;Confinamiento
2020;04;Madrid;Patatas;21492.19;21736.33;1.01;89.08;3.53;3.57;2020-04-01;Primera ola;Confinamiento
2020;04;Madrid;Patatas frescas;14522.41;14028.41;0.97;82.49;2.39;2.3;2020-04-01;Primera ola;Confinamiento
2020;04;Madrid;Patatas congeladas;694.81;860.06;1.24;12.46;0.11;0.14;2020-04-01;Primera ola;Confinamiento
2020;04;Madrid;Patatas procesadas;1254.99;6847.86;5.46;58.64;0.21;1.12;2020-04-01;Primera ola;Confinamiento
2020;04;Madrid;Patatas fritas;1012.37;6511.59;6.43;56.4;0.17;1.07;2020-04-01;Primera ola;Confinamiento
2020;04;Madrid;Hortalizas frescas;43162.75;88193.52;2.04;98.75;7.09;14.49;2020-04-01;Primera ola;Confinamiento
2020;04;Madrid;Omates;9323.64;17948.28;1.93;90.57;1.53;2.95;2020-04-01;Primera ola;Confinamiento
2020;04;Madrid;Cebollas;5010.66;6734.89;1.34;81.98;0.82;1.11;2020-04-01;Primera ola;Confinamiento
2020;04;Madrid;Ajos;509.71;2209.66;4.34;51.18;0.08;0.36;2020-04-01;Primera ola;Confinamiento
2020;04;Madrid;Coles;1531.24;1716.8;1.12;31.71;0.25;0.28;2020-04-01;Primera ola;Confinamiento
2020;04;Madrid;Pepinos;1233.82;1931.19;1.57;40.33;0.2;0.32;2020-04-01;Primera ola;Confinamiento
2020;04;Madrid;Judias verdes;1175.13;3730.92;3.17;39.98;0.19;0.61;2020-04-01;Primera ola;Confinamiento
2020;04;Madrid;Pimientos;3606.99;8113.07;2.25;79.08;0.59;1.33;2020-04-01;Primera ola;Confinamiento
2020;04;Madrid;Champiñoneso setas;1046.64;4087.61;3.91;45.25;0.17;0.67;2020-04-01;Primera ola;Confinamiento
2020;04;Madrid;Lechuga/esc /endivia;2411.33;7033.38;2.92;71.94;0.4;1.16;2020-04-01;Primera ola;Confinamiento
2020;04;Madrid;Esparragos;905.07;2254.93;2.49;24.17;0.15;0.37;2020-04-01;Primera ola;Confinamiento
2020;04;Madrid;Verduras de hoja;1227.01;3233.82;2.64;39.03;0.2;0.53;2020-04-01;Primera ola;Confinamiento
2020;04;Madrid;Berenjenas;1375.27;2370.24;1.72;43.09;0.23;0.39;2020-04-01;Primera ola;Confinamiento
2020;04;Madrid;Zanahorias;3070.28;2814.49;0.92;70.37;0.5;0.46;2020-04-01;Primera ola;Confinamiento
2020;04;Madrid;Calabacines;3676.24;6481.62;1.76;71.28;0.6;1.06;2020-04-01;Primera ola;Confinamiento
2020;04;Madrid;Otr hortalizas/verd ;7059.7;17532.63;2.48;85.06;1.16;2.88;2020-04-01;Primera ola;Confinamiento
2020;04;Madrid;Brocoli;931.75;2075.76;2.23;26.46;0.15;0.34;2020-04-01;Primera ola;Confinamiento
2020;04;Madrid;Alcachofas;1001.04;2107.89;2.11;25.93;0.16;0.35;2020-04-01;Primera ola;Confinamiento
2020;04;Madrid;Apio;320.21;558.35;1.74;13.37;0.05;0.09;2020-04-01;Primera ola;Confinamiento
2020;04;Madrid;Coliflor;305.42;603.93;1.98;10.32;0.05;0.1;2020-04-01;Primera ola;Confinamiento
2020;04;Madrid;Verd /hort  iv gama;5043.38;14112.13;2.8;75.78;0.83;2.32;2020-04-01;Primera ola;Confinamiento
2020;04;Madrid;Puerro;1173.33;2989.44;2.55;47.12;0.19;0.49;2020-04-01;Primera ola;Confinamiento
2020;04;Murcia;Patatas;4675.6;4826.38;1.03;89.68;3.37;3.48;2020-04-01;Primera ola;Confinamiento
2020;04;Murcia;Patatas frescas;3380.14;3251.15;0.96;79.22;2.43;2.34;2020-04-01;Primera ola;Confinamiento
2020;04;Murcia;Patatas congeladas;169.01;182.3;1.08;13.51;0.12;0.13;2020-04-01;Primera ola;Confinamiento
2020;04;Murcia;Patatas procesadas;225.29;1392.93;6.18;60.69;0.16;1.0;2020-04-01;Primera ola;Confinamiento
2020;04;Murcia;Patatas fritas;205.02;1360.1;6.63;59.63;0.15;0.98;2020-04-01;Primera ola;Confinamiento
2020;04;Murcia;Hortalizas frescas;9391.14;18826.17;2.0;97.32;6.76;13.56;2020-04-01;Primera ola;Confinamiento
2020;04;Murcia;Omates;2295.07;4028.53;1.76;87.78;1.65;2.9;2020-04-01;Primera ola;Confinamiento
2020;04;Murcia;Cebollas;1019.43;1434.15;1.41;82.8;0.73;1.03;2020-04-01;Primera ola;Confinamiento
2020;04;Murcia;Ajos;82.33;440.9;5.36;36.47;0.06;0.32;2020-04-01;Primera ola;Confinamiento
2020;04;Murcia;Coles;125.98;149.93;1.19;12.79;0.09;0.11;2020-04-01;Primera ola;Confinamiento
2020;04;Murcia;Pepinos;420.56;683.61;1.63;52.46;0.3;0.49;2020-04-01;Primera ola;Confinamiento
2020;04;Murcia;Judias verdes;173.14;674.78;3.9;37.49;0.12;0.49;2020-04-01;Primera ola;Confinamiento
2020;04;Murcia;Pimientos;861.53;2011.28;2.33;79.85;0.62;1.45;2020-04-01;Primera ola;Confinamiento
2020;04;Murcia;Champiñoneso setas;193.06;826.45;4.28;52.6;0.14;0.6;2020-04-01;Primera ola;Confinamiento
2020;04;Murcia;Lechuga/esc /endivia;476.85;1389.69;2.91;69.34;0.34;1.0;2020-04-01;Primera ola;Confinamiento
2020;04;Murcia;Esparragos;112.08;311.32;2.78;21.52;0.08;0.22;2020-04-01;Primera ola;Confinamiento
2020;04;Murcia;Verduras de hoja;197.52;516.81;2.62;41.64;0.14;0.37;2020-04-01;Primera ola;Confinamiento
2020;04;Murcia;Berenjenas;402.13;716.32;1.78;62.47;0.29;0.52;2020-04-01;Primera ola;Confinamiento
2020;04;Murcia;Zanahorias;515.74;476.74;0.92;63.8;0.37;0.34;2020-04-01;Primera ola;Confinamiento
2020;04;Murcia;Calabacines;653.02;1148.69;1.76;71.42;0.47;0.83;2020-04-01;Primera ola;Confinamiento
2020;04;Murcia;Otr hortalizas/verd ;1862.69;4016.97;2.16;79.97;1.34;2.89;2020-04-01;Primera ola;Confinamiento
2020;04;Murcia;Brocoli;307.4;648.84;2.11;28.77;0.22;0.47;2020-04-01;Primera ola;Confinamiento
2020;04;Murcia;Alcachofas;459.51;967.15;2.1;36.24;0.33;0.7;2020-04-01;Primera ola;Confinamiento
2020;04;Murcia;Apio;52.02;96.92;1.86;16.79;0.04;0.07;2020-04-01;Primera ola;Confinamiento
2020;04;Murcia;Coliflor;101.32;193.61;1.91;16.23;0.07;0.14;2020-04-01;Primera ola;Confinamiento
2020;04;Murcia;Verd /hort  iv gama;936.01;2239.47;2.39;70.01;0.67;1.61;2020-04-01;Primera ola;Confinamiento
2020;04;Murcia;Puerro;145.59;363.05;2.49;35.28;0.1;0.26;2020-04-01;Primera ola;Confinamiento
2020;04;Navarra;Patatas;1809.09;1913.41;1.06;75.44;3.15;3.33;2020-04-01;Primera ola;Confinamiento
2020;04;Navarra;Patatas frescas;1432.12;1366.32;0.95;73.35;2.49;2.38;2020-04-01;Primera ola;Confinamiento
2020;04;Navarra;Patatas congeladas;66.82;104.05;1.56;18.67;0.12;0.18;2020-04-01;Primera ola;Confinamiento
2020;04;Navarra;Patatas procesadas;62.03;443.05;7.14;38.11;0.11;0.77;2020-04-01;Primera ola;Confinamiento
2020;04;Navarra;Patatas fritas;57.87;437.86;7.57;37.64;0.1;0.76;2020-04-01;Primera ola;Confinamiento
2020;04;Navarra;Hortalizas frescas;4148.54;8800.27;2.12;98.05;7.22;15.32;2020-04-01;Primera ola;Confinamiento
2020;04;Navarra;Omates;477.95;902.47;1.89;65.1;0.83;1.57;2020-04-01;Primera ola;Confinamiento
2020;04;Navarra;Cebollas;426.29;627.82;1.47;65.02;0.74;1.09;2020-04-01;Primera ola;Confinamiento
2020;04;Navarra;Ajos;39.08;204.22;5.23;42.54;0.07;0.36;2020-04-01;Primera ola;Confinamiento
2020;04;Navarra;Coles;306.83;322.83;1.05;39.4;0.53;0.56;2020-04-01;Primera ola;Confinamiento
2020;04;Navarra;Pepinos;80.61;119.01;1.48;18.88;0.14;0.21;2020-04-01;Primera ola;Confinamiento
2020;04;Navarra;Judias verdes;152.14;577.58;3.8;46.54;0.26;1.01;2020-04-01;Primera ola;Confinamiento
2020;04;Navarra;Pimientos;237.46;602.93;2.54;68.3;0.41;1.05;2020-04-01;Primera ola;Confinamiento
2020;04;Navarra;Champiñoneso setas;144.75;619.58;4.28;59.58;0.25;1.08;2020-04-01;Primera ola;Confinamiento
2020;04;Navarra;Lechuga/esc /endivia;361.52;1018.12;2.82;73.97;0.63;1.77;2020-04-01;Primera ola;Confinamiento
2020;04;Navarra;Esparragos;213.45;555.07;2.6;23.17;0.37;0.97;2020-04-01;Primera ola;Confinamiento
2020;04;Navarra;Verduras de hoja;117.12;322.37;2.75;29.16;0.2;0.56;2020-04-01;Primera ola;Confinamiento
2020;04;Navarra;Berenjenas;96.06;201.13;2.09;30.73;0.17;0.35;2020-04-01;Primera ola;Confinamiento
2020;04;Navarra;Zanahorias;243.31;229.21;0.94;75.16;0.42;0.4;2020-04-01;Primera ola;Confinamiento
2020;04;Navarra;Calabacines;335.12;595.91;1.78;76.09;0.58;1.04;2020-04-01;Primera ola;Confinamiento
2020;04;Navarra;Otr hortalizas/verd ;916.84;1902.04;2.07;81.37;1.6;3.31;2020-04-01;Primera ola;Confinamiento
2020;04;Navarra;Brocoli;250.37;332.44;1.33;28.9;0.44;0.58;2020-04-01;Primera ola;Confinamiento
2020;04;Navarra;Alcachofas;139.84;228.36;1.63;21.87;0.24;0.4;2020-04-01;Primera ola;Confinamiento
2020;04;Navarra;Apio;35.84;52.39;1.46;13.83;0.06;0.09;2020-04-01;Primera ola;Confinamiento
2020;04;Navarra;Coliflor;25.75;50.62;1.97;8.95;0.04;0.09;2020-04-01;Primera ola;Confinamiento
2020;04;Navarra;Verd /hort  iv gama;348.25;986.07;2.83;67.71;0.61;1.72;2020-04-01;Primera ola;Confinamiento
2020;04;Navarra;Puerro;62.64;344.15;5.49;41.54;0.11;0.6;2020-04-01;Primera ola;Confinamiento
2020;04;Pais vasco;Patatas;7732.27;8115.87;1.05;90.45;3.82;4.01;2020-04-01;Primera ola;Confinamiento
2020;04;Pais vasco;Patatas frescas;5594.83;5307.46;0.95;85.23;2.76;2.62;2020-04-01;Primera ola;Confinamiento
2020;04;Pais vasco;Patatas congeladas;122.6;155.1;1.27;5.92;0.06;0.08;2020-04-01;Primera ola;Confinamiento
2020;04;Pais vasco;Patatas procesadas;402.97;2653.3;6.58;57.88;0.2;1.31;2020-04-01;Primera ola;Confinamiento
2020;04;Pais vasco;Patatas fritas;362.89;2597.18;7.16;57.11;0.18;1.28;2020-04-01;Primera ola;Confinamiento
2020;04;Pais vasco;Hortalizas frescas;15242.19;34033.33;2.23;98.02;7.52;16.8;2020-04-01;Primera ola;Confinamiento
2020;04;Pais vasco;Omates;2668.09;5685.42;2.13;85.07;1.32;2.81;2020-04-01;Primera ola;Confinamiento
2020;04;Pais vasco;Cebollas;2171.75;3469.18;1.6;84.6;1.07;1.71;2020-04-01;Primera ola;Confinamiento
2020;04;Pais vasco;Ajos;190.26;920.11;4.84;51.21;0.09;0.45;2020-04-01;Primera ola;Confinamiento
2020;04;Pais vasco;Coles;370.71;436.92;1.18;27.19;0.18;0.22;2020-04-01;Primera ola;Confinamiento
2020;04;Pais vasco;Pepinos;400.99;669.71;1.67;26.44;0.2;0.33;2020-04-01;Primera ola;Confinamiento
2020;04;Pais vasco;Judias verdes;504.0;1670.21;3.31;45.15;0.25;0.82;2020-04-01;Primera ola;Confinamiento
2020;04;Pais vasco;Pimientos;1308.72;3262.8;2.49;71.1;0.65;1.61;2020-04-01;Primera ola;Confinamiento
2020;04;Pais vasco;Champiñoneso setas;496.01;2014.73;4.06;57.26;0.24;0.99;2020-04-01;Primera ola;Confinamiento
2020;04;Pais vasco;Lechuga/esc /endivia;1110.39;3154.22;2.84;78.27;0.55;1.56;2020-04-01;Primera ola;Confinamiento
2020;04;Pais vasco;Esparragos;311.3;1013.05;3.25;19.89;0.15;0.5;2020-04-01;Primera ola;Confinamiento
2020;04;Pais vasco;Verduras de hoja;441.19;1177.74;2.67;32.21;0.22;0.58;2020-04-01;Primera ola;Confinamiento
2020;04;Pais vasco;Berenjenas;344.38;613.93;1.78;36.63;0.17;0.3;2020-04-01;Primera ola;Confinamiento
2020;04;Pais vasco;Zanahorias;1257.3;1247.74;0.99;78.68;0.62;0.62;2020-04-01;Primera ola;Confinamiento
2020;04;Pais vasco;Calabacines;1309.85;2324.59;1.77;69.1;0.65;1.15;2020-04-01;Primera ola;Confinamiento
2020;04;Pais vasco;Otr hortalizas/verd ;2357.24;6372.98;2.7;80.09;1.16;3.15;2020-04-01;Primera ola;Confinamiento
2020;04;Pais vasco;Brocoli;282.64;816.39;2.89;23.36;0.14;0.4;2020-04-01;Primera ola;Confinamiento
2020;04;Pais vasco;Alcachofas;348.16;710.93;2.04;26.12;0.17;0.35;2020-04-01;Primera ola;Confinamiento
2020;04;Pais vasco;Apio;25.03;48.29;1.93;3.51;0.01;0.02;2020-04-01;Primera ola;Confinamiento
2020;04;Pais vasco;Coliflor;142.99;298.09;2.08;9.68;0.07;0.15;2020-04-01;Primera ola;Confinamiento
2020;04;Pais vasco;Verd /hort  iv gama;1300.3;4189.65;3.22;68.78;0.64;2.07;2020-04-01;Primera ola;Confinamiento
2020;04;Pais vasco;Puerro;374.67;1264.3;3.37;54.09;0.18;0.62;2020-04-01;Primera ola;Confinamiento
2020;04;Valencia;Patatas;15406.52;16000.41;1.04;88.37;3.31;3.44;2020-04-01;Primera ola;Confinamiento
2020;04;Valencia;Patatas frescas;10449.78;10296.32;0.99;77.94;2.24;2.21;2020-04-01;Primera ola;Confinamiento
2020;04;Valencia;Patatas congeladas;528.07;769.76;1.46;15.51;0.11;0.17;2020-04-01;Primera ola;Confinamiento
2020;04;Valencia;Patatas procesadas;885.73;4934.33;5.57;59.1;0.19;1.06;2020-04-01;Primera ola;Confinamiento
2020;04;Valencia;Patatas fritas;764.77;4767.12;6.23;57.39;0.16;1.02;2020-04-01;Primera ola;Confinamiento
2020;04;Valencia;Hortalizas frescas;33227.32;66829.31;2.01;98.15;7.13;14.35;2020-04-01;Primera ola;Confinamiento
2020;04;Valencia;Omates;6288.1;11510.66;1.83;87.89;1.35;2.47;2020-04-01;Primera ola;Confinamiento
2020;04;Valencia;Cebollas;4480.29;6048.65;1.35;76.73;0.96;1.3;2020-04-01;Primera ola;Confinamiento
2020;04;Valencia;Ajos;317.84;1453.2;4.57;35.9;0.07;0.31;2020-04-01;Primera ola;Confinamiento
2020;04;Valencia;Coles;684.13;835.4;1.22;22.36;0.15;0.18;2020-04-01;Primera ola;Confinamiento
2020;04;Valencia;Pepinos;1243.04;1880.06;1.51;40.58;0.27;0.4;2020-04-01;Primera ola;Confinamiento
2020;04;Valencia;Judias verdes;748.97;2697.16;3.6;36.66;0.16;0.58;2020-04-01;Primera ola;Confinamiento
2020;04;Valencia;Pimientos;2714.78;6117.03;2.25;75.67;0.58;1.31;2020-04-01;Primera ola;Confinamiento
2020;04;Valencia;Champiñoneso setas;910.76;3705.75;4.07;53.24;0.2;0.8;2020-04-01;Primera ola;Confinamiento
2020;04;Valencia;Lechuga/esc /endivia;1926.72;5600.83;2.91;71.6;0.41;1.2;2020-04-01;Primera ola;Confinamiento
2020;04;Valencia;Esparragos;438.03;1199.73;2.74;19.36;0.09;0.26;2020-04-01;Primera ola;Confinamiento
2020;04;Valencia;Verduras de hoja;944.52;2408.8;2.55;36.01;0.2;0.52;2020-04-01;Primera ola;Confinamiento
2020;04;Valencia;Berenjenas;1116.66;2068.21;1.85;47.63;0.24;0.44;2020-04-01;Primera ola;Confinamiento
2020;04;Valencia;Zanahorias;1988.52;1810.82;0.91;65.68;0.43;0.39;2020-04-01;Primera ola;Confinamiento
2020;04;Valencia;Calabacines;2137.87;3752.13;1.76;64.79;0.46;0.81;2020-04-01;Primera ola;Confinamiento
2020;04;Valencia;Otr hortalizas/verd ;7287.09;15740.87;2.16;87.53;1.56;3.38;2020-04-01;Primera ola;Confinamiento
2020;04;Valencia;Brocoli;522.85;1321.41;2.53;24.54;0.11;0.28;2020-04-01;Primera ola;Confinamiento
2020;04;Valencia;Alcachofas;2000.21;3415.16;1.71;51.9;0.43;0.73;2020-04-01;Primera ola;Confinamiento
2020;04;Valencia;Apio;306.73;476.85;1.55;15.34;0.07;0.1;2020-04-01;Primera ola;Confinamiento
2020;04;Valencia;Coliflor;422.29;831.38;1.97;15.59;0.09;0.18;2020-04-01;Primera ola;Confinamiento
2020;04;Valencia;Verd /hort  iv gama;3642.96;10087.41;2.77;73.42;0.78;2.17;2020-04-01;Primera ola;Confinamiento
2020;04;Valencia;Puerro;526.15;1471.25;2.8;34.37;0.11;0.32;2020-04-01;Primera ola;Confinamiento
2020;04;Nacional;Frutas frescas;434581.01;766815.93;1.76;97.92;9.81;17.31;2020-04-01;Primera ola;Confinamiento
2020;04;Nacional;Naranjas;124241.2;142344.9;1.15;68.48;2.8;3.21;2020-04-01;Primera ola;Confinamiento
2020;04;Nacional;Mandarinas;27983.48;56292.77;2.01;47.15;0.63;1.27;2020-04-01;Primera ola;Confinamiento
2020;04;Nacional;Limones;14690.94;27005.85;1.84;49.2;0.33;0.61;2020-04-01;Primera ola;Confinamiento
2020;04;Nacional;Platanos;72556.54;117267.0;1.62;87.58;1.64;2.65;2020-04-01;Primera ola;Confinamiento
2020;04;Nacional;Manzanas;59827.55;93777.98;1.57;79.13;1.35;2.12;2020-04-01;Primera ola;Confinamiento
2020;04;Nacional;Peras;28018.36;49780.19;1.78;59.21;0.63;1.12;2020-04-01;Primera ola;Confinamiento
2020;04;Nacional;Melocotones;1207.67;2678.37;2.22;5.94;0.03;0.06;2020-04-01;Primera ola;Confinamiento
2020;04;Nacional;Nectarinas;1513.48;3173.58;2.1;6.21;0.03;0.07;2020-04-01;Primera ola;Confinamiento
2020;04;Nacional;Albaricoques;718.04;2210.63;3.08;6.17;0.02;0.05;2020-04-01;Primera ola;Confinamiento
2020;04;Nacional;Fresas/freson;35622.95;90227.71;2.53;70.98;0.8;2.04;2020-04-01;Primera ola;Confinamiento
2020;04;Nacional;Melon;9486.76;18161.5;1.91;13.22;0.21;0.41;2020-04-01;Primera ola;Confinamiento
2020;04;Nacional;Sandia;7902.54;10536.44;1.33;10.14;0.18;0.24;2020-04-01;Primera ola;Confinamiento
2020;04;Nacional;Ciruelas;1711.18;5266.59;3.08;9.83;0.04;0.12;2020-04-01;Primera ola;Confinamiento
2020;04;Nacional;Cerezas;114.99;430.79;3.75;1.07;0.0;0.01;2020-04-01;Primera ola;Confinamiento
2020;04;Nacional;Uvas;3800.16;15714.46;4.14;15.82;0.09;0.35;2020-04-01;Primera ola;Confinamiento
2020;04;Nacional;Kiwi;15285.96;44754.41;2.93;44.21;0.35;1.01;2020-04-01;Primera ola;Confinamiento
2020;04;Nacional;Aguacate;7420.39;32198.66;4.34;35.79;0.17;0.73;2020-04-01;Primera ola;Confinamiento
2020;04;Nacional;Piña;9958.09;16034.8;1.61;21.37;0.22;0.36;2020-04-01;Primera ola;Confinamiento
2020;04;Nacional;Otras frutas frescas;12520.72;38959.3;3.11;35.55;0.28;0.88;2020-04-01;Primera ola;Confinamiento
2020;04;Nacional;Pomelo;1844.77;3425.55;1.86;3.21;0.04;0.08;2020-04-01;Primera ola;Confinamiento
2020;04;Nacional;Chirimoya;10.11;44.16;4.37;0.07;0.0;0.0;2020-04-01;Primera ola;Confinamiento
2020;04;Nacional;Mango;2976.04;8444.78;2.84;12.35;0.07;0.19;2020-04-01;Primera ola;Confinamiento
2020;04;Nacional;Frutas iv gama;17719.29;34581.14;1.95;32.81;0.4;0.78;2020-04-01;Primera ola;Confinamiento
2020;04;Andalucia;Frutas frescas;68180.69;113798.92;1.67;97.21;8.17;13.64;2020-04-01;Primera ola;Confinamiento
2020;04;Andalucia;Naranjas;19913.09;21728.63;1.09;64.21;2.39;2.6;2020-04-01;Primera ola;Confinamiento
2020;04;Andalucia;Mandarinas;4181.42;7251.71;1.73;45.05;0.5;0.87;2020-04-01;Primera ola;Confinamiento
2020;04;Andalucia;Limones;2066.61;3660.72;1.77;40.18;0.25;0.44;2020-04-01;Primera ola;Confinamiento
2020;04;Andalucia;Platanos;11328.61;16948.63;1.5;85.18;1.36;2.03;2020-04-01;Primera ola;Confinamiento
2020;04;Andalucia;Manzanas;8953.25;13827.74;1.54;76.29;1.07;1.66;2020-04-01;Primera ola;Confinamiento
2020;04;Andalucia;Peras;4109.22;7192.76;1.75;57.42;0.49;0.86;2020-04-01;Primera ola;Confinamiento
2020;04;Andalucia;Melocotones;206.24;439.47;2.13;7.42;0.02;0.05;2020-04-01;Primera ola;Confinamiento
2020;04;Andalucia;Nectarinas;329.86;554.03;1.68;7.97;0.04;0.07;2020-04-01;Primera ola;Confinamiento
2020;04;Andalucia;Albaricoques;196.75;534.7;2.72;7.22;0.02;0.06;2020-04-01;Primera ola;Confinamiento
2020;04;Andalucia;Fresas/freson;5761.11;14131.95;2.45;71.16;0.69;1.69;2020-04-01;Primera ola;Confinamiento
2020;04;Andalucia;Melon;1476.09;2812.35;1.91;14.62;0.18;0.34;2020-04-01;Primera ola;Confinamiento
2020;04;Andalucia;Sandia;1828.05;2341.22;1.28;12.09;0.22;0.28;2020-04-01;Primera ola;Confinamiento
2020;04;Andalucia;Ciruelas;295.43;843.91;2.86;9.18;0.04;0.1;2020-04-01;Primera ola;Confinamiento
2020;04;Andalucia;Cerezas;21.95;84.61;3.85;1.14;0.0;0.01;2020-04-01;Primera ola;Confinamiento
2020;04;Andalucia;Uvas;670.6;2682.8;4.0;18.08;0.08;0.32;2020-04-01;Primera ola;Confinamiento
2020;04;Andalucia;Kiwi;2075.91;5785.92;2.79;39.38;0.25;0.69;2020-04-01;Primera ola;Confinamiento
2020;04;Andalucia;Aguacate;1247.43;4850.01;3.89;36.7;0.15;0.58;2020-04-01;Primera ola;Confinamiento
2020;04;Andalucia;Piña;1337.35;2232.17;1.67;21.15;0.16;0.27;2020-04-01;Primera ola;Confinamiento
2020;04;Andalucia;Otras frutas frescas;2181.71;5895.59;2.7;37.54;0.26;0.71;2020-04-01;Primera ola;Confinamiento
2020;04;Andalucia;Pomelo;260.61;344.43;1.32;2.42;0.03;0.04;2020-04-01;Primera ola;Confinamiento
2020;04;Andalucia;Chirimoya;0.0;0.0;0.0;0.0;0.0;0.0;2020-04-01;Primera ola;Confinamiento
2020;04;Andalucia;Mango;562.22;1500.17;2.67;14.02;0.07;0.18;2020-04-01;Primera ola;Confinamiento
2020;04;Andalucia;Frutas iv gama;2839.5;5357.71;1.89;34.89;0.34;0.64;2020-04-01;Primera ola;Confinamiento
2020;04;Aragon;Frutas frescas;13538.71;23184.39;1.71;98.78;10.76;18.42;2020-04-01;Primera ola;Confinamiento
2020;04;Aragon;Naranjas;3664.69;4351.77;1.19;68.32;2.91;3.46;2020-04-01;Primera ola;Confinamiento
2020;04;Aragon;Mandarinas;1149.58;2279.35;1.98;53.02;0.91;1.81;2020-04-01;Primera ola;Confinamiento
2020;04;Aragon;Limones;366.73;669.96;1.83;49.46;0.29;0.53;2020-04-01;Primera ola;Confinamiento
2020;04;Aragon;Platanos;2070.26;3198.8;1.55;89.37;1.64;2.54;2020-04-01;Primera ola;Confinamiento
2020;04;Aragon;Manzanas;2074.13;2981.0;1.44;77.28;1.65;2.37;2020-04-01;Primera ola;Confinamiento
2020;04;Aragon;Peras;767.48;1365.62;1.78;59.09;0.61;1.09;2020-04-01;Primera ola;Confinamiento
2020;04;Aragon;Melocotones;31.71;68.07;2.15;6.14;0.03;0.05;2020-04-01;Primera ola;Confinamiento
2020;04;Aragon;Nectarinas;37.68;92.49;2.45;5.25;0.03;0.07;2020-04-01;Primera ola;Confinamiento
2020;04;Aragon;Albaricoques;17.05;31.43;1.84;4.92;0.01;0.02;2020-04-01;Primera ola;Confinamiento
2020;04;Aragon;Fresas/freson;1335.8;3202.95;2.4;78.75;1.06;2.54;2020-04-01;Primera ola;Confinamiento
2020;04;Aragon;Melon;342.21;610.65;1.78;15.42;0.27;0.49;2020-04-01;Primera ola;Confinamiento
2020;04;Aragon;Sandia;318.7;400.17;1.26;10.61;0.25;0.32;2020-04-01;Primera ola;Confinamiento
2020;04;Aragon;Ciruelas;33.84;125.1;3.7;11.01;0.03;0.1;2020-04-01;Primera ola;Confinamiento
2020;04;Aragon;Cerezas;0.75;5.25;6.99;0.4;0.0;0.0;2020-04-01;Primera ola;Confinamiento
2020;04;Aragon;Uvas;146.7;593.73;4.05;21.78;0.12;0.47;2020-04-01;Primera ola;Confinamiento
2020;04;Aragon;Kiwi;404.2;1080.04;2.67;39.9;0.32;0.86;2020-04-01;Primera ola;Confinamiento
2020;04;Aragon;Aguacate;184.17;755.71;4.1;31.03;0.15;0.6;2020-04-01;Primera ola;Confinamiento
2020;04;Aragon;Piña;348.16;537.7;1.54;19.0;0.28;0.43;2020-04-01;Primera ola;Confinamiento
2020;04;Aragon;Otras frutas frescas;244.89;834.59;3.41;38.32;0.19;0.66;2020-04-01;Primera ola;Confinamiento
2020;04;Aragon;Pomelo;36.0;72.5;2.01;4.59;0.03;0.06;2020-04-01;Primera ola;Confinamiento
2020;04;Aragon;Chirimoya;0.0;0.0;0.0;0.0;0.0;0.0;2020-04-01;Primera ola;Confinamiento
2020;04;Aragon;Mango;56.6;182.48;3.22;14.85;0.04;0.14;2020-04-01;Primera ola;Confinamiento
2020;04;Aragon;Frutas iv gama;588.1;1091.91;1.86;28.35;0.47;0.87;2020-04-01;Primera ola;Confinamiento
2020;04;Asturias;Frutas frescas;12606.89;21484.58;1.7;98.63;12.31;20.98;2020-04-01;Primera ola;Confinamiento
2020;04;Asturias;Naranjas;3875.79;4054.71;1.05;82.21;3.78;3.96;2020-04-01;Primera ola;Confinamiento
2020;04;Asturias;Mandarinas;1122.65;2206.23;1.97;58.28;1.1;2.15;2020-04-01;Primera ola;Confinamiento
2020;04;Asturias;Limones;269.19;515.03;1.91;41.74;0.26;0.5;2020-04-01;Primera ola;Confinamiento
2020;04;Asturias;Platanos;2178.32;3637.0;1.67;87.34;2.13;3.55;2020-04-01;Primera ola;Confinamiento
2020;04;Asturias;Manzanas;1841.06;2830.52;1.54;84.83;1.8;2.76;2020-04-01;Primera ola;Confinamiento
2020;04;Asturias;Peras;594.39;1021.9;1.72;60.43;0.58;1.0;2020-04-01;Primera ola;Confinamiento
2020;04;Asturias;Melocotones;30.4;80.41;2.64;6.85;0.03;0.08;2020-04-01;Primera ola;Confinamiento
2020;04;Asturias;Nectarinas;30.51;82.61;2.71;6.22;0.03;0.08;2020-04-01;Primera ola;Confinamiento
2020;04;Asturias;Albaricoques;2.39;8.26;3.46;0.89;0.0;0.01;2020-04-01;Primera ola;Confinamiento
2020;04;Asturias;Fresas/freson;974.56;2468.9;2.53;68.7;0.95;2.41;2020-04-01;Primera ola;Confinamiento
2020;04;Asturias;Melon;205.31;422.18;2.06;16.13;0.2;0.41;2020-04-01;Primera ola;Confinamiento
2020;04;Asturias;Sandia;41.7;88.14;2.11;4.82;0.04;0.09;2020-04-01;Primera ola;Confinamiento
2020;04;Asturias;Ciruelas;57.53;148.02;2.57;12.65;0.06;0.14;2020-04-01;Primera ola;Confinamiento
2020;04;Asturias;Cerezas;2.48;9.95;4.01;0.88;0.0;0.01;2020-04-01;Primera ola;Confinamiento
2020;04;Asturias;Uvas;37.12;187.35;5.05;12.15;0.04;0.18;2020-04-01;Primera ola;Confinamiento
2020;04;Asturias;Kiwi;489.69;1377.59;2.81;50.93;0.48;1.35;2020-04-01;Primera ola;Confinamiento
2020;04;Asturias;Aguacate;124.02;640.34;5.16;29.33;0.12;0.63;2020-04-01;Primera ola;Confinamiento
2020;04;Asturias;Piña;344.78;486.99;1.41;22.6;0.34;0.48;2020-04-01;Primera ola;Confinamiento
2020;04;Asturias;Otras frutas frescas;385.01;1218.45;3.16;31.58;0.38;1.19;2020-04-01;Primera ola;Confinamiento
2020;04;Asturias;Pomelo;92.98;164.87;1.77;4.44;0.09;0.16;2020-04-01;Primera ola;Confinamiento
2020;04;Asturias;Chirimoya;0.0;0.0;0.0;0.0;0.0;0.0;2020-04-01;Primera ola;Confinamiento
2020;04;Asturias;Mango;94.49;269.74;2.85;10.22;0.09;0.26;2020-04-01;Primera ola;Confinamiento
2020;04;Asturias;Frutas iv gama;297.0;577.89;1.95;25.53;0.29;0.56;2020-04-01;Primera ola;Confinamiento
2020;04;Baleares;Frutas frescas;11506.63;20772.87;1.81;99.12;11.26;20.32;2020-04-01;Primera ola;Confinamiento
2020;04;Baleares;Naranjas;2825.25;3368.41;1.19;66.42;2.76;3.3;2020-04-01;Primera ola;Confinamiento
2020;04;Baleares;Mandarinas;677.42;1285.3;1.9;40.73;0.66;1.26;2020-04-01;Primera ola;Confinamiento
2020;04;Baleares;Limones;523.42;912.83;1.74;43.11;0.51;0.89;2020-04-01;Primera ola;Confinamiento
2020;04;Baleares;Platanos;2141.28;3486.37;1.63;93.42;2.09;3.41;2020-04-01;Primera ola;Confinamiento
2020;04;Baleares;Manzanas;1703.46;2714.91;1.59;81.41;1.67;2.66;2020-04-01;Primera ola;Confinamiento
2020;04;Baleares;Peras;760.59;1320.73;1.74;61.86;0.74;1.29;2020-04-01;Primera ola;Confinamiento
2020;04;Baleares;Melocotones;14.29;34.08;2.38;4.79;0.01;0.03;2020-04-01;Primera ola;Confinamiento
2020;04;Baleares;Nectarinas;45.95;108.67;2.36;8.26;0.04;0.11;2020-04-01;Primera ola;Confinamiento
2020;04;Baleares;Albaricoques;14.09;52.59;3.73;6.13;0.01;0.05;2020-04-01;Primera ola;Confinamiento
2020;04;Baleares;Fresas/freson;821.17;2292.99;2.79;70.37;0.8;2.24;2020-04-01;Primera ola;Confinamiento
2020;04;Baleares;Melon;437.37;744.23;1.7;14.25;0.43;0.73;2020-04-01;Primera ola;Confinamiento
2020;04;Baleares;Sandia;210.85;244.66;1.16;13.57;0.21;0.24;2020-04-01;Primera ola;Confinamiento
2020;04;Baleares;Ciruelas;38.51;140.25;3.64;12.73;0.04;0.14;2020-04-01;Primera ola;Confinamiento
2020;04;Baleares;Cerezas;14.41;63.52;4.41;5.56;0.01;0.06;2020-04-01;Primera ola;Confinamiento
2020;04;Baleares;Uvas;149.37;596.27;3.99;21.16;0.15;0.58;2020-04-01;Primera ola;Confinamiento
2020;04;Baleares;Kiwi;437.25;1367.11;3.13;49.46;0.43;1.34;2020-04-01;Primera ola;Confinamiento
2020;04;Baleares;Aguacate;225.12;1002.48;4.45;50.2;0.22;0.98;2020-04-01;Primera ola;Confinamiento
2020;04;Baleares;Piña;191.29;220.85;1.15;19.14;0.19;0.22;2020-04-01;Primera ola;Confinamiento
2020;04;Baleares;Otras frutas frescas;275.52;816.61;2.96;42.58;0.27;0.8;2020-04-01;Primera ola;Confinamiento
2020;04;Baleares;Pomelo;6.25;10.05;1.61;2.33;0.01;0.01;2020-04-01;Primera ola;Confinamiento
2020;04;Baleares;Chirimoya;0.0;0.0;0.0;0.0;0.0;0.0;2020-04-01;Primera ola;Confinamiento
2020;04;Baleares;Mango;127.1;308.31;2.43;20.18;0.12;0.3;2020-04-01;Primera ola;Confinamiento
2020;04;Baleares;Frutas iv gama;619.14;1115.35;1.8;36.64;0.61;1.09;2020-04-01;Primera ola;Confinamiento
2020;04;Canarias;Frutas frescas;20091.57;35356.67;1.76;98.28;9.37;16.48;2020-04-01;Primera ola;Confinamiento
2020;04;Canarias;Naranjas;4711.77;5139.53;1.09;56.17;2.2;2.4;2020-04-01;Primera ola;Confinamiento
2020;04;Canarias;Mandarinas;1584.36;3017.3;1.9;51.21;0.74;1.41;2020-04-01;Primera ola;Confinamiento
2020;04;Canarias;Limones;747.89;1262.7;1.69;57.21;0.35;0.59;2020-04-01;Primera ola;Confinamiento
2020;04;Canarias;Platanos;4303.78;5820.64;1.35;86.08;2.01;2.71;2020-04-01;Primera ola;Confinamiento
2020;04;Canarias;Manzanas;2563.14;3984.14;1.55;80.05;1.19;1.86;2020-04-01;Primera ola;Confinamiento
2020;04;Canarias;Peras;1483.94;2720.31;1.83;62.53;0.69;1.27;2020-04-01;Primera ola;Confinamiento
2020;04;Canarias;Melocotones;30.94;54.24;1.75;1.92;0.01;0.03;2020-04-01;Primera ola;Confinamiento
2020;04;Canarias;Nectarinas;8.89;23.71;2.67;1.46;0.0;0.01;2020-04-01;Primera ola;Confinamiento
2020;04;Canarias;Albaricoques;5.55;9.26;1.67;0.69;0.0;0.0;2020-04-01;Primera ola;Confinamiento
2020;04;Canarias;Fresas/freson;849.17;3053.66;3.6;48.34;0.4;1.42;2020-04-01;Primera ola;Confinamiento
2020;04;Canarias;Melon;251.25;519.9;2.07;10.42;0.12;0.24;2020-04-01;Primera ola;Confinamiento
2020;04;Canarias;Sandia;270.08;298.76;1.11;9.64;0.13;0.14;2020-04-01;Primera ola;Confinamiento
2020;04;Canarias;Ciruelas;53.0;165.3;3.12;3.66;0.02;0.08;2020-04-01;Primera ola;Confinamiento
2020;04;Canarias;Cerezas;0.86;4.21;4.92;0.36;0.0;0.0;2020-04-01;Primera ola;Confinamiento
2020;04;Canarias;Uvas;145.59;596.87;4.1;11.09;0.07;0.28;2020-04-01;Primera ola;Confinamiento
2020;04;Canarias;Kiwi;629.17;1835.28;2.92;34.79;0.29;0.86;2020-04-01;Primera ola;Confinamiento
2020;04;Canarias;Aguacate;967.75;3354.63;3.47;55.82;0.45;1.56;2020-04-01;Primera ola;Confinamiento
2020;04;Canarias;Piña;219.44;523.62;2.39;16.45;0.1;0.24;2020-04-01;Primera ola;Confinamiento
2020;04;Canarias;Otras frutas frescas;1265.0;2972.6;2.35;41.27;0.59;1.39;2020-04-01;Primera ola;Confinamiento
2020;04;Canarias;Pomelo;117.57;229.53;1.95;3.17;0.05;0.11;2020-04-01;Primera ola;Confinamiento
2020;04;Canarias;Chirimoya;0.0;0.0;0.0;0.0;0.0;0.0;2020-04-01;Primera ola;Confinamiento
2020;04;Canarias;Mango;9.01;92.11;10.23;1.03;0.0;0.04;2020-04-01;Primera ola;Confinamiento
2020;04;Canarias;Frutas iv gama;1173.3;2010.45;1.71;33.77;0.55;0.94;2020-04-01;Primera ola;Confinamiento
2020;04;Cantabria;Frutas frescas;5141.57;8839.45;1.72;99.75;9.57;16.45;2020-04-01;Primera ola;Confinamiento
2020;04;Cantabria;Naranjas;1900.29;2198.54;1.16;80.21;3.54;4.09;2020-04-01;Primera ola;Confinamiento
2020;04;Cantabria;Mandarinas;434.38;924.55;2.13;42.41;0.81;1.72;2020-04-01;Primera ola;Confinamiento
2020;04;Cantabria;Limones;135.9;276.25;2.03;37.16;0.25;0.51;2020-04-01;Primera ola;Confinamiento
2020;04;Cantabria;Platanos;607.93;939.71;1.55;73.87;1.13;1.75;2020-04-01;Primera ola;Confinamiento
2020;04;Cantabria;Manzanas;738.59;1138.94;1.54;86.04;1.37;2.12;2020-04-01;Primera ola;Confinamiento
2020;04;Cantabria;Peras;252.96;397.05;1.57;61.61;0.47;0.74;2020-04-01;Primera ola;Confinamiento
2020;04;Cantabria;Melocotones;8.32;22.6;2.72;8.72;0.02;0.04;2020-04-01;Primera ola;Confinamiento
2020;04;Cantabria;Nectarinas;13.08;23.41;1.79;7.86;0.02;0.04;2020-04-01;Primera ola;Confinamiento
2020;04;Cantabria;Albaricoques;0.7;2.76;3.96;1.26;0.0;0.01;2020-04-01;Primera ola;Confinamiento
2020;04;Cantabria;Fresas/freson;529.39;1276.18;2.41;86.7;0.99;2.38;2020-04-01;Primera ola;Confinamiento
2020;04;Cantabria;Melon;64.02;117.79;1.84;7.96;0.12;0.22;2020-04-01;Primera ola;Confinamiento
2020;04;Cantabria;Sandia;33.22;50.55;1.52;7.27;0.06;0.09;2020-04-01;Primera ola;Confinamiento
2020;04;Cantabria;Ciruelas;9.59;30.5;3.18;5.89;0.02;0.06;2020-04-01;Primera ola;Confinamiento
2020;04;Cantabria;Cerezas;1.22;8.45;6.94;1.95;0.0;0.02;2020-04-01;Primera ola;Confinamiento
2020;04;Cantabria;Uvas;65.87;292.57;4.44;19.12;0.12;0.54;2020-04-01;Primera ola;Confinamiento
2020;04;Cantabria;Kiwi;191.49;641.64;3.35;40.07;0.36;1.19;2020-04-01;Primera ola;Confinamiento
2020;04;Cantabria;Aguacate;50.73;252.31;4.97;22.42;0.09;0.47;2020-04-01;Primera ola;Confinamiento
2020;04;Cantabria;Piña;47.6;52.98;1.11;13.37;0.09;0.1;2020-04-01;Primera ola;Confinamiento
2020;04;Cantabria;Otras frutas frescas;56.31;192.66;3.42;24.78;0.1;0.36;2020-04-01;Primera ola;Confinamiento
2020;04;Cantabria;Pomelo;7.82;13.97;1.79;2.74;0.01;0.03;2020-04-01;Primera ola;Confinamiento
2020;04;Cantabria;Chirimoya;0.0;0.0;0.0;0.0;0.0;0.0;2020-04-01;Primera ola;Confinamiento
2020;04;Cantabria;Mango;5.25;20.6;3.93;3.11;0.01;0.04;2020-04-01;Primera ola;Confinamiento
2020;04;Cantabria;Frutas iv gama;316.25;502.44;1.59;31.74;0.59;0.94;2020-04-01;Primera ola;Confinamiento
2020;04;Castilla la mancha;Frutas frescas;16950.53;28118.09;1.66;98.23;8.48;14.06;2020-04-01;Primera ola;Confinamiento
2020;04;Castilla la mancha;Naranjas;5954.89;6574.59;1.1;70.03;2.98;3.29;2020-04-01;Primera ola;Confinamiento
2020;04;Castilla la mancha;Mandarinas;1044.98;2214.0;2.12;46.5;0.52;1.11;2020-04-01;Primera ola;Confinamiento
2020;04;Castilla la mancha;Limones;575.08;1083.32;1.88;58.56;0.29;0.54;2020-04-01;Primera ola;Confinamiento
2020;04;Castilla la mancha;Platanos;2657.57;4285.98;1.61;88.52;1.33;2.14;2020-04-01;Primera ola;Confinamiento
2020;04;Castilla la mancha;Manzanas;2273.97;3474.15;1.53;79.98;1.14;1.74;2020-04-01;Primera ola;Confinamiento
2020;04;Castilla la mancha;Peras;1014.67;1740.81;1.72;56.19;0.51;0.87;2020-04-01;Primera ola;Confinamiento
2020;04;Castilla la mancha;Melocotones;22.9;26.25;1.15;2.86;0.01;0.01;2020-04-01;Primera ola;Confinamiento
2020;04;Castilla la mancha;Nectarinas;79.12;122.6;1.55;4.31;0.04;0.06;2020-04-01;Primera ola;Confinamiento
2020;04;Castilla la mancha;Albaricoques;26.6;69.39;2.61;6.05;0.01;0.03;2020-04-01;Primera ola;Confinamiento
2020;04;Castilla la mancha;Fresas/freson;1242.26;3326.25;2.68;69.69;0.62;1.66;2020-04-01;Primera ola;Confinamiento
2020;04;Castilla la mancha;Melon;333.87;613.8;1.84;12.15;0.17;0.31;2020-04-01;Primera ola;Confinamiento
2020;04;Castilla la mancha;Sandia;319.14;437.4;1.37;9.48;0.16;0.22;2020-04-01;Primera ola;Confinamiento
2020;04;Castilla la mancha;Ciruelas;52.9;162.38;3.07;7.77;0.03;0.08;2020-04-01;Primera ola;Confinamiento
2020;04;Castilla la mancha;Cerezas;4.15;11.11;2.68;1.21;0.0;0.01;2020-04-01;Primera ola;Confinamiento
2020;04;Castilla la mancha;Uvas;95.91;407.44;4.25;11.26;0.05;0.2;2020-04-01;Primera ola;Confinamiento
2020;04;Castilla la mancha;Kiwi;491.34;1492.37;3.04;35.33;0.25;0.75;2020-04-01;Primera ola;Confinamiento
2020;04;Castilla la mancha;Aguacate;209.26;900.89;4.31;31.03;0.1;0.45;2020-04-01;Primera ola;Confinamiento
2020;04;Castilla la mancha;Piña;322.67;433.8;1.34;17.09;0.16;0.22;2020-04-01;Primera ola;Confinamiento
2020;04;Castilla la mancha;Otras frutas frescas;229.26;741.54;3.23;24.37;0.11;0.37;2020-04-01;Primera ola;Confinamiento
2020;04;Castilla la mancha;Pomelo;49.58;92.85;1.87;4.29;0.02;0.05;2020-04-01;Primera ola;Confinamiento
2020;04;Castilla la mancha;Chirimoya;0.0;0.0;0.0;0.0;0.0;0.0;2020-04-01;Primera ola;Confinamiento
2020;04;Castilla la mancha;Mango;59.53;167.23;2.81;9.67;0.03;0.08;2020-04-01;Primera ola;Confinamiento
2020;04;Castilla la mancha;Frutas iv gama;558.43;1070.66;1.92;39.72;0.28;0.54;2020-04-01;Primera ola;Confinamiento
2020;04;Castilla leon;Frutas frescas;24676.78;40405.43;1.64;97.08;10.76;17.63;2020-04-01;Primera ola;Confinamiento
2020;04;Castilla leon;Naranjas;8262.73;9257.69;1.12;75.36;3.6;4.04;2020-04-01;Primera ola;Confinamiento
2020;04;Castilla leon;Mandarinas;1458.51;2581.94;1.77;48.8;0.64;1.13;2020-04-01;Primera ola;Confinamiento
2020;04;Castilla leon;Limones;780.94;1452.58;1.86;54.57;0.34;0.63;2020-04-01;Primera ola;Confinamiento
2020;04;Castilla leon;Platanos;3470.84;5508.1;1.59;79.57;1.51;2.4;2020-04-01;Primera ola;Confinamiento
2020;04;Castilla leon;Manzanas;3358.85;4901.71;1.46;81.3;1.47;2.14;2020-04-01;Primera ola;Confinamiento
2020;04;Castilla leon;Peras;1883.03;3094.97;1.64;61.39;0.82;1.35;2020-04-01;Primera ola;Confinamiento
2020;04;Castilla leon;Melocotones;73.02;206.99;2.83;8.79;0.03;0.09;2020-04-01;Primera ola;Confinamiento
2020;04;Castilla leon;Nectarinas;93.8;241.37;2.57;10.24;0.04;0.11;2020-04-01;Primera ola;Confinamiento
2020;04;Castilla leon;Albaricoques;42.84;158.29;3.69;6.77;0.02;0.07;2020-04-01;Primera ola;Confinamiento
2020;04;Castilla leon;Fresas/freson;2039.72;4752.13;2.33;69.03;0.89;2.07;2020-04-01;Primera ola;Confinamiento
2020;04;Castilla leon;Melon;565.17;1099.28;1.95;12.51;0.25;0.48;2020-04-01;Primera ola;Confinamiento
2020;04;Castilla leon;Sandia;394.19;636.51;1.61;9.72;0.17;0.28;2020-04-01;Primera ola;Confinamiento
2020;04;Castilla leon;Ciruelas;52.7;157.88;3.0;6.38;0.02;0.07;2020-04-01;Primera ola;Confinamiento
2020;04;Castilla leon;Cerezas;2.33;5.13;2.2;0.53;0.0;0.0;2020-04-01;Primera ola;Confinamiento
2020;04;Castilla leon;Uvas;116.45;512.56;4.4;13.56;0.05;0.22;2020-04-01;Primera ola;Confinamiento
2020;04;Castilla leon;Kiwi;872.41;2412.47;2.77;43.09;0.38;1.05;2020-04-01;Primera ola;Confinamiento
2020;04;Castilla leon;Aguacate;227.39;1047.64;4.61;28.71;0.1;0.46;2020-04-01;Primera ola;Confinamiento
2020;04;Castilla leon;Piña;499.92;683.44;1.37;19.32;0.22;0.3;2020-04-01;Primera ola;Confinamiento
2020;04;Castilla leon;Otras frutas frescas;481.93;1694.75;3.52;29.24;0.21;0.74;2020-04-01;Primera ola;Confinamiento
2020;04;Castilla leon;Pomelo;117.83;353.02;3.0;5.85;0.05;0.15;2020-04-01;Primera ola;Confinamiento
2020;04;Castilla leon;Chirimoya;0.0;0.0;0.0;0.0;0.0;0.0;2020-04-01;Primera ola;Confinamiento
2020;04;Castilla leon;Mango;143.23;446.09;3.11;11.99;0.06;0.19;2020-04-01;Primera ola;Confinamiento
2020;04;Castilla leon;Frutas iv gama;951.5;1697.43;1.78;24.45;0.42;0.74;2020-04-01;Primera ola;Confinamiento
2020;04;Cataluña;Frutas frescas;71869.97;134417.36;1.87;97.96;10.4;19.46;2020-04-01;Primera ola;Confinamiento
2020;04;Cataluña;Naranjas;20240.12;24735.83;1.22;74.81;2.93;3.58;2020-04-01;Primera ola;Confinamiento
2020;04;Cataluña;Mandarinas;4597.72;9869.81;2.15;47.85;0.67;1.43;2020-04-01;Primera ola;Confinamiento
2020;04;Cataluña;Limones;2729.86;5358.7;1.96;52.48;0.4;0.78;2020-04-01;Primera ola;Confinamiento
2020;04;Cataluña;Platanos;11370.51;19430.09;1.71;88.55;1.65;2.81;2020-04-01;Primera ola;Confinamiento
2020;04;Cataluña;Manzanas;10026.43;15644.12;1.56;79.99;1.45;2.26;2020-04-01;Primera ola;Confinamiento
2020;04;Cataluña;Peras;4686.49;8693.18;1.85;59.33;0.68;1.26;2020-04-01;Primera ola;Confinamiento
2020;04;Cataluña;Melocotones;172.18;407.87;2.37;5.71;0.02;0.06;2020-04-01;Primera ola;Confinamiento
2020;04;Cataluña;Nectarinas;150.39;344.27;2.29;3.22;0.02;0.05;2020-04-01;Primera ola;Confinamiento
2020;04;Cataluña;Albaricoques;131.18;402.52;3.07;8.13;0.02;0.06;2020-04-01;Primera ola;Confinamiento
2020;04;Cataluña;Fresas/freson;5686.79;15600.16;2.74;68.38;0.82;2.26;2020-04-01;Primera ola;Confinamiento
2020;04;Cataluña;Melon;1907.31;3963.8;2.08;12.65;0.28;0.57;2020-04-01;Primera ola;Confinamiento
2020;04;Cataluña;Sandia;1447.76;1809.64;1.25;11.24;0.21;0.26;2020-04-01;Primera ola;Confinamiento
2020;04;Cataluña;Ciruelas;373.21;1167.81;3.13;13.95;0.05;0.17;2020-04-01;Primera ola;Confinamiento
2020;04;Cataluña;Cerezas;12.31;52.36;4.25;1.33;0.0;0.01;2020-04-01;Primera ola;Confinamiento
2020;04;Cataluña;Uvas;683.18;3047.75;4.46;16.34;0.1;0.44;2020-04-01;Primera ola;Confinamiento
2020;04;Cataluña;Kiwi;2675.07;7962.48;2.98;48.34;0.39;1.15;2020-04-01;Primera ola;Confinamiento
2020;04;Cataluña;Aguacate;1153.72;5376.53;4.66;36.39;0.17;0.78;2020-04-01;Primera ola;Confinamiento
2020;04;Cataluña;Piña;1696.19;2953.2;1.74;24.35;0.25;0.43;2020-04-01;Primera ola;Confinamiento
2020;04;Cataluña;Otras frutas frescas;2129.55;7597.23;3.57;38.96;0.31;1.1;2020-04-01;Primera ola;Confinamiento
2020;04;Cataluña;Pomelo;290.13;536.03;1.85;2.71;0.04;0.08;2020-04-01;Primera ola;Confinamiento
2020;04;Cataluña;Chirimoya;6.54;19.55;2.99;0.24;0.0;0.0;2020-04-01;Primera ola;Confinamiento
2020;04;Cataluña;Mango;554.42;1680.55;3.03;14.91;0.08;0.24;2020-04-01;Primera ola;Confinamiento
2020;04;Cataluña;Frutas iv gama;2900.14;5976.26;2.06;32.74;0.42;0.87;2020-04-01;Primera ola;Confinamiento
2020;04;Extremadura;Frutas frescas;9514.63;15384.27;1.62;97.4;8.49;13.72;2020-04-01;Primera ola;Confinamiento
2020;04;Extremadura;Naranjas;3016.24;3097.83;1.03;72.87;2.69;2.76;2020-04-01;Primera ola;Confinamiento
2020;04;Extremadura;Mandarinas;463.21;867.11;1.87;39.76;0.41;0.77;2020-04-01;Primera ola;Confinamiento
2020;04;Extremadura;Limones;158.9;302.17;1.9;33.77;0.14;0.27;2020-04-01;Primera ola;Confinamiento
2020;04;Extremadura;Platanos;1728.17;2779.62;1.61;90.94;1.54;2.48;2020-04-01;Primera ola;Confinamiento
2020;04;Extremadura;Manzanas;1301.7;1808.17;1.39;79.7;1.16;1.61;2020-04-01;Primera ola;Confinamiento
2020;04;Extremadura;Peras;708.58;1108.42;1.56;58.83;0.63;0.99;2020-04-01;Primera ola;Confinamiento
2020;04;Extremadura;Melocotones;23.6;34.12;1.45;5.27;0.02;0.03;2020-04-01;Primera ola;Confinamiento
2020;04;Extremadura;Nectarinas;36.1;71.14;1.97;9.23;0.03;0.06;2020-04-01;Primera ola;Confinamiento
2020;04;Extremadura;Albaricoques;19.36;48.38;2.5;6.41;0.02;0.04;2020-04-01;Primera ola;Confinamiento
2020;04;Extremadura;Fresas/freson;700.33;1776.83;2.54;66.24;0.62;1.58;2020-04-01;Primera ola;Confinamiento
2020;04;Extremadura;Melon;133.46;266.99;2.0;13.23;0.12;0.24;2020-04-01;Primera ola;Confinamiento
2020;04;Extremadura;Sandia;210.75;312.32;1.48;10.94;0.19;0.28;2020-04-01;Primera ola;Confinamiento
2020;04;Extremadura;Ciruelas;32.22;108.22;3.36;10.13;0.03;0.1;2020-04-01;Primera ola;Confinamiento
2020;04;Extremadura;Cerezas;16.12;65.83;4.08;1.97;0.01;0.06;2020-04-01;Primera ola;Confinamiento
2020;04;Extremadura;Uvas;57.46;233.85;4.07;12.23;0.05;0.21;2020-04-01;Primera ola;Confinamiento
2020;04;Extremadura;Kiwi;458.75;1334.51;2.91;54.56;0.41;1.19;2020-04-01;Primera ola;Confinamiento
2020;04;Extremadura;Aguacate;104.18;415.68;3.99;29.75;0.09;0.37;2020-04-01;Primera ola;Confinamiento
2020;04;Extremadura;Piña;143.23;205.31;1.43;18.7;0.13;0.18;2020-04-01;Primera ola;Confinamiento
2020;04;Extremadura;Otras frutas frescas;202.25;547.75;2.71;27.65;0.18;0.49;2020-04-01;Primera ola;Confinamiento
2020;04;Extremadura;Pomelo;11.32;20.43;1.8;2.79;0.01;0.02;2020-04-01;Primera ola;Confinamiento
2020;04;Extremadura;Chirimoya;0.0;0.0;0.0;0.0;0.0;0.0;2020-04-01;Primera ola;Confinamiento
2020;04;Extremadura;Mango;24.08;67.52;2.8;7.71;0.02;0.06;2020-04-01;Primera ola;Confinamiento
2020;04;Extremadura;Frutas iv gama;422.89;797.64;1.89;35.2;0.38;0.71;2020-04-01;Primera ola;Confinamiento
2020;04;Galicia;Frutas frescas;28811.96;53152.71;1.84;98.94;11.1;20.47;2020-04-01;Primera ola;Confinamiento
2020;04;Galicia;Naranjas;7628.6;9085.86;1.19;72.21;2.94;3.5;2020-04-01;Primera ola;Confinamiento
2020;04;Galicia;Mandarinas;2003.83;4339.59;2.17;51.11;0.77;1.67;2020-04-01;Primera ola;Confinamiento
2020;04;Galicia;Limones;739.67;1322.39;1.79;46.92;0.28;0.51;2020-04-01;Primera ola;Confinamiento
2020;04;Galicia;Platanos;4718.88;8236.45;1.75;91.93;1.82;3.17;2020-04-01;Primera ola;Confinamiento
2020;04;Galicia;Manzanas;4518.73;7345.88;1.63;82.88;1.74;2.83;2020-04-01;Primera ola;Confinamiento
2020;04;Galicia;Peras;1700.4;3120.51;1.84;54.41;0.65;1.2;2020-04-01;Primera ola;Confinamiento
2020;04;Galicia;Melocotones;131.02;302.55;2.31;9.55;0.05;0.12;2020-04-01;Primera ola;Confinamiento
2020;04;Galicia;Nectarinas;220.44;503.13;2.28;13.88;0.08;0.19;2020-04-01;Primera ola;Confinamiento
2020;04;Galicia;Albaricoques;42.21;132.4;3.14;5.02;0.02;0.05;2020-04-01;Primera ola;Confinamiento
2020;04;Galicia;Fresas/freson;2217.2;5601.91;2.53;74.06;0.85;2.16;2020-04-01;Primera ola;Confinamiento
2020;04;Galicia;Melon;775.74;1438.9;1.85;11.19;0.3;0.55;2020-04-01;Primera ola;Confinamiento
2020;04;Galicia;Sandia;472.15;634.48;1.34;5.62;0.18;0.24;2020-04-01;Primera ola;Confinamiento
2020;04;Galicia;Ciruelas;138.89;440.02;3.17;11.31;0.05;0.17;2020-04-01;Primera ola;Confinamiento
2020;04;Galicia;Cerezas;1.43;6.99;4.89;0.43;0.0;0.0;2020-04-01;Primera ola;Confinamiento
2020;04;Galicia;Uvas;375.62;1402.3;3.73;18.35;0.14;0.54;2020-04-01;Primera ola;Confinamiento
2020;04;Galicia;Kiwi;1126.57;3341.1;2.97;49.36;0.43;1.29;2020-04-01;Primera ola;Confinamiento
2020;04;Galicia;Aguacate;350.78;1943.69;5.54;25.7;0.14;0.75;2020-04-01;Primera ola;Confinamiento
2020;04;Galicia;Piña;811.46;1216.61;1.5;17.6;0.31;0.47;2020-04-01;Primera ola;Confinamiento
2020;04;Galicia;Otras frutas frescas;838.34;2737.93;3.27;33.35;0.32;1.05;2020-04-01;Primera ola;Confinamiento
2020;04;Galicia;Pomelo;201.04;377.1;1.88;5.22;0.08;0.15;2020-04-01;Primera ola;Confinamiento
2020;04;Galicia;Chirimoya;0.0;0.0;0.0;0.0;0.0;0.0;2020-04-01;Primera ola;Confinamiento
2020;04;Galicia;Mango;208.89;565.45;2.71;13.03;0.08;0.22;2020-04-01;Primera ola;Confinamiento
2020;04;Galicia;Frutas iv gama;840.89;1541.58;1.83;28.17;0.32;0.59;2020-04-01;Primera ola;Confinamiento
2020;04;La rioja;Frutas frescas;2825.64;4930.24;1.74;98.51;9.21;16.06;2020-04-01;Primera ola;Confinamiento
2020;04;La rioja;Naranjas;747.91;937.56;1.25;65.76;2.44;3.05;2020-04-01;Primera ola;Confinamiento
2020;04;La rioja;Mandarinas;310.64;604.67;1.95;52.47;1.01;1.97;2020-04-01;Primera ola;Confinamiento
2020;04;La rioja;Limones;180.95;389.54;2.15;62.53;0.59;1.27;2020-04-01;Primera ola;Confinamiento
2020;04;La rioja;Platanos;413.92;743.79;1.8;73.73;1.35;2.42;2020-04-01;Primera ola;Confinamiento
2020;04;La rioja;Manzanas;435.91;623.74;1.43;84.57;1.42;2.03;2020-04-01;Primera ola;Confinamiento
2020;04;La rioja;Peras;136.02;229.07;1.68;31.88;0.44;0.75;2020-04-01;Primera ola;Confinamiento
2020;04;La rioja;Melocotones;7.03;12.5;1.78;6.73;0.02;0.04;2020-04-01;Primera ola;Confinamiento
2020;04;La rioja;Nectarinas;6.71;17.04;2.54;7.93;0.02;0.06;2020-04-01;Primera ola;Confinamiento
2020;04;La rioja;Albaricoques;0.0;0.0;0.0;0.0;0.0;0.0;2020-04-01;Primera ola;Confinamiento
2020;04;La rioja;Fresas/freson;237.64;555.47;2.34;66.45;0.77;1.81;2020-04-01;Primera ola;Confinamiento
2020;04;La rioja;Melon;36.93;67.92;1.84;9.99;0.12;0.22;2020-04-01;Primera ola;Confinamiento
2020;04;La rioja;Sandia;20.41;38.13;1.87;6.98;0.07;0.12;2020-04-01;Primera ola;Confinamiento
2020;04;La rioja;Ciruelas;3.11;10.25;3.29;1.56;0.01;0.03;2020-04-01;Primera ola;Confinamiento
2020;04;La rioja;Cerezas;0.5;3.45;6.94;1.36;0.0;0.01;2020-04-01;Primera ola;Confinamiento
2020;04;La rioja;Uvas;1.43;7.4;5.18;2.19;0.0;0.02;2020-04-01;Primera ola;Confinamiento
2020;04;La rioja;Kiwi;109.96;340.34;3.1;40.1;0.36;1.11;2020-04-01;Primera ola;Confinamiento
2020;04;La rioja;Aguacate;23.37;101.65;4.35;28.23;0.08;0.33;2020-04-01;Primera ola;Confinamiento
2020;04;La rioja;Piña;77.42;121.86;1.57;18.57;0.25;0.4;2020-04-01;Primera ola;Confinamiento
2020;04;La rioja;Otras frutas frescas;75.77;125.86;1.66;17.35;0.25;0.41;2020-04-01;Primera ola;Confinamiento
2020;04;La rioja;Pomelo;0.0;0.0;0.0;0.0;0.0;0.0;2020-04-01;Primera ola;Confinamiento
2020;04;La rioja;Chirimoya;0.0;0.0;0.0;0.0;0.0;0.0;2020-04-01;Primera ola;Confinamiento
2020;04;La rioja;Mango;38.77;53.58;1.38;13.65;0.13;0.17;2020-04-01;Primera ola;Confinamiento
2020;04;La rioja;Frutas iv gama;81.17;141.97;1.75;24.93;0.26;0.46;2020-04-01;Primera ola;Confinamiento
2020;04;Madrid;Frutas frescas;64824.7;117787.65;1.82;98.36;10.65;19.35;2020-04-01;Primera ola;Confinamiento
2020;04;Madrid;Naranjas;18209.14;20921.09;1.15;70.05;2.99;3.44;2020-04-01;Primera ola;Confinamiento
2020;04;Madrid;Mandarinas;4997.56;10978.01;2.2;54.67;0.82;1.8;2020-04-01;Primera ola;Confinamiento
2020;04;Madrid;Limones;2522.83;4642.49;1.84;63.63;0.41;0.76;2020-04-01;Primera ola;Confinamiento
2020;04;Madrid;Platanos;10242.13;17072.69;1.67;89.45;1.68;2.8;2020-04-01;Primera ola;Confinamiento
2020;04;Madrid;Manzanas;8102.24;13783.97;1.7;80.88;1.33;2.26;2020-04-01;Primera ola;Confinamiento
2020;04;Madrid;Peras;4299.58;7971.26;1.85;64.66;0.71;1.31;2020-04-01;Primera ola;Confinamiento
2020;04;Madrid;Melocotones;245.35;461.37;1.88;6.66;0.04;0.08;2020-04-01;Primera ola;Confinamiento
2020;04;Madrid;Nectarinas;153.54;293.8;1.91;6.2;0.03;0.05;2020-04-01;Primera ola;Confinamiento
2020;04;Madrid;Albaricoques;118.11;392.29;3.32;7.64;0.02;0.06;2020-04-01;Primera ola;Confinamiento
2020;04;Madrid;Fresas/freson;5409.52;13113.94;2.42;75.76;0.89;2.15;2020-04-01;Primera ola;Confinamiento
2020;04;Madrid;Melon;1534.77;2802.89;1.83;16.4;0.25;0.46;2020-04-01;Primera ola;Confinamiento
2020;04;Madrid;Sandia;926.26;1213.86;1.31;9.36;0.15;0.2;2020-04-01;Primera ola;Confinamiento
2020;04;Madrid;Ciruelas;264.14;820.41;3.11;11.28;0.04;0.13;2020-04-01;Primera ola;Confinamiento
2020;04;Madrid;Cerezas;20.77;63.26;3.05;1.09;0.0;0.01;2020-04-01;Primera ola;Confinamiento
2020;04;Madrid;Uvas;581.94;2429.92;4.18;18.22;0.1;0.4;2020-04-01;Primera ola;Confinamiento
2020;04;Madrid;Kiwi;2340.67;6738.03;2.88;46.18;0.38;1.11;2020-04-01;Primera ola;Confinamiento
2020;04;Madrid;Aguacate;1150.38;5119.98;4.45;38.15;0.19;0.84;2020-04-01;Primera ola;Confinamiento
2020;04;Madrid;Piña;2000.83;3141.41;1.57;28.27;0.33;0.52;2020-04-01;Primera ola;Confinamiento
2020;04;Madrid;Otras frutas frescas;1704.93;5826.96;3.42;38.92;0.28;0.96;2020-04-01;Primera ola;Confinamiento
2020;04;Madrid;Pomelo;162.14;295.03;1.82;2.88;0.03;0.05;2020-04-01;Primera ola;Confinamiento
2020;04;Madrid;Chirimoya;0.0;0.0;0.0;0.0;0.0;0.0;2020-04-01;Primera ola;Confinamiento
2020;04;Madrid;Mango;512.04;1449.83;2.83;13.29;0.08;0.24;2020-04-01;Primera ola;Confinamiento
2020;04;Madrid;Frutas iv gama;2268.3;4858.75;2.14;33.67;0.37;0.8;2020-04-01;Primera ola;Confinamiento
2020;04;Murcia;Frutas frescas;13157.22;22261.14;1.69;97.64;9.48;16.03;2020-04-01;Primera ola;Confinamiento
2020;04;Murcia;Naranjas;4360.89;5182.61;1.19;60.14;3.14;3.73;2020-04-01;Primera ola;Confinamiento
2020;04;Murcia;Mandarinas;364.32;773.5;2.12;27.11;0.26;0.56;2020-04-01;Primera ola;Confinamiento
2020;04;Murcia;Limones;672.24;1074.0;1.6;40.67;0.48;0.77;2020-04-01;Primera ola;Confinamiento
2020;04;Murcia;Platanos;2208.32;3532.51;1.6;86.38;1.59;2.54;2020-04-01;Primera ola;Confinamiento
2020;04;Murcia;Manzanas;1717.17;2830.56;1.65;75.98;1.24;2.04;2020-04-01;Primera ola;Confinamiento
2020;04;Murcia;Peras;838.19;1492.47;1.78;59.39;0.6;1.08;2020-04-01;Primera ola;Confinamiento
2020;04;Murcia;Melocotones;6.97;10.03;1.44;1.01;0.01;0.01;2020-04-01;Primera ola;Confinamiento
2020;04;Murcia;Nectarinas;9.99;29.22;2.93;1.43;0.01;0.02;2020-04-01;Primera ola;Confinamiento
2020;04;Murcia;Albaricoques;15.11;46.23;3.06;3.97;0.01;0.03;2020-04-01;Primera ola;Confinamiento
2020;04;Murcia;Fresas/freson;1015.34;2332.8;2.3;71.53;0.73;1.68;2020-04-01;Primera ola;Confinamiento
2020;04;Murcia;Melon;149.83;289.62;1.93;11.38;0.11;0.21;2020-04-01;Primera ola;Confinamiento
2020;04;Murcia;Sandia;274.56;327.35;1.19;10.23;0.2;0.24;2020-04-01;Primera ola;Confinamiento
2020;04;Murcia;Ciruelas;21.08;69.5;3.3;6.57;0.02;0.05;2020-04-01;Primera ola;Confinamiento
2020;04;Murcia;Cerezas;2.46;6.79;2.76;0.21;0.0;0.0;2020-04-01;Primera ola;Confinamiento
2020;04;Murcia;Uvas;80.03;327.39;4.09;14.18;0.06;0.24;2020-04-01;Primera ola;Confinamiento
2020;04;Murcia;Kiwi;382.51;1225.22;3.2;43.23;0.28;0.88;2020-04-01;Primera ola;Confinamiento
2020;04;Murcia;Aguacate;182.79;868.59;4.75;36.37;0.13;0.63;2020-04-01;Primera ola;Confinamiento
2020;04;Murcia;Piña;283.38;495.38;1.75;17.44;0.2;0.36;2020-04-01;Primera ola;Confinamiento
2020;04;Murcia;Otras frutas frescas;572.03;1347.37;2.36;36.62;0.41;0.97;2020-04-01;Primera ola;Confinamiento
2020;04;Murcia;Pomelo;242.41;435.65;1.8;2.02;0.17;0.31;2020-04-01;Primera ola;Confinamiento
2020;04;Murcia;Chirimoya;1.89;13.03;6.89;0.35;0.0;0.01;2020-04-01;Primera ola;Confinamiento
2020;04;Murcia;Mango;62.3;162.83;2.61;7.03;0.04;0.12;2020-04-01;Primera ola;Confinamiento
2020;04;Murcia;Frutas iv gama;667.91;1197.18;1.79;44.84;0.48;0.86;2020-04-01;Primera ola;Confinamiento
2020;04;Navarra;Frutas frescas;6285.4;11108.73;1.77;96.87;10.94;19.34;2020-04-01;Primera ola;Confinamiento
2020;04;Navarra;Naranjas;2019.55;2344.97;1.16;59.93;3.52;4.08;2020-04-01;Primera ola;Confinamiento
2020;04;Navarra;Mandarinas;268.14;508.95;1.9;44.9;0.47;0.89;2020-04-01;Primera ola;Confinamiento
2020;04;Navarra;Limones;175.63;366.67;2.09;40.68;0.31;0.64;2020-04-01;Primera ola;Confinamiento
2020;04;Navarra;Platanos;1065.31;1998.37;1.88;86.35;1.85;3.48;2020-04-01;Primera ola;Confinamiento
2020;04;Navarra;Manzanas;1045.78;1463.52;1.4;68.88;1.82;2.55;2020-04-01;Primera ola;Confinamiento
2020;04;Navarra;Peras;354.78;623.21;1.76;38.97;0.62;1.09;2020-04-01;Primera ola;Confinamiento
2020;04;Navarra;Melocotones;7.91;19.86;2.51;2.58;0.01;0.03;2020-04-01;Primera ola;Confinamiento
2020;04;Navarra;Nectarinas;12.14;39.65;3.27;4.84;0.02;0.07;2020-04-01;Primera ola;Confinamiento
2020;04;Navarra;Albaricoques;2.08;8.09;3.9;1.75;0.0;0.01;2020-04-01;Primera ola;Confinamiento
2020;04;Navarra;Fresas/freson;550.68;1339.78;2.43;68.33;0.96;2.33;2020-04-01;Primera ola;Confinamiento
2020;04;Navarra;Melon;50.68;61.52;1.21;6.26;0.09;0.11;2020-04-01;Primera ola;Confinamiento
2020;04;Navarra;Sandia;53.35;82.84;1.55;8.14;0.09;0.14;2020-04-01;Primera ola;Confinamiento
2020;04;Navarra;Ciruelas;21.61;57.79;2.67;6.96;0.04;0.1;2020-04-01;Primera ola;Confinamiento
2020;04;Navarra;Cerezas;0.0;0.0;0.0;0.0;0.0;0.0;2020-04-01;Primera ola;Confinamiento
2020;04;Navarra;Uvas;34.8;150.31;4.32;13.41;0.06;0.26;2020-04-01;Primera ola;Confinamiento
2020;04;Navarra;Kiwi;269.99;905.44;3.35;55.04;0.47;1.58;2020-04-01;Primera ola;Confinamiento
2020;04;Navarra;Aguacate;107.44;543.36;5.06;44.33;0.19;0.95;2020-04-01;Primera ola;Confinamiento
2020;04;Navarra;Piña;155.3;345.36;2.22;29.03;0.27;0.6;2020-04-01;Primera ola;Confinamiento
2020;04;Navarra;Otras frutas frescas;90.23;249.06;2.76;26.93;0.16;0.43;2020-04-01;Primera ola;Confinamiento
2020;04;Navarra;Pomelo;10.66;24.16;2.27;4.4;0.02;0.04;2020-04-01;Primera ola;Confinamiento
2020;04;Navarra;Chirimoya;0.0;0.0;0.0;0.0;0.0;0.0;2020-04-01;Primera ola;Confinamiento
2020;04;Navarra;Mango;27.85;84.61;3.04;12.88;0.05;0.15;2020-04-01;Primera ola;Confinamiento
2020;04;Navarra;Frutas iv gama;311.49;576.02;1.85;43.71;0.54;1.0;2020-04-01;Primera ola;Confinamiento
2020;04;Pais vasco;Frutas frescas;23694.78;45019.19;1.9;98.1;11.7;22.22;2020-04-01;Primera ola;Confinamiento
2020;04;Pais vasco;Naranjas;6685.33;8465.06;1.27;79.59;3.3;4.18;2020-04-01;Primera ola;Confinamiento
2020;04;Pais vasco;Mandarinas;1530.09;3339.5;2.18;56.61;0.76;1.65;2020-04-01;Primera ola;Confinamiento
2020;04;Pais vasco;Limones;674.08;1317.53;1.95;49.73;0.33;0.65;2020-04-01;Primera ola;Confinamiento
2020;04;Pais vasco;Platanos;3726.61;6739.12;1.81;85.96;1.84;3.33;2020-04-01;Primera ola;Confinamiento
2020;04;Pais vasco;Manzanas;3421.38;5524.1;1.61;79.55;1.69;2.73;2020-04-01;Primera ola;Confinamiento
2020;04;Pais vasco;Peras;1558.9;2867.0;1.84;63.64;0.77;1.42;2020-04-01;Primera ola;Confinamiento
2020;04;Pais vasco;Melocotones;166.46;412.11;2.48;10.66;0.08;0.2;2020-04-01;Primera ola;Confinamiento
2020;04;Pais vasco;Nectarinas;198.66;446.21;2.25;9.77;0.1;0.22;2020-04-01;Primera ola;Confinamiento
2020;04;Pais vasco;Albaricoques;45.21;185.22;4.1;8.57;0.02;0.09;2020-04-01;Primera ola;Confinamiento
2020;04;Pais vasco;Fresas/freson;2216.18;5168.15;2.33;81.26;1.09;2.55;2020-04-01;Primera ola;Confinamiento
2020;04;Pais vasco;Melon;376.24;677.26;1.8;14.4;0.19;0.33;2020-04-01;Primera ola;Confinamiento
2020;04;Pais vasco;Sandia;293.2;514.66;1.76;14.3;0.14;0.25;2020-04-01;Primera ola;Confinamiento
2020;04;Pais vasco;Ciruelas;114.83;385.12;3.35;11.42;0.06;0.19;2020-04-01;Primera ola;Confinamiento
2020;04;Pais vasco;Cerezas;5.41;16.12;2.98;1.45;0.0;0.01;2020-04-01;Primera ola;Confinamiento
2020;04;Pais vasco;Uvas;201.15;834.75;4.15;11.31;0.1;0.41;2020-04-01;Primera ola;Confinamiento
2020;04;Pais vasco;Kiwi;1045.05;3387.51;3.24;54.85;0.52;1.67;2020-04-01;Primera ola;Confinamiento
2020;04;Pais vasco;Aguacate;325.62;1563.92;4.8;31.27;0.16;0.77;2020-04-01;Primera ola;Confinamiento
2020;04;Pais vasco;Piña;532.65;983.65;1.85;20.74;0.26;0.49;2020-04-01;Primera ola;Confinamiento
2020;04;Pais vasco;Otras frutas frescas;577.71;2192.21;3.79;34.62;0.29;1.08;2020-04-01;Primera ola;Confinamiento
2020;04;Pais vasco;Pomelo;128.04;259.6;2.03;7.06;0.06;0.13;2020-04-01;Primera ola;Confinamiento
2020;04;Pais vasco;Chirimoya;0.0;0.0;0.0;0.0;0.0;0.0;2020-04-01;Primera ola;Confinamiento
2020;04;Pais vasco;Mango;171.07;553.06;3.23;11.69;0.08;0.27;2020-04-01;Primera ola;Confinamiento
2020;04;Pais vasco;Frutas iv gama;1173.46;2639.09;2.25;34.16;0.58;1.3;2020-04-01;Primera ola;Confinamiento
2020;04;Valencia;Frutas frescas;40903.42;70794.27;1.73;97.32;8.78;15.2;2020-04-01;Primera ola;Confinamiento
2020;04;Valencia;Naranjas;10224.97;10900.23;1.07;56.2;2.2;2.34;2020-04-01;Primera ola;Confinamiento
2020;04;Valencia;Mandarinas;1794.68;3251.26;1.81;37.14;0.39;0.7;2020-04-01;Primera ola;Confinamiento
2020;04;Valencia;Limones;1371.01;2398.97;1.75;43.35;0.29;0.52;2020-04-01;Primera ola;Confinamiento
2020;04;Valencia;Platanos;8324.1;12909.09;1.55;90.21;1.79;2.77;2020-04-01;Primera ola;Confinamiento
2020;04;Valencia;Manzanas;5751.77;8900.81;1.55;77.06;1.23;1.91;2020-04-01;Primera ola;Confinamiento
2020;04;Valencia;Peras;2869.13;4820.92;1.68;58.29;0.62;1.03;2020-04-01;Primera ola;Confinamiento
2020;04;Valencia;Melocotones;29.33;85.85;2.93;2.13;0.01;0.02;2020-04-01;Primera ola;Confinamiento
2020;04;Valencia;Nectarinas;86.62;180.22;2.08;5.41;0.02;0.04;2020-04-01;Primera ola;Confinamiento
2020;04;Valencia;Albaricoques;38.83;128.8;3.32;3.64;0.01;0.03;2020-04-01;Primera ola;Confinamiento
2020;04;Valencia;Fresas/freson;4036.08;10233.66;2.54;72.4;0.87;2.2;2020-04-01;Primera ola;Confinamiento
2020;04;Valencia;Melon;846.5;1652.41;1.95;14.01;0.18;0.35;2020-04-01;Primera ola;Confinamiento
2020;04;Valencia;Sandia;788.18;1105.73;1.4;10.03;0.17;0.24;2020-04-01;Primera ola;Confinamiento
2020;04;Valencia;Ciruelas;148.59;434.13;2.92;7.82;0.03;0.09;2020-04-01;Primera ola;Confinamiento
2020;04;Valencia;Cerezas;7.84;23.76;3.03;0.35;0.0;0.01;2020-04-01;Primera ola;Confinamiento
2020;04;Valencia;Uvas;356.95;1411.18;3.95;16.0;0.08;0.3;2020-04-01;Primera ola;Confinamiento
2020;04;Valencia;Kiwi;1285.92;3527.37;2.74;40.01;0.28;0.76;2020-04-01;Primera ola;Confinamiento
2020;04;Valencia;Aguacate;786.23;3461.23;4.4;38.21;0.17;0.74;2020-04-01;Primera ola;Confinamiento
2020;04;Valencia;Piña;946.43;1400.48;1.48;19.91;0.2;0.3;2020-04-01;Primera ola;Confinamiento
2020;04;Valencia;Otras frutas frescas;1210.29;3968.16;3.28;34.91;0.26;0.85;2020-04-01;Primera ola;Confinamiento
2020;04;Valencia;Pomelo;110.38;196.33;1.78;2.17;0.02;0.04;2020-04-01;Primera ola;Confinamiento
2020;04;Valencia;Chirimoya;1.68;11.58;6.89;0.17;0.0;0.0;2020-04-01;Primera ola;Confinamiento
2020;04;Valencia;Mango;319.22;840.62;2.63;13.56;0.07;0.18;2020-04-01;Primera ola;Confinamiento
2020;04;Valencia;Frutas iv gama;1709.83;3428.83;2.01;31.84;0.37;0.74;2020-04-01;Primera ola;Confinamiento
2020;05;Nacional;Patatas;138387.73;139196.69;1.01;84.26;3.12;3.14;2020-05-01;Primera ola;Confinamiento
2020;05;Nacional;Patatas frescas;99346.69;93433.55;0.94;72.82;2.24;2.11;2020-05-01;Primera ola;Confinamiento
2020;05;Nacional;Patatas congeladas;4171.05;5496.42;1.32;11.31;0.09;0.12;2020-05-01;Primera ola;Confinamiento
2020;05;Nacional;Patatas procesadas;6974.0;40266.72;5.77;54.17;0.16;0.91;2020-05-01;Primera ola;Confinamiento
2020;05;Nacional;Patatas fritas;6030.29;38802.84;6.43;52.78;0.14;0.88;2020-05-01;Primera ola;Confinamiento
2020;05;Nacional;Hortalizas frescas;288906.8;565957.25;1.96;98.05;6.52;12.77;2020-05-01;Primera ola;Confinamiento
2020;05;Nacional;Omates;67383.64;115480.3;1.71;87.73;1.52;2.61;2020-05-01;Primera ola;Confinamiento
2020;05;Nacional;Cebollas;35409.9;48425.82;1.37;76.3;0.8;1.09;2020-05-01;Primera ola;Confinamiento
2020;05;Nacional;Ajos;3607.41;15494.54;4.3;42.8;0.08;0.35;2020-05-01;Primera ola;Confinamiento
2020;05;Nacional;Coles;6095.94;7375.32;1.21;18.8;0.14;0.17;2020-05-01;Primera ola;Confinamiento
2020;05;Nacional;Pepinos;10839.32;16848.49;1.55;45.28;0.24;0.38;2020-05-01;Primera ola;Confinamiento
2020;05;Nacional;Judias verdes;7347.63;23708.0;3.23;34.11;0.17;0.54;2020-05-01;Primera ola;Confinamiento
2020;05;Nacional;Pimientos;23213.52;52972.3;2.28;75.43;0.52;1.2;2020-05-01;Primera ola;Confinamiento
2020;05;Nacional;Champiñoneso setas;6702.05;25930.28;3.87;44.38;0.15;0.59;2020-05-01;Primera ola;Confinamiento
2020;05;Nacional;Lechuga/esc /endivia;21347.32;57616.4;2.7;74.36;0.48;1.3;2020-05-01;Primera ola;Confinamiento
2020;05;Nacional;Esparragos;5684.09;13800.01;2.43;20.39;0.13;0.31;2020-05-01;Primera ola;Confinamiento
2020;05;Nacional;Verduras de hoja;6841.86;17196.48;2.51;29.13;0.15;0.39;2020-05-01;Primera ola;Confinamiento
2020;05;Nacional;Berenjenas;8657.17;14486.43;1.67;41.97;0.2;0.33;2020-05-01;Primera ola;Confinamiento
2020;05;Nacional;Zanahorias;18777.18;17939.73;0.96;64.73;0.42;0.4;2020-05-01;Primera ola;Confinamiento
2020;05;Nacional;Calabacines;22178.88;30909.95;1.39;64.58;0.5;0.7;2020-05-01;Primera ola;Confinamiento
2020;05;Nacional;Otr hortalizas/verd ;44820.9;107773.2;2.4;78.67;1.01;2.43;2020-05-01;Primera ola;Confinamiento
2020;05;Nacional;Brocoli;5643.53;12334.69;2.19;24.76;0.13;0.28;2020-05-01;Primera ola;Confinamiento
2020;05;Nacional;Alcachofas;8275.98;15618.49;1.89;25.7;0.19;0.35;2020-05-01;Primera ola;Confinamiento
2020;05;Nacional;Apio;2135.7;3179.19;1.49;11.58;0.05;0.07;2020-05-01;Primera ola;Confinamiento
2020;05;Nacional;Coliflor;2334.43;4359.4;1.87;10.12;0.05;0.1;2020-05-01;Primera ola;Confinamiento
2020;05;Nacional;Verd /hort  iv gama;31297.45;81212.23;2.59;68.21;0.71;1.83;2020-05-01;Primera ola;Confinamiento
2020;05;Nacional;Puerro;4849.47;13266.44;2.74;33.7;0.11;0.3;2020-05-01;Primera ola;Confinamiento
2020;05;Andalucia;Patatas;26140.66;24609.43;0.94;84.61;3.13;2.95;2020-05-01;Primera ola;Confinamiento
2020;05;Andalucia;Patatas frescas;18364.57;16108.72;0.88;69.35;2.2;1.93;2020-05-01;Primera ola;Confinamiento
2020;05;Andalucia;Patatas congeladas;839.72;988.97;1.18;13.12;0.1;0.12;2020-05-01;Primera ola;Confinamiento
2020;05;Andalucia;Patatas procesadas;1387.27;7511.74;5.41;57.8;0.17;0.9;2020-05-01;Primera ola;Confinamiento
2020;05;Andalucia;Patatas fritas;1198.95;7222.42;6.02;56.33;0.14;0.87;2020-05-01;Primera ola;Confinamiento
2020;05;Andalucia;Hortalizas frescas;48825.45;88421.61;1.81;97.99;5.85;10.6;2020-05-01;Primera ola;Confinamiento
2020;05;Andalucia;Omates;13591.58;20349.1;1.5;86.42;1.63;2.44;2020-05-01;Primera ola;Confinamiento
2020;05;Andalucia;Cebollas;6206.0;7781.56;1.25;76.03;0.74;0.93;2020-05-01;Primera ola;Confinamiento
2020;05;Andalucia;Ajos;741.14;2970.41;4.01;41.83;0.09;0.36;2020-05-01;Primera ola;Confinamiento
2020;05;Andalucia;Coles;631.91;731.85;1.16;12.94;0.08;0.09;2020-05-01;Primera ola;Confinamiento
2020;05;Andalucia;Pepinos;2011.83;2986.88;1.48;48.27;0.24;0.36;2020-05-01;Primera ola;Confinamiento
2020;05;Andalucia;Judias verdes;1119.78;3232.35;2.89;32.5;0.13;0.39;2020-05-01;Primera ola;Confinamiento
2020;05;Andalucia;Pimientos;3824.21;7913.05;2.07;74.15;0.46;0.95;2020-05-01;Primera ola;Confinamiento
2020;05;Andalucia;Champiñoneso setas;1086.73;4032.63;3.71;39.27;0.13;0.48;2020-05-01;Primera ola;Confinamiento
2020;05;Andalucia;Lechuga/esc /endivia;3438.01;8936.47;2.6;73.86;0.41;1.07;2020-05-01;Primera ola;Confinamiento
2020;05;Andalucia;Esparragos;888.56;1977.99;2.23;20.63;0.11;0.24;2020-05-01;Primera ola;Confinamiento
2020;05;Andalucia;Verduras de hoja;640.59;1693.87;2.64;23.42;0.08;0.2;2020-05-01;Primera ola;Confinamiento
2020;05;Andalucia;Berenjenas;1513.48;2444.24;1.61;41.28;0.18;0.29;2020-05-01;Primera ola;Confinamiento
2020;05;Andalucia;Zanahorias;2667.88;2551.46;0.96;57.19;0.32;0.31;2020-05-01;Primera ola;Confinamiento
2020;05;Andalucia;Calabacines;3753.4;5355.38;1.43;61.7;0.45;0.64;2020-05-01;Primera ola;Confinamiento
2020;05;Andalucia;Otr hortalizas/verd ;6710.34;15464.38;2.3;74.62;0.8;1.85;2020-05-01;Primera ola;Confinamiento
2020;05;Andalucia;Brocoli;908.92;1922.87;2.12;23.59;0.11;0.23;2020-05-01;Primera ola;Confinamiento
2020;05;Andalucia;Alcachofas;1192.32;2206.07;1.85;25.16;0.14;0.26;2020-05-01;Primera ola;Confinamiento
2020;05;Andalucia;Apio;290.9;466.41;1.6;12.22;0.03;0.06;2020-05-01;Primera ola;Confinamiento
2020;05;Andalucia;Coliflor;357.98;657.52;1.84;10.21;0.04;0.08;2020-05-01;Primera ola;Confinamiento
2020;05;Andalucia;Verd /hort  iv gama;6314.63;13459.59;2.13;68.18;0.76;1.61;2020-05-01;Primera ola;Confinamiento
2020;05;Andalucia;Puerro;785.73;2101.57;2.67;32.3;0.09;0.25;2020-05-01;Primera ola;Confinamiento
2020;05;Aragon;Patatas;3473.18;3291.97;0.95;86.65;2.76;2.62;2020-05-01;Primera ola;Confinamiento
2020;05;Aragon;Patatas frescas;2685.44;2438.83;0.91;77.07;2.13;1.94;2020-05-01;Primera ola;Confinamiento
2020;05;Aragon;Patatas congeladas;63.15;83.38;1.32;8.21;0.05;0.07;2020-05-01;Primera ola;Confinamiento
2020;05;Aragon;Patatas procesadas;144.92;769.76;5.31;48.78;0.12;0.61;2020-05-01;Primera ola;Confinamiento
2020;05;Aragon;Patatas fritas;118.4;731.9;6.18;46.04;0.09;0.58;2020-05-01;Primera ola;Confinamiento
2020;05;Aragon;Hortalizas frescas;9694.28;19341.15;2.0;98.59;7.7;15.37;2020-05-01;Primera ola;Confinamiento
2020;05;Aragon;Omates;2046.1;3208.59;1.57;90.51;1.63;2.55;2020-05-01;Primera ola;Confinamiento
2020;05;Aragon;Cebollas;1123.65;1495.34;1.33;75.56;0.89;1.19;2020-05-01;Primera ola;Confinamiento
2020;05;Aragon;Ajos;84.91;399.47;4.7;40.63;0.07;0.32;2020-05-01;Primera ola;Confinamiento
2020;05;Aragon;Coles;200.44;209.14;1.04;17.71;0.16;0.17;2020-05-01;Primera ola;Confinamiento
2020;05;Aragon;Pepinos;350.51;529.94;1.51;49.57;0.28;0.42;2020-05-01;Primera ola;Confinamiento
2020;05;Aragon;Judias verdes;410.87;1321.83;3.22;55.83;0.33;1.05;2020-05-01;Primera ola;Confinamiento
2020;05;Aragon;Pimientos;493.47;1238.75;2.51;73.65;0.39;0.98;2020-05-01;Primera ola;Confinamiento
2020;05;Aragon;Champiñoneso setas;226.67;775.66;3.42;51.75;0.18;0.62;2020-05-01;Primera ola;Confinamiento
2020;05;Aragon;Lechuga/esc /endivia;961.27;2513.41;2.61;76.91;0.76;2.0;2020-05-01;Primera ola;Confinamiento
2020;05;Aragon;Esparragos;245.81;784.1;3.19;27.54;0.2;0.62;2020-05-01;Primera ola;Confinamiento
2020;05;Aragon;Verduras de hoja;436.63;794.79;1.82;38.27;0.35;0.63;2020-05-01;Primera ola;Confinamiento
2020;05;Aragon;Berenjenas;209.38;345.24;1.65;36.06;0.17;0.27;2020-05-01;Primera ola;Confinamiento
2020;05;Aragon;Zanahorias;524.38;493.68;0.94;66.43;0.42;0.39;2020-05-01;Primera ola;Confinamiento
2020;05;Aragon;Calabacines;619.33;890.98;1.44;69.29;0.49;0.71;2020-05-01;Primera ola;Confinamiento
2020;05;Aragon;Otr hortalizas/verd ;1760.84;4340.24;2.46;82.21;1.4;3.45;2020-05-01;Primera ola;Confinamiento
2020;05;Aragon;Brocoli;174.66;432.64;2.48;27.64;0.14;0.34;2020-05-01;Primera ola;Confinamiento
2020;05;Aragon;Alcachofas;295.23;560.74;1.9;27.45;0.23;0.45;2020-05-01;Primera ola;Confinamiento
2020;05;Aragon;Apio;109.33;163.67;1.5;14.11;0.09;0.13;2020-05-01;Primera ola;Confinamiento
2020;05;Aragon;Coliflor;41.84;80.17;1.92;7.65;0.03;0.06;2020-05-01;Primera ola;Confinamiento
2020;05;Aragon;Verd /hort  iv gama;1104.13;2648.32;2.4;70.31;0.88;2.1;2020-05-01;Primera ola;Confinamiento
2020;05;Aragon;Puerro;118.41;348.34;2.94;31.53;0.09;0.28;2020-05-01;Primera ola;Confinamiento
2020;05;Asturias;Patatas;2999.87;2952.81;0.98;70.35;2.93;2.88;2020-05-01;Primera ola;Confinamiento
2020;05;Asturias;Patatas frescas;2337.8;2132.26;0.91;60.2;2.28;2.08;2020-05-01;Primera ola;Confinamiento
2020;05;Asturias;Patatas congeladas;79.29;118.02;1.49;7.75;0.08;0.12;2020-05-01;Primera ola;Confinamiento
2020;05;Asturias;Patatas procesadas;116.56;702.53;6.03;41.82;0.11;0.69;2020-05-01;Primera ola;Confinamiento
2020;05;Asturias;Patatas fritas;90.4;662.53;7.33;39.72;0.09;0.65;2020-05-01;Primera ola;Confinamiento
2020;05;Asturias;Hortalizas frescas;5090.87;10846.31;2.13;95.76;4.97;10.59;2020-05-01;Primera ola;Confinamiento
2020;05;Asturias;Omates;1063.94;2390.94;2.25;79.34;1.04;2.33;2020-05-01;Primera ola;Confinamiento
2020;05;Asturias;Cebollas;828.86;1167.91;1.41;70.0;0.81;1.14;2020-05-01;Primera ola;Confinamiento
2020;05;Asturias;Ajos;91.66;430.38;4.7;38.9;0.09;0.42;2020-05-01;Primera ola;Confinamiento
2020;05;Asturias;Coles;103.99;117.75;1.13;12.29;0.1;0.11;2020-05-01;Primera ola;Confinamiento
2020;05;Asturias;Pepinos;99.53;161.65;1.62;21.14;0.1;0.16;2020-05-01;Primera ola;Confinamiento
2020;05;Asturias;Judias verdes;120.42;409.75;3.4;24.08;0.12;0.4;2020-05-01;Primera ola;Confinamiento
2020;05;Asturias;Pimientos;423.64;1098.71;2.59;66.27;0.41;1.07;2020-05-01;Primera ola;Confinamiento
2020;05;Asturias;Champiñoneso setas;160.52;495.68;3.09;34.33;0.16;0.48;2020-05-01;Primera ola;Confinamiento
2020;05;Asturias;Lechuga/esc /endivia;469.47;1293.35;2.75;71.85;0.46;1.26;2020-05-01;Primera ola;Confinamiento
2020;05;Asturias;Esparragos;61.41;161.27;2.63;7.64;0.06;0.16;2020-05-01;Primera ola;Confinamiento
2020;05;Asturias;Verduras de hoja;52.92;190.48;3.6;13.31;0.05;0.19;2020-05-01;Primera ola;Confinamiento
2020;05;Asturias;Berenjenas;120.43;190.17;1.58;39.38;0.12;0.19;2020-05-01;Primera ola;Confinamiento
2020;05;Asturias;Zanahorias;378.2;379.41;1.0;63.68;0.37;0.37;2020-05-01;Primera ola;Confinamiento
2020;05;Asturias;Calabacines;487.43;705.95;1.45;49.89;0.48;0.69;2020-05-01;Primera ola;Confinamiento
2020;05;Asturias;Otr hortalizas/verd ;628.44;1652.92;2.63;64.16;0.61;1.61;2020-05-01;Primera ola;Confinamiento
2020;05;Asturias;Brocoli;120.82;320.77;2.65;20.55;0.12;0.31;2020-05-01;Primera ola;Confinamiento
2020;05;Asturias;Alcachofas;51.58;91.0;1.76;11.42;0.05;0.09;2020-05-01;Primera ola;Confinamiento
2020;05;Asturias;Apio;45.86;68.2;1.49;5.54;0.04;0.07;2020-05-01;Primera ola;Confinamiento
2020;05;Asturias;Coliflor;20.57;40.71;1.98;4.41;0.02;0.04;2020-05-01;Primera ola;Confinamiento
2020;05;Asturias;Verd /hort  iv gama;423.42;1430.82;3.38;56.35;0.41;1.4;2020-05-01;Primera ola;Confinamiento
2020;05;Asturias;Puerro;92.54;291.19;3.15;32.98;0.09;0.28;2020-05-01;Primera ola;Confinamiento
2020;05;Baleares;Patatas;4082.76;4300.82;1.05;91.0;3.99;4.21;2020-05-01;Primera ola;Confinamiento
2020;05;Baleares;Patatas frescas;2998.84;2963.23;0.99;76.69;2.93;2.9;2020-05-01;Primera ola;Confinamiento
2020;05;Baleares;Patatas congeladas;93.53;126.19;1.35;9.46;0.09;0.12;2020-05-01;Primera ola;Confinamiento
2020;05;Baleares;Patatas procesadas;198.08;1211.41;6.12;64.25;0.19;1.19;2020-05-01;Primera ola;Confinamiento
2020;05;Baleares;Patatas fritas;177.56;1171.72;6.6;62.75;0.17;1.15;2020-05-01;Primera ola;Confinamiento
2020;05;Baleares;Hortalizas frescas;8840.53;18837.18;2.13;99.93;8.65;18.43;2020-05-01;Primera ola;Confinamiento
2020;05;Baleares;Omates;1884.32;3508.47;1.86;96.52;1.84;3.43;2020-05-01;Primera ola;Confinamiento
2020;05;Baleares;Cebollas;1222.09;1818.58;1.49;86.15;1.2;1.78;2020-05-01;Primera ola;Confinamiento
2020;05;Baleares;Ajos;112.49;479.29;4.26;38.47;0.11;0.47;2020-05-01;Primera ola;Confinamiento
2020;05;Baleares;Coles;242.89;387.36;1.59;23.52;0.24;0.38;2020-05-01;Primera ola;Confinamiento
2020;05;Baleares;Pepinos;295.38;445.49;1.51;46.4;0.29;0.44;2020-05-01;Primera ola;Confinamiento
2020;05;Baleares;Judias verdes;147.51;580.68;3.94;31.44;0.14;0.57;2020-05-01;Primera ola;Confinamiento
2020;05;Baleares;Pimientos;745.14;1865.86;2.5;87.45;0.73;1.83;2020-05-01;Primera ola;Confinamiento
2020;05;Baleares;Champiñoneso setas;271.44;1152.45;4.25;64.54;0.27;1.13;2020-05-01;Primera ola;Confinamiento
2020;05;Baleares;Lechuga/esc /endivia;511.47;1699.43;3.32;86.45;0.5;1.66;2020-05-01;Primera ola;Confinamiento
2020;05;Baleares;Esparragos;141.22;312.26;2.21;20.91;0.14;0.31;2020-05-01;Primera ola;Confinamiento
2020;05;Baleares;Verduras de hoja;193.81;596.32;3.08;39.06;0.19;0.58;2020-05-01;Primera ola;Confinamiento
2020;05;Baleares;Berenjenas;345.25;582.51;1.69;54.9;0.34;0.57;2020-05-01;Primera ola;Confinamiento
2020;05;Baleares;Zanahorias;602.25;626.52;1.04;77.21;0.59;0.61;2020-05-01;Primera ola;Confinamiento
2020;05;Baleares;Calabacines;675.51;978.55;1.45;75.71;0.66;0.96;2020-05-01;Primera ola;Confinamiento
2020;05;Baleares;Otr hortalizas/verd ;1449.75;3803.42;2.62;89.54;1.42;3.72;2020-05-01;Primera ola;Confinamiento
2020;05;Baleares;Brocoli;161.39;460.85;2.86;37.51;0.16;0.45;2020-05-01;Primera ola;Confinamiento
2020;05;Baleares;Alcachofas;295.82;569.73;1.93;39.08;0.29;0.56;2020-05-01;Primera ola;Confinamiento
2020;05;Baleares;Apio;75.12;119.97;1.6;11.77;0.07;0.12;2020-05-01;Primera ola;Confinamiento
2020;05;Baleares;Coliflor;93.25;191.98;2.06;16.44;0.09;0.19;2020-05-01;Primera ola;Confinamiento
2020;05;Baleares;Verd /hort  iv gama;934.08;2942.53;3.15;75.59;0.91;2.88;2020-05-01;Primera ola;Confinamiento
2020;05;Baleares;Puerro;149.83;492.72;3.29;42.06;0.15;0.48;2020-05-01;Primera ola;Confinamiento
2020;05;Canarias;Patatas;6433.19;7537.67;1.17;83.46;3.0;3.51;2020-05-01;Primera ola;Confinamiento
2020;05;Canarias;Patatas frescas;5096.98;5831.7;1.14;72.27;2.38;2.72;2020-05-01;Primera ola;Confinamiento
2020;05;Canarias;Patatas congeladas;305.98;367.9;1.2;9.75;0.14;0.17;2020-05-01;Primera ola;Confinamiento
2020;05;Canarias;Patatas procesadas;206.05;1338.06;6.49;48.11;0.1;0.62;2020-05-01;Primera ola;Confinamiento
2020;05;Canarias;Patatas fritas;197.19;1318.89;6.69;47.21;0.09;0.61;2020-05-01;Primera ola;Confinamiento
2020;05;Canarias;Hortalizas frescas;12935.36;24184.51;1.87;99.21;6.03;11.27;2020-05-01;Primera ola;Confinamiento
2020;05;Canarias;Omates;2637.59;3761.48;1.43;87.39;1.23;1.75;2020-05-01;Primera ola;Confinamiento
2020;05;Canarias;Cebollas;1739.71;2383.67;1.37;82.44;0.81;1.11;2020-05-01;Primera ola;Confinamiento
2020;05;Canarias;Ajos;171.77;683.93;3.98;48.47;0.08;0.32;2020-05-01;Primera ola;Confinamiento
2020;05;Canarias;Coles;236.33;289.79;1.23;18.16;0.11;0.14;2020-05-01;Primera ola;Confinamiento
2020;05;Canarias;Pepinos;313.55;525.99;1.68;42.11;0.15;0.25;2020-05-01;Primera ola;Confinamiento
2020;05;Canarias;Judias verdes;155.88;451.47;2.9;21.54;0.07;0.21;2020-05-01;Primera ola;Confinamiento
2020;05;Canarias;Pimientos;1113.82;2340.8;2.1;79.99;0.52;1.09;2020-05-01;Primera ola;Confinamiento
2020;05;Canarias;Champiñoneso setas;450.48;1611.58;3.58;48.12;0.21;0.75;2020-05-01;Primera ola;Confinamiento
2020;05;Canarias;Lechuga/esc /endivia;677.76;1936.44;2.86;72.34;0.32;0.9;2020-05-01;Primera ola;Confinamiento
2020;05;Canarias;Esparragos;36.17;107.88;2.98;5.35;0.02;0.05;2020-05-01;Primera ola;Confinamiento
2020;05;Canarias;Verduras de hoja;133.47;398.05;2.98;19.18;0.06;0.19;2020-05-01;Primera ola;Confinamiento
2020;05;Canarias;Berenjenas;264.53;414.83;1.57;30.05;0.12;0.19;2020-05-01;Primera ola;Confinamiento
2020;05;Canarias;Zanahorias;1146.25;1207.53;1.05;73.42;0.53;0.56;2020-05-01;Primera ola;Confinamiento
2020;05;Canarias;Calabacines;1299.85;1761.66;1.36;67.18;0.61;0.82;2020-05-01;Primera ola;Confinamiento
2020;05;Canarias;Otr hortalizas/verd ;2558.2;6309.4;2.47;86.33;1.19;2.94;2020-05-01;Primera ola;Confinamiento
2020;05;Canarias;Brocoli;116.89;245.82;2.1;11.09;0.05;0.11;2020-05-01;Primera ola;Confinamiento
2020;05;Canarias;Alcachofas;8.6;23.4;2.72;2.04;0.0;0.01;2020-05-01;Primera ola;Confinamiento
2020;05;Canarias;Apio;83.01;120.9;1.46;8.13;0.04;0.06;2020-05-01;Primera ola;Confinamiento
2020;05;Canarias;Coliflor;231.24;420.36;1.82;17.67;0.11;0.2;2020-05-01;Primera ola;Confinamiento
2020;05;Canarias;Verd /hort  iv gama;1980.68;4393.77;2.22;67.19;0.92;2.05;2020-05-01;Primera ola;Confinamiento
2020;05;Canarias;Puerro;249.79;578.47;2.32;35.65;0.12;0.27;2020-05-01;Primera ola;Confinamiento
2020;05;Cantabria;Patatas;1629.61;1647.67;1.01;83.2;3.03;3.07;2020-05-01;Primera ola;Confinamiento
2020;05;Cantabria;Patatas frescas;1367.31;1291.33;0.94;75.3;2.54;2.4;2020-05-01;Primera ola;Confinamiento
2020;05;Cantabria;Patatas congeladas;35.03;86.43;2.47;12.53;0.07;0.16;2020-05-01;Primera ola;Confinamiento
2020;05;Cantabria;Patatas procesadas;45.45;269.91;5.94;36.39;0.08;0.5;2020-05-01;Primera ola;Confinamiento
2020;05;Cantabria;Patatas fritas;37.71;253.04;6.71;34.5;0.07;0.47;2020-05-01;Primera ola;Confinamiento
2020;05;Cantabria;Hortalizas frescas;2514.13;4990.32;1.98;96.78;4.68;9.29;2020-05-01;Primera ola;Confinamiento
2020;05;Cantabria;Omates;460.41;937.04;2.04;83.66;0.86;1.74;2020-05-01;Primera ola;Confinamiento
2020;05;Cantabria;Cebollas;407.1;533.49;1.31;74.47;0.76;0.99;2020-05-01;Primera ola;Confinamiento
2020;05;Cantabria;Ajos;43.41;167.12;3.85;39.85;0.08;0.31;2020-05-01;Primera ola;Confinamiento
2020;05;Cantabria;Coles;37.5;39.75;1.06;12.49;0.07;0.07;2020-05-01;Primera ola;Confinamiento
2020;05;Cantabria;Pepinos;90.43;140.78;1.56;32.0;0.17;0.26;2020-05-01;Primera ola;Confinamiento
2020;05;Cantabria;Judias verdes;41.47;127.59;3.08;16.21;0.08;0.24;2020-05-01;Primera ola;Confinamiento
2020;05;Cantabria;Pimientos;215.4;600.79;2.79;60.35;0.4;1.12;2020-05-01;Primera ola;Confinamiento
2020;05;Cantabria;Champiñoneso setas;67.96;281.92;4.15;43.79;0.13;0.52;2020-05-01;Primera ola;Confinamiento
2020;05;Cantabria;Lechuga/esc /endivia;187.98;445.31;2.37;66.47;0.35;0.83;2020-05-01;Primera ola;Confinamiento
2020;05;Cantabria;Esparragos;45.94;104.66;2.28;18.03;0.09;0.19;2020-05-01;Primera ola;Confinamiento
2020;05;Cantabria;Verduras de hoja;49.17;135.74;2.76;21.33;0.09;0.25;2020-05-01;Primera ola;Confinamiento
2020;05;Cantabria;Berenjenas;101.9;166.97;1.64;37.85;0.19;0.31;2020-05-01;Primera ola;Confinamiento
2020;05;Cantabria;Zanahorias;188.54;163.7;0.87;55.84;0.35;0.3;2020-05-01;Primera ola;Confinamiento
2020;05;Cantabria;Calabacines;239.44;305.2;1.27;58.78;0.45;0.57;2020-05-01;Primera ola;Confinamiento
2020;05;Cantabria;Otr hortalizas/verd ;337.48;840.25;2.49;58.13;0.63;1.56;2020-05-01;Primera ola;Confinamiento
2020;05;Cantabria;Brocoli;38.64;92.32;2.39;12.53;0.07;0.17;2020-05-01;Primera ola;Confinamiento
2020;05;Cantabria;Alcachofas;77.72;117.92;1.52;23.79;0.14;0.22;2020-05-01;Primera ola;Confinamiento
2020;05;Cantabria;Apio;7.96;12.05;1.51;4.62;0.01;0.02;2020-05-01;Primera ola;Confinamiento
2020;05;Cantabria;Coliflor;25.85;24.64;0.95;8.33;0.05;0.05;2020-05-01;Primera ola;Confinamiento
2020;05;Cantabria;Verd /hort  iv gama;115.99;497.91;4.29;51.69;0.22;0.93;2020-05-01;Primera ola;Confinamiento
2020;05;Cantabria;Puerro;34.34;92.52;2.69;24.14;0.06;0.17;2020-05-01;Primera ola;Confinamiento
2020;05;Castilla la mancha;Patatas;6335.6;6198.65;0.98;87.24;3.17;3.1;2020-05-01;Primera ola;Confinamiento
2020;05;Castilla la mancha;Patatas frescas;4385.13;3908.58;0.89;71.31;2.19;1.95;2020-05-01;Primera ola;Confinamiento
2020;05;Castilla la mancha;Patatas congeladas;250.41;305.47;1.22;19.51;0.13;0.15;2020-05-01;Primera ola;Confinamiento
2020;05;Castilla la mancha;Patatas procesadas;340.01;1984.6;5.84;58.89;0.17;0.99;2020-05-01;Primera ola;Confinamiento
2020;05;Castilla la mancha;Patatas fritas;302.55;1944.0;6.43;57.97;0.15;0.97;2020-05-01;Primera ola;Confinamiento
2020;05;Castilla la mancha;Hortalizas frescas;10613.09;20064.44;1.89;98.09;5.31;10.04;2020-05-01;Primera ola;Confinamiento
2020;05;Castilla la mancha;Omates;2939.37;4744.65;1.61;83.22;1.47;2.37;2020-05-01;Primera ola;Confinamiento
2020;05;Castilla la mancha;Cebollas;1008.73;1265.92;1.25;61.68;0.5;0.63;2020-05-01;Primera ola;Confinamiento
2020;05;Castilla la mancha;Ajos;105.72;475.09;4.49;39.64;0.05;0.24;2020-05-01;Primera ola;Confinamiento
2020;05;Castilla la mancha;Coles;190.33;210.08;1.1;16.61;0.1;0.11;2020-05-01;Primera ola;Confinamiento
2020;05;Castilla la mancha;Pepinos;652.23;1022.94;1.57;54.95;0.33;0.51;2020-05-01;Primera ola;Confinamiento
2020;05;Castilla la mancha;Judias verdes;294.7;899.69;3.05;32.05;0.15;0.45;2020-05-01;Primera ola;Confinamiento
2020;05;Castilla la mancha;Pimientos;910.03;2054.11;2.26;71.68;0.46;1.03;2020-05-01;Primera ola;Confinamiento
2020;05;Castilla la mancha;Champiñoneso setas;238.21;933.6;3.92;46.75;0.12;0.47;2020-05-01;Primera ola;Confinamiento
2020;05;Castilla la mancha;Lechuga/esc /endivia;684.3;1855.18;2.71;71.92;0.34;0.93;2020-05-01;Primera ola;Confinamiento
2020;05;Castilla la mancha;Esparragos;282.63;717.03;2.54;21.53;0.14;0.36;2020-05-01;Primera ola;Confinamiento
2020;05;Castilla la mancha;Verduras de hoja;208.1;538.68;2.59;23.65;0.1;0.27;2020-05-01;Primera ola;Confinamiento
2020;05;Castilla la mancha;Berenjenas;283.68;456.13;1.61;42.31;0.14;0.23;2020-05-01;Primera ola;Confinamiento
2020;05;Castilla la mancha;Zanahorias;640.01;589.71;0.92;64.5;0.32;0.29;2020-05-01;Primera ola;Confinamiento
2020;05;Castilla la mancha;Calabacines;741.93;1017.5;1.37;62.5;0.37;0.51;2020-05-01;Primera ola;Confinamiento
2020;05;Castilla la mancha;Otr hortalizas/verd ;1433.13;3284.13;2.29;73.36;0.72;1.64;2020-05-01;Primera ola;Confinamiento
2020;05;Castilla la mancha;Brocoli;206.12;486.81;2.36;33.62;0.1;0.24;2020-05-01;Primera ola;Confinamiento
2020;05;Castilla la mancha;Alcachofas;238.19;469.24;1.97;24.24;0.12;0.23;2020-05-01;Primera ola;Confinamiento
2020;05;Castilla la mancha;Apio;29.86;53.88;1.8;6.65;0.01;0.03;2020-05-01;Primera ola;Confinamiento
2020;05;Castilla la mancha;Coliflor;97.83;164.78;1.68;10.36;0.05;0.08;2020-05-01;Primera ola;Confinamiento
2020;05;Castilla la mancha;Verd /hort  iv gama;968.47;2456.72;2.54;60.46;0.48;1.23;2020-05-01;Primera ola;Confinamiento
2020;05;Castilla la mancha;Puerro;188.89;480.92;2.55;35.44;0.09;0.24;2020-05-01;Primera ola;Confinamiento
2020;05;Castilla leon;Patatas;5948.54;5523.21;0.93;75.7;2.59;2.41;2020-05-01;Primera ola;Confinamiento
2020;05;Castilla leon;Patatas frescas;4457.33;3843.66;0.86;64.57;1.94;1.68;2020-05-01;Primera ola;Confinamiento
2020;05;Castilla leon;Patatas congeladas;120.5;140.87;1.17;5.37;0.05;0.06;2020-05-01;Primera ola;Confinamiento
2020;05;Castilla leon;Patatas procesadas;274.14;1538.67;5.61;45.57;0.12;0.67;2020-05-01;Primera ola;Confinamiento
2020;05;Castilla leon;Patatas fritas;232.09;1478.4;6.37;43.96;0.1;0.64;2020-05-01;Primera ola;Confinamiento
2020;05;Castilla leon;Hortalizas frescas;13488.43;26151.15;1.94;97.07;5.88;11.41;2020-05-01;Primera ola;Confinamiento
2020;05;Castilla leon;Omates;2862.19;5100.12;1.78;84.9;1.25;2.22;2020-05-01;Primera ola;Confinamiento
2020;05;Castilla leon;Cebollas;1635.59;2137.25;1.31;75.2;0.71;0.93;2020-05-01;Primera ola;Confinamiento
2020;05;Castilla leon;Ajos;229.27;966.86;4.22;45.96;0.1;0.42;2020-05-01;Primera ola;Confinamiento
2020;05;Castilla leon;Coles;419.46;491.19;1.17;23.71;0.18;0.21;2020-05-01;Primera ola;Confinamiento
2020;05;Castilla leon;Pepinos;552.04;862.02;1.56;37.28;0.24;0.38;2020-05-01;Primera ola;Confinamiento
2020;05;Castilla leon;Judias verdes;327.25;1007.04;3.08;29.75;0.14;0.44;2020-05-01;Primera ola;Confinamiento
2020;05;Castilla leon;Pimientos;1195.78;2866.28;2.4;69.95;0.52;1.25;2020-05-01;Primera ola;Confinamiento
2020;05;Castilla leon;Champiñoneso setas;270.24;1100.76;4.07;37.58;0.12;0.48;2020-05-01;Primera ola;Confinamiento
2020;05;Castilla leon;Lechuga/esc /endivia;1208.35;3013.59;2.49;74.02;0.53;1.31;2020-05-01;Primera ola;Confinamiento
2020;05;Castilla leon;Esparragos;151.83;402.98;2.65;13.75;0.07;0.18;2020-05-01;Primera ola;Confinamiento
2020;05;Castilla leon;Verduras de hoja;338.31;781.11;2.31;21.42;0.15;0.34;2020-05-01;Primera ola;Confinamiento
2020;05;Castilla leon;Berenjenas;264.53;454.11;1.72;33.95;0.12;0.2;2020-05-01;Primera ola;Confinamiento
2020;05;Castilla leon;Zanahorias;1081.1;902.03;0.83;63.71;0.47;0.39;2020-05-01;Primera ola;Confinamiento
2020;05;Castilla leon;Calabacines;1092.69;1496.75;1.37;65.72;0.48;0.65;2020-05-01;Primera ola;Confinamiento
2020;05;Castilla leon;Otr hortalizas/verd ;1859.8;4569.07;2.46;73.63;0.81;1.99;2020-05-01;Primera ola;Confinamiento
2020;05;Castilla leon;Brocoli;302.44;631.13;2.09;26.1;0.13;0.28;2020-05-01;Primera ola;Confinamiento
2020;05;Castilla leon;Alcachofas;242.69;486.02;2.0;14.86;0.11;0.21;2020-05-01;Primera ola;Confinamiento
2020;05;Castilla leon;Apio;86.32;129.51;1.5;9.76;0.04;0.06;2020-05-01;Primera ola;Confinamiento
2020;05;Castilla leon;Coliflor;181.88;316.44;1.74;10.01;0.08;0.14;2020-05-01;Primera ola;Confinamiento
2020;05;Castilla leon;Verd /hort  iv gama;1317.21;3643.17;2.77;65.73;0.57;1.59;2020-05-01;Primera ola;Confinamiento
2020;05;Castilla leon;Puerro;259.43;726.09;2.8;32.7;0.11;0.32;2020-05-01;Primera ola;Confinamiento
2020;05;Cataluña;Patatas;22579.97;24602.71;1.09;89.78;3.27;3.56;2020-05-01;Primera ola;Confinamiento
2020;05;Cataluña;Patatas frescas;15526.23;15889.65;1.02;80.09;2.25;2.3;2020-05-01;Primera ola;Confinamiento
2020;05;Cataluña;Patatas congeladas;740.84;1025.23;1.38;13.22;0.11;0.15;2020-05-01;Primera ola;Confinamiento
2020;05;Cataluña;Patatas procesadas;1262.58;7687.82;6.09;60.4;0.18;1.11;2020-05-01;Primera ola;Confinamiento
2020;05;Cataluña;Patatas fritas;1059.55;7365.35;6.95;59.18;0.15;1.07;2020-05-01;Primera ola;Confinamiento
2020;05;Cataluña;Hortalizas frescas;56201.16;114096.11;2.03;98.72;8.14;16.52;2020-05-01;Primera ola;Confinamiento
2020;05;Cataluña;Omates;12084.31;22623.68;1.87;91.83;1.75;3.28;2020-05-01;Primera ola;Confinamiento
2020;05;Cataluña;Cebollas;6711.32;10031.87;1.49;80.99;0.97;1.45;2020-05-01;Primera ola;Confinamiento
2020;05;Cataluña;Ajos;642.57;2707.22;4.21;41.3;0.09;0.39;2020-05-01;Primera ola;Confinamiento
2020;05;Cataluña;Coles;1104.94;1510.92;1.37;21.88;0.16;0.22;2020-05-01;Primera ola;Confinamiento
2020;05;Cataluña;Pepinos;1935.64;3040.72;1.57;50.54;0.28;0.44;2020-05-01;Primera ola;Confinamiento
2020;05;Cataluña;Judias verdes;1819.78;6346.84;3.49;43.04;0.26;0.92;2020-05-01;Primera ola;Confinamiento
2020;05;Cataluña;Pimientos;4176.86;9675.98;2.32;76.13;0.6;1.4;2020-05-01;Primera ola;Confinamiento
2020;05;Cataluña;Champiñoneso setas;1053.18;4164.18;3.95;41.91;0.15;0.6;2020-05-01;Primera ola;Confinamiento
2020;05;Cataluña;Lechuga/esc /endivia;4096.27;11287.38;2.76;77.57;0.59;1.63;2020-05-01;Primera ola;Confinamiento
2020;05;Cataluña;Esparragos;1385.51;2656.51;1.92;23.24;0.2;0.38;2020-05-01;Primera ola;Confinamiento
2020;05;Cataluña;Verduras de hoja;1652.44;4290.91;2.6;31.44;0.24;0.62;2020-05-01;Primera ola;Confinamiento
2020;05;Cataluña;Berenjenas;1959.45;3354.33;1.71;51.79;0.28;0.49;2020-05-01;Primera ola;Confinamiento
2020;05;Cataluña;Zanahorias;3414.75;3569.26;1.05;66.98;0.49;0.52;2020-05-01;Primera ola;Confinamiento
2020;05;Cataluña;Calabacines;4025.21;5637.11;1.4;67.12;0.58;0.82;2020-05-01;Primera ola;Confinamiento
2020;05;Cataluña;Otr hortalizas/verd ;10138.92;23199.19;2.29;84.02;1.47;3.36;2020-05-01;Primera ola;Confinamiento
2020;05;Cataluña;Brocoli;1338.95;2693.18;2.01;29.88;0.19;0.39;2020-05-01;Primera ola;Confinamiento
2020;05;Cataluña;Alcachofas;2691.34;5053.48;1.88;38.96;0.39;0.73;2020-05-01;Primera ola;Confinamiento
2020;05;Cataluña;Apio;659.64;885.03;1.34;17.67;0.1;0.13;2020-05-01;Primera ola;Confinamiento
2020;05;Cataluña;Coliflor;444.92;833.78;1.87;11.91;0.06;0.12;2020-05-01;Primera ola;Confinamiento
2020;05;Cataluña;Verd /hort  iv gama;5821.58;15528.45;2.67;71.87;0.84;2.25;2020-05-01;Primera ola;Confinamiento
2020;05;Cataluña;Puerro;804.38;2074.82;2.58;31.74;0.12;0.3;2020-05-01;Primera ola;Confinamiento
2020;05;Extremadura;Patatas;3023.47;2863.15;0.95;77.06;2.7;2.55;2020-05-01;Primera ola;Confinamiento
2020;05;Extremadura;Patatas frescas;2078.66;1748.54;0.84;67.2;1.85;1.56;2020-05-01;Primera ola;Confinamiento
2020;05;Extremadura;Patatas congeladas;114.13;148.36;1.3;14.05;0.1;0.13;2020-05-01;Primera ola;Confinamiento
2020;05;Extremadura;Patatas procesadas;166.14;966.25;5.82;56.17;0.15;0.86;2020-05-01;Primera ola;Confinamiento
2020;05;Extremadura;Patatas fritas;150.38;946.1;6.29;56.28;0.13;0.84;2020-05-01;Primera ola;Confinamiento
2020;05;Extremadura;Hortalizas frescas;6463.28;12277.64;1.9;94.96;5.76;10.95;2020-05-01;Primera ola;Confinamiento
2020;05;Extremadura;Omates;1654.98;2973.67;1.8;84.25;1.48;2.65;2020-05-01;Primera ola;Confinamiento
2020;05;Extremadura;Cebollas;723.21;921.65;1.27;76.0;0.65;0.82;2020-05-01;Primera ola;Confinamiento
2020;05;Extremadura;Ajos;121.36;356.86;2.94;38.67;0.11;0.32;2020-05-01;Primera ola;Confinamiento
2020;05;Extremadura;Coles;101.03;120.26;1.19;18.5;0.09;0.11;2020-05-01;Primera ola;Confinamiento
2020;05;Extremadura;Pepinos;271.17;387.26;1.43;46.47;0.24;0.35;2020-05-01;Primera ola;Confinamiento
2020;05;Extremadura;Judias verdes;110.77;338.45;3.06;24.55;0.1;0.3;2020-05-01;Primera ola;Confinamiento
2020;05;Extremadura;Pimientos;564.86;1203.95;2.13;73.92;0.5;1.07;2020-05-01;Primera ola;Confinamiento
2020;05;Extremadura;Champiñoneso setas;86.66;342.58;3.95;32.25;0.08;0.31;2020-05-01;Primera ola;Confinamiento
2020;05;Extremadura;Lechuga/esc /endivia;535.92;1478.0;2.76;68.91;0.48;1.32;2020-05-01;Primera ola;Confinamiento
2020;05;Extremadura;Esparragos;78.19;262.23;3.35;14.92;0.07;0.23;2020-05-01;Primera ola;Confinamiento
2020;05;Extremadura;Verduras de hoja;223.3;424.09;1.9;38.4;0.2;0.38;2020-05-01;Primera ola;Confinamiento
2020;05;Extremadura;Berenjenas;154.43;259.67;1.68;36.57;0.14;0.23;2020-05-01;Primera ola;Confinamiento
2020;05;Extremadura;Zanahorias;472.99;421.71;0.89;61.49;0.42;0.38;2020-05-01;Primera ola;Confinamiento
2020;05;Extremadura;Calabacines;525.87;728.07;1.38;55.46;0.47;0.65;2020-05-01;Primera ola;Confinamiento
2020;05;Extremadura;Otr hortalizas/verd ;838.54;2059.18;2.46;70.11;0.75;1.84;2020-05-01;Primera ola;Confinamiento
2020;05;Extremadura;Brocoli;88.88;224.55;2.53;20.47;0.08;0.2;2020-05-01;Primera ola;Confinamiento
2020;05;Extremadura;Alcachofas;162.65;317.35;1.95;26.41;0.15;0.28;2020-05-01;Primera ola;Confinamiento
2020;05;Extremadura;Apio;24.19;33.82;1.4;8.63;0.02;0.03;2020-05-01;Primera ola;Confinamiento
2020;05;Extremadura;Coliflor;27.19;52.76;1.94;6.36;0.02;0.05;2020-05-01;Primera ola;Confinamiento
2020;05;Extremadura;Verd /hort  iv gama;826.09;1750.81;2.12;66.17;0.74;1.56;2020-05-01;Primera ola;Confinamiento
2020;05;Extremadura;Puerro;85.42;255.7;2.99;26.04;0.08;0.23;2020-05-01;Primera ola;Confinamiento
2020;05;Galicia;Patatas;8799.56;8168.66;0.93;75.17;3.39;3.15;2020-05-01;Primera ola;Confinamiento
2020;05;Galicia;Patatas frescas;6955.84;6077.48;0.87;59.62;2.68;2.34;2020-05-01;Primera ola;Confinamiento
2020;05;Galicia;Patatas congeladas;255.22;312.57;1.22;9.16;0.1;0.12;2020-05-01;Primera ola;Confinamiento
2020;05;Galicia;Patatas procesadas;317.7;1778.62;5.6;41.91;0.12;0.69;2020-05-01;Primera ola;Confinamiento
2020;05;Galicia;Patatas fritas;259.05;1690.86;6.53;39.82;0.1;0.65;2020-05-01;Primera ola;Confinamiento
2020;05;Galicia;Hortalizas frescas;12650.59;25294.61;2.0;97.64;4.87;9.74;2020-05-01;Primera ola;Confinamiento
2020;05;Galicia;Omates;2705.68;4703.59;1.74;82.99;1.04;1.81;2020-05-01;Primera ola;Confinamiento
2020;05;Galicia;Cebollas;1677.07;2312.66;1.38;66.49;0.65;0.89;2020-05-01;Primera ola;Confinamiento
2020;05;Galicia;Ajos;164.2;784.48;4.78;47.52;0.06;0.3;2020-05-01;Primera ola;Confinamiento
2020;05;Galicia;Coles;785.45;866.59;1.1;25.42;0.3;0.33;2020-05-01;Primera ola;Confinamiento
2020;05;Galicia;Pepinos;215.29;324.19;1.51;19.29;0.08;0.12;2020-05-01;Primera ola;Confinamiento
2020;05;Galicia;Judias verdes;371.87;1186.15;3.19;29.54;0.14;0.46;2020-05-01;Primera ola;Confinamiento
2020;05;Galicia;Pimientos;1087.42;2794.57;2.57;63.95;0.42;1.08;2020-05-01;Primera ola;Confinamiento
2020;05;Galicia;Champiñoneso setas;221.01;913.39;4.13;35.5;0.09;0.35;2020-05-01;Primera ola;Confinamiento
2020;05;Galicia;Lechuga/esc /endivia;1514.08;3623.24;2.39;69.28;0.58;1.4;2020-05-01;Primera ola;Confinamiento
2020;05;Galicia;Esparragos;95.3;389.87;4.09;8.98;0.04;0.15;2020-05-01;Primera ola;Confinamiento
2020;05;Galicia;Verduras de hoja;195.5;489.61;2.5;16.87;0.08;0.19;2020-05-01;Primera ola;Confinamiento
2020;05;Galicia;Berenjenas;252.51;424.11;1.68;20.07;0.1;0.16;2020-05-01;Primera ola;Confinamiento
2020;05;Galicia;Zanahorias;1004.21;961.35;0.96;67.63;0.39;0.37;2020-05-01;Primera ola;Confinamiento
2020;05;Galicia;Calabacines;637.76;915.96;1.44;43.12;0.25;0.35;2020-05-01;Primera ola;Confinamiento
2020;05;Galicia;Otr hortalizas/verd ;1723.23;4604.84;2.67;69.49;0.66;1.77;2020-05-01;Primera ola;Confinamiento
2020;05;Galicia;Brocoli;333.53;946.69;2.84;28.45;0.13;0.36;2020-05-01;Primera ola;Confinamiento
2020;05;Galicia;Alcachofas;47.48;86.33;1.82;4.82;0.02;0.03;2020-05-01;Primera ola;Confinamiento
2020;05;Galicia;Apio;51.19;89.38;1.75;4.67;0.02;0.03;2020-05-01;Primera ola;Confinamiento
2020;05;Galicia;Coliflor;79.01;151.41;1.92;5.76;0.03;0.06;2020-05-01;Primera ola;Confinamiento
2020;05;Galicia;Verd /hort  iv gama;902.56;2648.84;2.93;53.03;0.35;1.02;2020-05-01;Primera ola;Confinamiento
2020;05;Galicia;Puerro;194.94;572.28;2.94;25.54;0.08;0.22;2020-05-01;Primera ola;Confinamiento
2020;05;La rioja;Patatas;709.45;720.02;1.01;60.23;2.31;2.35;2020-05-01;Primera ola;Confinamiento
2020;05;La rioja;Patatas frescas;511.5;456.81;0.89;48.11;1.67;1.49;2020-05-01;Primera ola;Confinamiento
2020;05;La rioja;Patatas congeladas;25.44;36.67;1.44;14.47;0.08;0.12;2020-05-01;Primera ola;Confinamiento
2020;05;La rioja;Patatas procesadas;34.5;226.55;6.57;40.91;0.11;0.74;2020-05-01;Primera ola;Confinamiento
2020;05;La rioja;Patatas fritas;30.31;219.85;7.25;39.23;0.1;0.72;2020-05-01;Primera ola;Confinamiento
2020;05;La rioja;Hortalizas frescas;1762.51;3503.96;1.99;92.06;5.74;11.42;2020-05-01;Primera ola;Confinamiento
2020;05;La rioja;Omates;349.17;636.28;1.82;53.88;1.14;2.07;2020-05-01;Primera ola;Confinamiento
2020;05;La rioja;Cebollas;317.04;494.54;1.56;58.33;1.03;1.61;2020-05-01;Primera ola;Confinamiento
2020;05;La rioja;Ajos;14.68;83.87;5.71;34.73;0.05;0.27;2020-05-01;Primera ola;Confinamiento
2020;05;La rioja;Coles;30.23;24.11;0.8;14.37;0.1;0.08;2020-05-01;Primera ola;Confinamiento
2020;05;La rioja;Pepinos;50.37;74.69;1.48;32.89;0.16;0.24;2020-05-01;Primera ola;Confinamiento
2020;05;La rioja;Judias verdes;36.51;119.22;3.27;34.67;0.12;0.39;2020-05-01;Primera ola;Confinamiento
2020;05;La rioja;Pimientos;81.04;189.44;2.34;57.95;0.26;0.62;2020-05-01;Primera ola;Confinamiento
2020;05;La rioja;Champiñoneso setas;43.08;192.07;4.46;45.07;0.14;0.63;2020-05-01;Primera ola;Confinamiento
2020;05;La rioja;Lechuga/esc /endivia;138.4;389.4;2.81;70.27;0.45;1.27;2020-05-01;Primera ola;Confinamiento
2020;05;La rioja;Esparragos;58.71;162.34;2.77;16.07;0.19;0.53;2020-05-01;Primera ola;Confinamiento
2020;05;La rioja;Verduras de hoja;198.16;342.91;1.73;26.02;0.65;1.12;2020-05-01;Primera ola;Confinamiento
2020;05;La rioja;Berenjenas;54.54;74.43;1.36;22.82;0.18;0.24;2020-05-01;Primera ola;Confinamiento
2020;05;La rioja;Zanahorias;115.79;108.98;0.94;61.29;0.38;0.36;2020-05-01;Primera ola;Confinamiento
2020;05;La rioja;Calabacines;77.44;110.67;1.43;49.76;0.25;0.36;2020-05-01;Primera ola;Confinamiento
2020;05;La rioja;Otr hortalizas/verd ;197.35;501.0;2.54;62.0;0.64;1.63;2020-05-01;Primera ola;Confinamiento
2020;05;La rioja;Brocoli;4.75;11.92;2.51;7.79;0.02;0.04;2020-05-01;Primera ola;Confinamiento
2020;05;La rioja;Alcachofas;27.1;53.33;1.97;12.7;0.09;0.17;2020-05-01;Primera ola;Confinamiento
2020;05;La rioja;Apio;4.57;8.45;1.85;4.38;0.01;0.03;2020-05-01;Primera ola;Confinamiento
2020;05;La rioja;Coliflor;7.67;9.78;1.27;3.48;0.02;0.03;2020-05-01;Primera ola;Confinamiento
2020;05;La rioja;Verd /hort  iv gama;365.87;747.73;2.04;61.01;1.19;2.44;2020-05-01;Primera ola;Confinamiento
2020;05;La rioja;Puerro;43.17;78.62;1.82;16.03;0.14;0.26;2020-05-01;Primera ola;Confinamiento
2020;05;Madrid;Patatas;19203.79;19691.5;1.03;87.49;3.15;3.23;2020-05-01;Primera ola;Confinamiento
2020;05;Madrid;Patatas frescas;12722.26;12085.46;0.95;77.37;2.09;1.99;2020-05-01;Primera ola;Confinamiento
2020;05;Madrid;Patatas congeladas;596.38;861.33;1.44;10.71;0.1;0.14;2020-05-01;Primera ola;Confinamiento
2020;05;Madrid;Patatas procesadas;1177.03;6744.71;5.73;56.38;0.19;1.11;2020-05-01;Primera ola;Confinamiento
2020;05;Madrid;Patatas fritas;1017.26;6497.04;6.39;55.08;0.17;1.07;2020-05-01;Primera ola;Confinamiento
2020;05;Madrid;Hortalizas frescas;41139.89;80325.16;1.95;98.39;6.76;13.2;2020-05-01;Primera ola;Confinamiento
2020;05;Madrid;Omates;10256.86;17774.61;1.73;91.94;1.69;2.92;2020-05-01;Primera ola;Confinamiento
2020;05;Madrid;Cebollas;4823.27;6302.8;1.31;77.16;0.79;1.04;2020-05-01;Primera ola;Confinamiento
2020;05;Madrid;Ajos;498.67;2197.7;4.41;47.21;0.08;0.36;2020-05-01;Primera ola;Confinamiento
2020;05;Madrid;Coles;845.09;1002.96;1.19;22.35;0.14;0.16;2020-05-01;Primera ola;Confinamiento
2020;05;Madrid;Pepinos;1663.06;2546.36;1.53;49.27;0.27;0.42;2020-05-01;Primera ola;Confinamiento
2020;05;Madrid;Judias verdes;1046.56;3151.12;3.01;37.25;0.17;0.52;2020-05-01;Primera ola;Confinamiento
2020;05;Madrid;Pimientos;3519.25;7804.41;2.22;78.2;0.58;1.28;2020-05-01;Primera ola;Confinamiento
2020;05;Madrid;Champiñoneso setas;941.68;3743.53;3.98;43.41;0.15;0.61;2020-05-01;Primera ola;Confinamiento
2020;05;Madrid;Lechuga/esc /endivia;2165.89;6474.76;2.99;73.06;0.36;1.06;2020-05-01;Primera ola;Confinamiento
2020;05;Madrid;Esparragos;1022.65;2384.99;2.33;28.32;0.17;0.39;2020-05-01;Primera ola;Confinamiento
2020;05;Madrid;Verduras de hoja;961.76;2590.3;2.69;38.36;0.16;0.43;2020-05-01;Primera ola;Confinamiento
2020;05;Madrid;Berenjenas;1168.69;1997.6;1.71;44.26;0.19;0.33;2020-05-01;Primera ola;Confinamiento
2020;05;Madrid;Zanahorias;2852.62;2642.55;0.93;68.86;0.47;0.43;2020-05-01;Primera ola;Confinamiento
2020;05;Madrid;Calabacines;3746.72;5190.89;1.39;72.78;0.62;0.85;2020-05-01;Primera ola;Confinamiento
2020;05;Madrid;Otr hortalizas/verd ;5627.1;14520.59;2.58;80.28;0.92;2.39;2020-05-01;Primera ola;Confinamiento
2020;05;Madrid;Brocoli;706.08;1670.62;2.37;25.32;0.12;0.27;2020-05-01;Primera ola;Confinamiento
2020;05;Madrid;Alcachofas;705.09;1528.57;2.17;19.6;0.12;0.25;2020-05-01;Primera ola;Confinamiento
2020;05;Madrid;Apio;207.88;362.24;1.74;10.69;0.03;0.06;2020-05-01;Primera ola;Confinamiento
2020;05;Madrid;Coliflor;278.04;533.9;1.92;8.71;0.05;0.09;2020-05-01;Primera ola;Confinamiento
2020;05;Madrid;Verd /hort  iv gama;4164.56;12035.46;2.89;73.5;0.68;1.98;2020-05-01;Primera ola;Confinamiento
2020;05;Madrid;Puerro;920.56;2283.94;2.48;40.22;0.15;0.38;2020-05-01;Primera ola;Confinamiento
2020;05;Murcia;Patatas;4285.36;4159.74;0.97;80.95;3.09;3.0;2020-05-01;Primera ola;Confinamiento
2020;05;Murcia;Patatas frescas;3060.65;2785.34;0.91;69.79;2.2;2.01;2020-05-01;Primera ola;Confinamiento
2020;05;Murcia;Patatas congeladas;98.44;107.83;1.1;11.7;0.07;0.08;2020-05-01;Primera ola;Confinamiento
2020;05;Murcia;Patatas procesadas;225.25;1266.58;5.62;57.25;0.16;0.91;2020-05-01;Primera ola;Confinamiento
2020;05;Murcia;Patatas fritas;207.27;1241.21;5.99;56.62;0.15;0.89;2020-05-01;Primera ola;Confinamiento
2020;05;Murcia;Hortalizas frescas;8980.93;17040.49;1.9;96.49;6.47;12.27;2020-05-01;Primera ola;Confinamiento
2020;05;Murcia;Omates;2467.19;3784.49;1.53;90.02;1.78;2.73;2020-05-01;Primera ola;Confinamiento
2020;05;Murcia;Cebollas;907.28;1189.61;1.31;68.0;0.65;0.86;2020-05-01;Primera ola;Confinamiento
2020;05;Murcia;Ajos;117.48;500.03;4.26;44.62;0.08;0.36;2020-05-01;Primera ola;Confinamiento
2020;05;Murcia;Coles;65.03;80.17;1.23;8.56;0.05;0.06;2020-05-01;Primera ola;Confinamiento
2020;05;Murcia;Pepinos;567.84;835.76;1.47;56.92;0.41;0.6;2020-05-01;Primera ola;Confinamiento
2020;05;Murcia;Judias verdes;121.17;443.29;3.66;27.53;0.09;0.32;2020-05-01;Primera ola;Confinamiento
2020;05;Murcia;Pimientos;731.12;1824.43;2.5;83.27;0.53;1.31;2020-05-01;Primera ola;Confinamiento
2020;05;Murcia;Champiñoneso setas;233.54;838.65;3.59;48.45;0.17;0.6;2020-05-01;Primera ola;Confinamiento
2020;05;Murcia;Lechuga/esc /endivia;746.1;1921.98;2.58;76.53;0.54;1.38;2020-05-01;Primera ola;Confinamiento
2020;05;Murcia;Esparragos;105.11;224.43;2.14;16.79;0.08;0.16;2020-05-01;Primera ola;Confinamiento
2020;05;Murcia;Verduras de hoja;141.67;449.99;3.18;32.93;0.1;0.32;2020-05-01;Primera ola;Confinamiento
2020;05;Murcia;Berenjenas;335.31;570.38;1.7;53.73;0.24;0.41;2020-05-01;Primera ola;Confinamiento
2020;05;Murcia;Zanahorias;422.8;399.24;0.94;60.48;0.3;0.29;2020-05-01;Primera ola;Confinamiento
2020;05;Murcia;Calabacines;654.64;891.16;1.36;69.89;0.47;0.64;2020-05-01;Primera ola;Confinamiento
2020;05;Murcia;Otr hortalizas/verd ;1364.68;3086.89;2.26;82.01;0.98;2.22;2020-05-01;Primera ola;Confinamiento
2020;05;Murcia;Brocoli;143.84;289.56;2.01;25.28;0.1;0.21;2020-05-01;Primera ola;Confinamiento
2020;05;Murcia;Alcachofas;303.13;565.5;1.87;36.67;0.22;0.41;2020-05-01;Primera ola;Confinamiento
2020;05;Murcia;Apio;101.42;158.87;1.57;16.75;0.07;0.11;2020-05-01;Primera ola;Confinamiento
2020;05;Murcia;Coliflor;87.32;167.51;1.92;15.83;0.06;0.12;2020-05-01;Primera ola;Confinamiento
2020;05;Murcia;Verd /hort  iv gama;732.98;2066.97;2.82;67.77;0.53;1.49;2020-05-01;Primera ola;Confinamiento
2020;05;Murcia;Puerro;113.95;298.07;2.62;30.66;0.08;0.21;2020-05-01;Primera ola;Confinamiento
2020;05;Navarra;Patatas;1680.83;1698.64;1.01;78.2;2.93;2.96;2020-05-01;Primera ola;Confinamiento
2020;05;Navarra;Patatas frescas;1334.34;1276.89;0.96;70.41;2.32;2.22;2020-05-01;Primera ola;Confinamiento
2020;05;Navarra;Patatas congeladas;33.4;48.55;1.45;7.95;0.06;0.08;2020-05-01;Primera ola;Confinamiento
2020;05;Navarra;Patatas procesadas;62.62;373.2;5.96;34.0;0.11;0.65;2020-05-01;Primera ola;Confinamiento
2020;05;Navarra;Patatas fritas;44.14;330.99;7.5;33.95;0.08;0.58;2020-05-01;Primera ola;Confinamiento
2020;05;Navarra;Hortalizas frescas;4601.89;9662.66;2.1;95.54;8.01;16.82;2020-05-01;Primera ola;Confinamiento
2020;05;Navarra;Omates;570.26;1166.66;2.05;69.83;0.99;2.03;2020-05-01;Primera ola;Confinamiento
2020;05;Navarra;Cebollas;528.7;719.95;1.36;72.95;0.92;1.25;2020-05-01;Primera ola;Confinamiento
2020;05;Navarra;Ajos;31.63;164.32;5.19;25.69;0.06;0.29;2020-05-01;Primera ola;Confinamiento
2020;05;Navarra;Coles;192.37;215.93;1.12;20.05;0.33;0.38;2020-05-01;Primera ola;Confinamiento
2020;05;Navarra;Pepinos;83.54;131.9;1.58;35.99;0.15;0.23;2020-05-01;Primera ola;Confinamiento
2020;05;Navarra;Judias verdes;80.42;305.35;3.8;35.14;0.14;0.53;2020-05-01;Primera ola;Confinamiento
2020;05;Navarra;Pimientos;160.7;392.62;2.44;57.3;0.28;0.68;2020-05-01;Primera ola;Confinamiento
2020;05;Navarra;Champiñoneso setas;89.9;399.75;4.45;46.1;0.16;0.7;2020-05-01;Primera ola;Confinamiento
2020;05;Navarra;Lechuga/esc /endivia;737.04;1965.24;2.67;74.84;1.28;3.42;2020-05-01;Primera ola;Confinamiento
2020;05;Navarra;Esparragos;217.83;710.21;3.26;27.99;0.38;1.24;2020-05-01;Primera ola;Confinamiento
2020;05;Navarra;Verduras de hoja;274.34;529.52;1.93;44.74;0.48;0.92;2020-05-01;Primera ola;Confinamiento
2020;05;Navarra;Berenjenas;32.33;66.59;2.06;19.29;0.06;0.12;2020-05-01;Primera ola;Confinamiento
2020;05;Navarra;Zanahorias;272.83;245.35;0.9;71.25;0.48;0.43;2020-05-01;Primera ola;Confinamiento
2020;05;Navarra;Calabacines;298.19;395.8;1.33;66.84;0.52;0.69;2020-05-01;Primera ola;Confinamiento
2020;05;Navarra;Otr hortalizas/verd ;1031.8;2253.46;2.18;84.68;1.8;3.92;2020-05-01;Primera ola;Confinamiento
2020;05;Navarra;Brocoli;248.49;257.92;1.04;22.97;0.43;0.45;2020-05-01;Primera ola;Confinamiento
2020;05;Navarra;Alcachofas;184.15;316.82;1.72;35.19;0.32;0.55;2020-05-01;Primera ola;Confinamiento
2020;05;Navarra;Apio;27.23;40.61;1.49;12.69;0.05;0.07;2020-05-01;Primera ola;Confinamiento
2020;05;Navarra;Coliflor;15.52;29.59;1.91;8.22;0.03;0.05;2020-05-01;Primera ola;Confinamiento
2020;05;Navarra;Verd /hort  iv gama;574.97;1651.2;2.87;66.36;1.0;2.87;2020-05-01;Primera ola;Confinamiento
2020;05;Navarra;Puerro;102.41;421.02;4.11;42.29;0.18;0.73;2020-05-01;Primera ola;Confinamiento
2020;05;Pais vasco;Patatas;7760.69;7615.28;0.98;84.09;3.83;3.76;2020-05-01;Primera ola;Confinamiento
2020;05;Pais vasco;Patatas frescas;6137.57;5569.4;0.91;75.97;3.03;2.75;2020-05-01;Primera ola;Confinamiento
2020;05;Pais vasco;Patatas congeladas;112.69;145.1;1.29;7.27;0.06;0.07;2020-05-01;Primera ola;Confinamiento
2020;05;Pais vasco;Patatas procesadas;302.09;1900.77;6.29;47.66;0.15;0.94;2020-05-01;Primera ola;Confinamiento
2020;05;Pais vasco;Patatas fritas;267.47;1845.15;6.9;45.15;0.13;0.91;2020-05-01;Primera ola;Confinamiento
2020;05;Pais vasco;Hortalizas frescas;13925.64;29643.42;2.13;98.66;6.87;14.63;2020-05-01;Primera ola;Confinamiento
2020;05;Pais vasco;Omates;2760.78;5394.78;1.95;85.17;1.36;2.66;2020-05-01;Primera ola;Confinamiento
2020;05;Pais vasco;Cebollas;1829.94;3065.48;1.68;86.64;0.9;1.51;2020-05-01;Primera ola;Confinamiento
2020;05;Pais vasco;Ajos;167.77;838.48;5.0;53.76;0.08;0.41;2020-05-01;Primera ola;Confinamiento
2020;05;Pais vasco;Coles;356.86;413.73;1.16;19.46;0.18;0.2;2020-05-01;Primera ola;Confinamiento
2020;05;Pais vasco;Pepinos;367.86;611.03;1.66;32.65;0.18;0.3;2020-05-01;Primera ola;Confinamiento
2020;05;Pais vasco;Judias verdes;430.42;1337.24;3.11;40.85;0.21;0.66;2020-05-01;Primera ola;Confinamiento
2020;05;Pais vasco;Pimientos;1239.19;2884.4;2.33;80.98;0.61;1.42;2020-05-01;Primera ola;Confinamiento
2020;05;Pais vasco;Champiñoneso setas;415.27;1571.54;3.78;56.84;0.2;0.78;2020-05-01;Primera ola;Confinamiento
2020;05;Pais vasco;Lechuga/esc /endivia;1240.3;3142.61;2.53;83.11;0.61;1.55;2020-05-01;Primera ola;Confinamiento
2020;05;Pais vasco;Esparragos;391.98;1292.45;3.3;24.9;0.19;0.64;2020-05-01;Primera ola;Confinamiento
2020;05;Pais vasco;Verduras de hoja;371.64;998.25;2.69;32.88;0.18;0.49;2020-05-01;Primera ola;Confinamiento
2020;05;Pais vasco;Berenjenas;302.46;478.5;1.58;32.87;0.15;0.24;2020-05-01;Primera ola;Confinamiento
2020;05;Pais vasco;Zanahorias;951.5;863.4;0.91;65.37;0.47;0.43;2020-05-01;Primera ola;Confinamiento
2020;05;Pais vasco;Calabacines;1161.63;1556.84;1.34;67.57;0.57;0.77;2020-05-01;Primera ola;Confinamiento
2020;05;Pais vasco;Otr hortalizas/verd ;1938.06;5194.69;2.68;76.16;0.96;2.56;2020-05-01;Primera ola;Confinamiento
2020;05;Pais vasco;Brocoli;212.16;508.76;2.4;20.78;0.1;0.25;2020-05-01;Primera ola;Confinamiento
2020;05;Pais vasco;Alcachofas;279.48;507.69;1.82;18.08;0.14;0.25;2020-05-01;Primera ola;Confinamiento
2020;05;Pais vasco;Apio;45.93;67.31;1.47;6.72;0.02;0.03;2020-05-01;Primera ola;Confinamiento
2020;05;Pais vasco;Coliflor;105.78;225.7;2.13;7.2;0.05;0.11;2020-05-01;Primera ola;Confinamiento
2020;05;Pais vasco;Verd /hort  iv gama;1242.1;3974.51;3.2;69.51;0.61;1.96;2020-05-01;Primera ola;Confinamiento
2020;05;Pais vasco;Puerro;275.46;936.48;3.4;39.38;0.14;0.46;2020-05-01;Primera ola;Confinamiento
2020;05;Valencia;Patatas;13301.21;13614.77;1.02;84.52;2.86;2.92;2020-05-01;Primera ola;Confinamiento
2020;05;Valencia;Patatas frescas;9326.25;9025.66;0.97;76.1;2.0;1.94;2020-05-01;Primera ola;Confinamiento
2020;05;Valencia;Patatas congeladas;406.9;593.56;1.46;11.71;0.09;0.13;2020-05-01;Primera ola;Confinamiento
2020;05;Valencia;Patatas procesadas;713.61;3995.55;5.6;56.54;0.15;0.86;2020-05-01;Primera ola;Confinamiento
2020;05;Valencia;Patatas fritas;640.0;3883.38;6.07;55.4;0.14;0.83;2020-05-01;Primera ola;Confinamiento
2020;05;Valencia;Hortalizas frescas;31178.76;61276.47;1.97;98.0;6.69;13.15;2020-05-01;Primera ola;Confinamiento
2020;05;Valencia;Omates;7048.91;12422.12;1.76;87.77;1.51;2.67;2020-05-01;Primera ola;Confinamiento
2020;05;Valencia;Cebollas;3720.33;4803.54;1.29;75.57;0.8;1.03;2020-05-01;Primera ola;Confinamiento
2020;05;Valencia;Ajos;268.67;1289.03;4.8;37.08;0.06;0.28;2020-05-01;Primera ola;Confinamiento
2020;05;Valencia;Coles;552.08;663.71;1.2;19.65;0.12;0.14;2020-05-01;Primera ola;Confinamiento
2020;05;Valencia;Pepinos;1319.05;2220.89;1.68;52.22;0.28;0.48;2020-05-01;Primera ola;Confinamiento
2020;05;Valencia;Judias verdes;712.26;2449.95;3.44;31.43;0.15;0.53;2020-05-01;Primera ola;Confinamiento
2020;05;Valencia;Pimientos;2731.59;6224.17;2.28;81.08;0.59;1.34;2020-05-01;Primera ola;Confinamiento
2020;05;Valencia;Champiñoneso setas;845.46;3380.3;4.0;55.29;0.18;0.73;2020-05-01;Primera ola;Confinamiento
2020;05;Valencia;Lechuga/esc /endivia;2034.71;5640.61;2.77;71.55;0.44;1.21;2020-05-01;Primera ola;Confinamiento
2020;05;Valencia;Esparragos;475.24;1148.8;2.42;21.43;0.1;0.25;2020-05-01;Primera ola;Confinamiento
2020;05;Valencia;Verduras de hoja;770.05;1951.84;2.53;33.99;0.17;0.42;2020-05-01;Primera ola;Confinamiento
2020;05;Valencia;Berenjenas;1294.27;2206.61;1.7;53.87;0.28;0.47;2020-05-01;Primera ola;Confinamiento
2020;05;Valencia;Zanahorias;2041.07;1813.86;0.89;62.08;0.44;0.39;2020-05-01;Primera ola;Confinamiento
2020;05;Valencia;Calabacines;2141.85;2971.47;1.39;65.05;0.46;0.64;2020-05-01;Primera ola;Confinamiento
2020;05;Valencia;Otr hortalizas/verd ;5223.23;12089.57;2.31;84.2;1.12;2.6;2020-05-01;Primera ola;Confinamiento
2020;05;Valencia;Brocoli;536.94;1138.27;2.12;21.78;0.12;0.24;2020-05-01;Primera ola;Confinamiento
2020;05;Valencia;Alcachofas;1473.41;2665.31;1.81;43.62;0.32;0.57;2020-05-01;Primera ola;Confinamiento
2020;05;Valencia;Apio;285.27;398.9;1.4;14.63;0.06;0.09;2020-05-01;Primera ola;Confinamiento
2020;05;Valencia;Coliflor;238.53;458.37;1.92;11.1;0.05;0.1;2020-05-01;Primera ola;Confinamiento
2020;05;Valencia;Verd /hort  iv gama;3508.12;9335.44;2.66;71.61;0.75;2.0;2020-05-01;Primera ola;Confinamiento
2020;05;Valencia;Puerro;430.22;1233.69;2.87;34.33;0.09;0.26;2020-05-01;Primera ola;Confinamiento
2020;05;Nacional;Frutas frescas;436369.54;824313.75;1.89;97.71;9.85;18.6;2020-05-01;Primera ola;Confinamiento
2020;05;Nacional;Naranjas;92190.21;115749.9;1.26;61.0;2.08;2.61;2020-05-01;Primera ola;Confinamiento
2020;05;Nacional;Mandarinas;7867.32;17575.38;2.23;21.77;0.18;0.4;2020-05-01;Primera ola;Confinamiento
2020;05;Nacional;Limones;12589.4;25441.15;2.02;42.75;0.28;0.57;2020-05-01;Primera ola;Confinamiento
2020;05;Nacional;Platanos;65028.38;104530.9;1.61;84.77;1.47;2.36;2020-05-01;Primera ola;Confinamiento
2020;05;Nacional;Manzanas;51341.73;79358.92;1.55;74.84;1.16;1.79;2020-05-01;Primera ola;Confinamiento
2020;05;Nacional;Peras;21581.19;41075.02;1.9;52.43;0.49;0.93;2020-05-01;Primera ola;Confinamiento
2020;05;Nacional;Melocotones;7977.18;20275.06;2.54;29.14;0.18;0.46;2020-05-01;Primera ola;Confinamiento
2020;05;Nacional;Nectarinas;7603.2;15192.81;2.0;24.97;0.17;0.34;2020-05-01;Primera ola;Confinamiento
2020;05;Nacional;Albaricoques;15151.44;37672.28;2.49;38.18;0.34;0.85;2020-05-01;Primera ola;Confinamiento
2020;05;Nacional;Fresas/freson;25004.67;66592.39;2.66;63.66;0.56;1.5;2020-05-01;Primera ola;Confinamiento
2020;05;Nacional;Melon;20909.24;36909.76;1.77;32.65;0.47;0.83;2020-05-01;Primera ola;Confinamiento
2020;05;Nacional;Sandia;50005.58;66552.81;1.33;43.9;1.13;1.5;2020-05-01;Primera ola;Confinamiento
2020;05;Nacional;Ciruelas;1528.76;4602.39;3.01;10.19;0.03;0.1;2020-05-01;Primera ola;Confinamiento
2020;05;Nacional;Cerezas;6901.08;33252.57;4.82;26.35;0.16;0.75;2020-05-01;Primera ola;Confinamiento
2020;05;Nacional;Uvas;3523.3;14411.5;4.09;16.24;0.08;0.33;2020-05-01;Primera ola;Confinamiento
2020;05;Nacional;Kiwi;12920.41;44456.28;3.44;40.36;0.29;1.0;2020-05-01;Primera ola;Confinamiento
2020;05;Nacional;Aguacate;7237.0;31131.73;4.3;36.65;0.16;0.7;2020-05-01;Primera ola;Confinamiento
2020;05;Nacional;Piña;8908.47;16085.13;1.81;18.82;0.2;0.36;2020-05-01;Primera ola;Confinamiento
2020;05;Nacional;Otras frutas frescas;18100.97;53447.77;2.95;47.01;0.41;1.21;2020-05-01;Primera ola;Confinamiento
2020;05;Nacional;Pomelo;1269.96;2374.76;1.87;3.18;0.03;0.05;2020-05-01;Primera ola;Confinamiento
2020;05;Nacional;Chirimoya;4.36;30.02;6.89;0.05;0.0;0.0;2020-05-01;Primera ola;Confinamiento
2020;05;Nacional;Mango;3026.34;8571.0;2.83;11.92;0.07;0.19;2020-05-01;Primera ola;Confinamiento
2020;05;Nacional;Frutas iv gama;16507.45;32747.53;1.98;29.95;0.37;0.74;2020-05-01;Primera ola;Confinamiento
2020;05;Andalucia;Frutas frescas;69299.62;125592.17;1.81;96.94;8.31;15.06;2020-05-01;Primera ola;Confinamiento
2020;05;Andalucia;Naranjas;13464.05;16447.22;1.22;54.99;1.61;1.97;2020-05-01;Primera ola;Confinamiento
2020;05;Andalucia;Mandarinas;1008.44;2074.99;2.06;20.37;0.12;0.25;2020-05-01;Primera ola;Confinamiento
2020;05;Andalucia;Limones;2052.81;3853.91;1.88;36.2;0.25;0.46;2020-05-01;Primera ola;Confinamiento
2020;05;Andalucia;Platanos;9948.82;14938.6;1.5;82.67;1.19;1.79;2020-05-01;Primera ola;Confinamiento
2020;05;Andalucia;Manzanas;7584.13;11363.26;1.5;70.01;0.91;1.36;2020-05-01;Primera ola;Confinamiento
2020;05;Andalucia;Peras;3450.38;6346.46;1.84;50.46;0.41;0.76;2020-05-01;Primera ola;Confinamiento
2020;05;Andalucia;Melocotones;1244.74;3032.06;2.44;27.92;0.15;0.36;2020-05-01;Primera ola;Confinamiento
2020;05;Andalucia;Nectarinas;1116.81;1989.61;1.78;20.82;0.13;0.24;2020-05-01;Primera ola;Confinamiento
2020;05;Andalucia;Albaricoques;1537.08;3677.8;2.39;32.75;0.18;0.44;2020-05-01;Primera ola;Confinamiento
2020;05;Andalucia;Fresas/freson;3876.68;9767.57;2.52;59.93;0.46;1.17;2020-05-01;Primera ola;Confinamiento
2020;05;Andalucia;Melon;3985.19;6869.62;1.72;33.05;0.48;0.82;2020-05-01;Primera ola;Confinamiento
2020;05;Andalucia;Sandia;10569.72;12857.66;1.22;48.28;1.27;1.54;2020-05-01;Primera ola;Confinamiento
2020;05;Andalucia;Ciruelas;313.21;896.78;2.86;11.45;0.04;0.11;2020-05-01;Primera ola;Confinamiento
2020;05;Andalucia;Cerezas;1089.23;5834.23;5.36;23.95;0.13;0.7;2020-05-01;Primera ola;Confinamiento
2020;05;Andalucia;Uvas;684.46;2705.73;3.95;16.99;0.08;0.32;2020-05-01;Primera ola;Confinamiento
2020;05;Andalucia;Kiwi;1640.46;5734.71;3.5;36.25;0.2;0.69;2020-05-01;Primera ola;Confinamiento
2020;05;Andalucia;Aguacate;1276.86;5155.54;4.04;37.69;0.15;0.62;2020-05-01;Primera ola;Confinamiento
2020;05;Andalucia;Piña;1135.3;2307.45;2.03;15.66;0.14;0.28;2020-05-01;Primera ola;Confinamiento
2020;05;Andalucia;Otras frutas frescas;3321.26;9738.98;2.93;43.93;0.4;1.17;2020-05-01;Primera ola;Confinamiento
2020;05;Andalucia;Pomelo;226.12;382.43;1.69;2.94;0.03;0.05;2020-05-01;Primera ola;Confinamiento
2020;05;Andalucia;Chirimoya;0.0;0.0;0.0;0.0;0.0;0.0;2020-05-01;Primera ola;Confinamiento
2020;05;Andalucia;Mango;660.56;1792.98;2.71;12.1;0.08;0.21;2020-05-01;Primera ola;Confinamiento
2020;05;Andalucia;Frutas iv gama;3026.29;5855.91;1.94;33.72;0.36;0.7;2020-05-01;Primera ola;Confinamiento
2020;05;Aragon;Frutas frescas;11763.54;21384.54;1.82;98.14;9.35;16.99;2020-05-01;Primera ola;Confinamiento
2020;05;Aragon;Naranjas;2568.11;3208.53;1.25;71.75;2.04;2.55;2020-05-01;Primera ola;Confinamiento
2020;05;Aragon;Mandarinas;362.44;656.43;1.81;24.41;0.29;0.52;2020-05-01;Primera ola;Confinamiento
2020;05;Aragon;Limones;335.63;672.28;2.0;45.69;0.27;0.53;2020-05-01;Primera ola;Confinamiento
2020;05;Aragon;Platanos;1519.31;2463.84;1.62;78.91;1.21;1.96;2020-05-01;Primera ola;Confinamiento
2020;05;Aragon;Manzanas;1268.85;1811.85;1.43;74.21;1.01;1.44;2020-05-01;Primera ola;Confinamiento
2020;05;Aragon;Peras;575.67;1073.76;1.87;57.74;0.46;0.85;2020-05-01;Primera ola;Confinamiento
2020;05;Aragon;Melocotones;182.59;460.58;2.52;23.05;0.15;0.37;2020-05-01;Primera ola;Confinamiento
2020;05;Aragon;Nectarinas;123.71;258.3;2.09;21.98;0.1;0.21;2020-05-01;Primera ola;Confinamiento
2020;05;Aragon;Albaricoques;376.63;740.9;1.97;36.94;0.3;0.59;2020-05-01;Primera ola;Confinamiento
2020;05;Aragon;Fresas/freson;762.86;2053.92;2.69;63.24;0.61;1.63;2020-05-01;Primera ola;Confinamiento
2020;05;Aragon;Melon;511.63;910.6;1.78;30.57;0.41;0.72;2020-05-01;Primera ola;Confinamiento
2020;05;Aragon;Sandia;1686.49;2240.17;1.33;45.02;1.34;1.78;2020-05-01;Primera ola;Confinamiento
2020;05;Aragon;Ciruelas;13.64;34.94;2.56;4.85;0.01;0.03;2020-05-01;Primera ola;Confinamiento
2020;05;Aragon;Cerezas;306.49;1251.44;4.08;31.01;0.24;0.99;2020-05-01;Primera ola;Confinamiento
2020;05;Aragon;Uvas;75.36;328.07;4.35;13.82;0.06;0.26;2020-05-01;Primera ola;Confinamiento
2020;05;Aragon;Kiwi;341.87;1068.49;3.13;38.71;0.27;0.85;2020-05-01;Primera ola;Confinamiento
2020;05;Aragon;Aguacate;200.17;858.47;4.29;37.38;0.16;0.68;2020-05-01;Primera ola;Confinamiento
2020;05;Aragon;Piña;212.87;341.76;1.61;14.01;0.17;0.27;2020-05-01;Primera ola;Confinamiento
2020;05;Aragon;Otras frutas frescas;339.23;950.23;2.8;44.26;0.27;0.76;2020-05-01;Primera ola;Confinamiento
2020;05;Aragon;Pomelo;39.95;56.21;1.41;5.34;0.03;0.04;2020-05-01;Primera ola;Confinamiento
2020;05;Aragon;Chirimoya;0.0;0.0;0.0;0.0;0.0;0.0;2020-05-01;Primera ola;Confinamiento
2020;05;Aragon;Mango;42.65;116.6;2.73;6.66;0.03;0.09;2020-05-01;Primera ola;Confinamiento
2020;05;Aragon;Frutas iv gama;393.32;864.38;2.2;31.27;0.31;0.69;2020-05-01;Primera ola;Confinamiento
2020;05;Asturias;Frutas frescas;10811.89;20714.51;1.92;98.43;10.56;20.23;2020-05-01;Primera ola;Confinamiento
2020;05;Asturias;Naranjas;2479.96;3270.33;1.32;63.04;2.42;3.19;2020-05-01;Primera ola;Confinamiento
2020;05;Asturias;Mandarinas;447.95;1021.44;2.28;46.41;0.44;1.0;2020-05-01;Primera ola;Confinamiento
2020;05;Asturias;Limones;315.39;665.86;2.11;46.29;0.31;0.65;2020-05-01;Primera ola;Confinamiento
2020;05;Asturias;Platanos;1781.22;2807.74;1.58;83.9;1.74;2.74;2020-05-01;Primera ola;Confinamiento
2020;05;Asturias;Manzanas;1490.97;2287.53;1.53;75.1;1.46;2.23;2020-05-01;Primera ola;Confinamiento
2020;05;Asturias;Peras;389.17;836.6;2.15;48.7;0.38;0.82;2020-05-01;Primera ola;Confinamiento
2020;05;Asturias;Melocotones;140.73;284.08;2.02;24.07;0.14;0.28;2020-05-01;Primera ola;Confinamiento
2020;05;Asturias;Nectarinas;406.19;929.28;2.29;41.1;0.4;0.91;2020-05-01;Primera ola;Confinamiento
2020;05;Asturias;Albaricoques;322.27;779.71;2.42;36.3;0.31;0.76;2020-05-01;Primera ola;Confinamiento
2020;05;Asturias;Fresas/freson;616.19;1810.47;2.94;60.99;0.6;1.77;2020-05-01;Primera ola;Confinamiento
2020;05;Asturias;Melon;448.49;923.0;2.06;28.85;0.44;0.9;2020-05-01;Primera ola;Confinamiento
2020;05;Asturias;Sandia;804.39;1085.63;1.35;26.57;0.79;1.06;2020-05-01;Primera ola;Confinamiento
2020;05;Asturias;Ciruelas;22.82;72.41;3.17;8.96;0.02;0.07;2020-05-01;Primera ola;Confinamiento
2020;05;Asturias;Cerezas;151.71;731.88;4.82;24.44;0.15;0.71;2020-05-01;Primera ola;Confinamiento
2020;05;Asturias;Uvas;87.37;355.07;4.06;21.73;0.09;0.35;2020-05-01;Primera ola;Confinamiento
2020;05;Asturias;Kiwi;352.31;1094.79;3.11;40.89;0.34;1.07;2020-05-01;Primera ola;Confinamiento
2020;05;Asturias;Aguacate;100.66;469.96;4.67;21.94;0.1;0.46;2020-05-01;Primera ola;Confinamiento
2020;05;Asturias;Piña;204.51;403.35;1.97;22.74;0.2;0.39;2020-05-01;Primera ola;Confinamiento
2020;05;Asturias;Otras frutas frescas;249.57;885.39;3.55;39.25;0.24;0.86;2020-05-01;Primera ola;Confinamiento
2020;05;Asturias;Pomelo;10.03;19.81;1.97;0.87;0.01;0.02;2020-05-01;Primera ola;Confinamiento
2020;05;Asturias;Chirimoya;0.0;0.0;0.0;0.0;0.0;0.0;2020-05-01;Primera ola;Confinamiento
2020;05;Asturias;Mango;49.2;142.42;2.89;7.61;0.05;0.14;2020-05-01;Primera ola;Confinamiento
2020;05;Asturias;Frutas iv gama;259.29;504.26;1.94;23.86;0.25;0.49;2020-05-01;Primera ola;Confinamiento
2020;05;Baleares;Frutas frescas;11013.35;21211.97;1.93;98.92;10.78;20.75;2020-05-01;Primera ola;Confinamiento
2020;05;Baleares;Naranjas;2485.38;3059.18;1.23;56.31;2.43;2.99;2020-05-01;Primera ola;Confinamiento
2020;05;Baleares;Mandarinas;149.3;305.5;2.05;14.15;0.15;0.3;2020-05-01;Primera ola;Confinamiento
2020;05;Baleares;Limones;353.69;599.12;1.69;39.27;0.35;0.59;2020-05-01;Primera ola;Confinamiento
2020;05;Baleares;Platanos;1789.98;2990.11;1.67;89.37;1.75;2.93;2020-05-01;Primera ola;Confinamiento
2020;05;Baleares;Manzanas;1473.09;2482.26;1.69;75.94;1.44;2.43;2020-05-01;Primera ola;Confinamiento
2020;05;Baleares;Peras;480.04;922.8;1.92;49.04;0.47;0.9;2020-05-01;Primera ola;Confinamiento
2020;05;Baleares;Melocotones;147.34;453.08;3.08;28.35;0.14;0.44;2020-05-01;Primera ola;Confinamiento
2020;05;Baleares;Nectarinas;129.75;282.22;2.18;28.44;0.13;0.28;2020-05-01;Primera ola;Confinamiento
2020;05;Baleares;Albaricoques;297.93;808.1;2.71;30.95;0.29;0.79;2020-05-01;Primera ola;Confinamiento
2020;05;Baleares;Fresas/freson;530.75;1615.02;3.04;66.59;0.52;1.58;2020-05-01;Primera ola;Confinamiento
2020;05;Baleares;Melon;701.02;1282.77;1.83;32.1;0.69;1.26;2020-05-01;Primera ola;Confinamiento
2020;05;Baleares;Sandia;1015.96;1262.76;1.24;38.84;0.99;1.24;2020-05-01;Primera ola;Confinamiento
2020;05;Baleares;Ciruelas;31.71;116.13;3.66;7.49;0.03;0.11;2020-05-01;Primera ola;Confinamiento
2020;05;Baleares;Cerezas;86.66;419.61;4.84;18.1;0.08;0.41;2020-05-01;Primera ola;Confinamiento
2020;05;Baleares;Uvas;136.06;588.63;4.33;20.73;0.13;0.58;2020-05-01;Primera ola;Confinamiento
2020;05;Baleares;Kiwi;280.76;987.75;3.52;39.96;0.27;0.97;2020-05-01;Primera ola;Confinamiento
2020;05;Baleares;Aguacate;287.64;1282.76;4.46;50.17;0.28;1.25;2020-05-01;Primera ola;Confinamiento
2020;05;Baleares;Piña;193.64;384.5;1.99;17.81;0.19;0.38;2020-05-01;Primera ola;Confinamiento
2020;05;Baleares;Otras frutas frescas;442.65;1369.66;3.09;39.96;0.43;1.34;2020-05-01;Primera ola;Confinamiento
2020;05;Baleares;Pomelo;33.76;76.26;2.26;3.36;0.03;0.07;2020-05-01;Primera ola;Confinamiento
2020;05;Baleares;Chirimoya;0.0;0.0;0.0;0.0;0.0;0.0;2020-05-01;Primera ola;Confinamiento
2020;05;Baleares;Mango;125.52;372.36;2.97;15.77;0.12;0.36;2020-05-01;Primera ola;Confinamiento
2020;05;Baleares;Frutas iv gama;337.63;836.31;2.48;30.72;0.33;0.82;2020-05-01;Primera ola;Confinamiento
2020;05;Canarias;Frutas frescas;18495.73;33813.76;1.83;98.23;8.62;15.76;2020-05-01;Primera ola;Confinamiento
2020;05;Canarias;Naranjas;3493.12;3866.41;1.11;51.57;1.63;1.8;2020-05-01;Primera ola;Confinamiento
2020;05;Canarias;Mandarinas;591.97;1242.4;2.1;27.73;0.28;0.58;2020-05-01;Primera ola;Confinamiento
2020;05;Canarias;Limones;623.76;1179.21;1.89;42.19;0.29;0.55;2020-05-01;Primera ola;Confinamiento
2020;05;Canarias;Platanos;3636.14;5195.49;1.43;80.24;1.7;2.42;2020-05-01;Primera ola;Confinamiento
2020;05;Canarias;Manzanas;2201.35;3493.8;1.59;74.91;1.03;1.63;2020-05-01;Primera ola;Confinamiento
2020;05;Canarias;Peras;1320.2;2524.9;1.91;50.65;0.62;1.18;2020-05-01;Primera ola;Confinamiento
2020;05;Canarias;Melocotones;121.44;351.01;2.89;9.32;0.06;0.16;2020-05-01;Primera ola;Confinamiento
2020;05;Canarias;Nectarinas;216.58;566.0;2.61;15.07;0.1;0.26;2020-05-01;Primera ola;Confinamiento
2020;05;Canarias;Albaricoques;162.79;481.23;2.96;13.93;0.08;0.22;2020-05-01;Primera ola;Confinamiento
2020;05;Canarias;Fresas/freson;674.73;2554.82;3.79;48.58;0.31;1.19;2020-05-01;Primera ola;Confinamiento
2020;05;Canarias;Melon;516.83;858.92;1.66;18.6;0.24;0.4;2020-05-01;Primera ola;Confinamiento
2020;05;Canarias;Sandia;1690.1;1804.59;1.07;43.48;0.79;0.84;2020-05-01;Primera ola;Confinamiento
2020;05;Canarias;Ciruelas;34.48;97.73;2.83;5.6;0.02;0.05;2020-05-01;Primera ola;Confinamiento
2020;05;Canarias;Cerezas;20.96;212.6;10.14;4.26;0.01;0.1;2020-05-01;Primera ola;Confinamiento
2020;05;Canarias;Uvas;211.92;623.96;2.94;13.92;0.1;0.29;2020-05-01;Primera ola;Confinamiento
2020;05;Canarias;Kiwi;640.14;2280.55;3.56;40.75;0.3;1.06;2020-05-01;Primera ola;Confinamiento
2020;05;Canarias;Aguacate;797.11;2880.0;3.61;48.36;0.37;1.34;2020-05-01;Primera ola;Confinamiento
2020;05;Canarias;Piña;252.83;613.12;2.43;14.63;0.12;0.29;2020-05-01;Primera ola;Confinamiento
2020;05;Canarias;Otras frutas frescas;1289.28;2987.03;2.32;47.6;0.6;1.39;2020-05-01;Primera ola;Confinamiento
2020;05;Canarias;Pomelo;139.79;250.95;1.8;4.08;0.07;0.12;2020-05-01;Primera ola;Confinamiento
2020;05;Canarias;Chirimoya;0.0;0.0;0.0;0.0;0.0;0.0;2020-05-01;Primera ola;Confinamiento
2020;05;Canarias;Mango;13.24;114.64;8.66;2.58;0.01;0.05;2020-05-01;Primera ola;Confinamiento
2020;05;Canarias;Frutas iv gama;943.47;1750.8;1.86;35.7;0.44;0.82;2020-05-01;Primera ola;Confinamiento
2020;05;Cantabria;Frutas frescas;4541.93;7912.32;1.74;97.09;8.45;14.73;2020-05-01;Primera ola;Confinamiento
2020;05;Cantabria;Naranjas;1342.55;1550.93;1.16;64.11;2.5;2.89;2020-05-01;Primera ola;Confinamiento
2020;05;Cantabria;Mandarinas;108.02;252.35;2.34;24.23;0.2;0.47;2020-05-01;Primera ola;Confinamiento
2020;05;Cantabria;Limones;68.05;145.45;2.14;21.22;0.13;0.27;2020-05-01;Primera ola;Confinamiento
2020;05;Cantabria;Platanos;684.39;1093.17;1.6;78.42;1.27;2.03;2020-05-01;Primera ola;Confinamiento
2020;05;Cantabria;Manzanas;659.5;950.57;1.44;77.93;1.23;1.77;2020-05-01;Primera ola;Confinamiento
2020;05;Cantabria;Peras;215.68;368.58;1.71;49.68;0.4;0.69;2020-05-01;Primera ola;Confinamiento
2020;05;Cantabria;Melocotones;39.48;98.17;2.49;16.52;0.07;0.18;2020-05-01;Primera ola;Confinamiento
2020;05;Cantabria;Nectarinas;93.2;171.13;1.84;41.62;0.17;0.32;2020-05-01;Primera ola;Confinamiento
2020;05;Cantabria;Albaricoques;121.29;276.08;2.28;43.31;0.23;0.51;2020-05-01;Primera ola;Confinamiento
2020;05;Cantabria;Fresas/freson;364.32;917.47;2.52;71.36;0.68;1.71;2020-05-01;Primera ola;Confinamiento
2020;05;Cantabria;Melon;81.88;130.61;1.6;17.45;0.15;0.24;2020-05-01;Primera ola;Confinamiento
2020;05;Cantabria;Sandia;250.2;418.05;1.67;32.91;0.47;0.78;2020-05-01;Primera ola;Confinamiento
2020;05;Cantabria;Ciruelas;20.53;47.11;2.29;6.92;0.04;0.09;2020-05-01;Primera ola;Confinamiento
2020;05;Cantabria;Cerezas;64.59;236.3;3.66;22.73;0.12;0.44;2020-05-01;Primera ola;Confinamiento
2020;05;Cantabria;Uvas;13.58;63.07;4.64;6.59;0.03;0.12;2020-05-01;Primera ola;Confinamiento
2020;05;Cantabria;Kiwi;150.99;534.9;3.54;35.92;0.28;1.0;2020-05-01;Primera ola;Confinamiento
2020;05;Cantabria;Aguacate;36.11;164.99;4.57;14.33;0.07;0.31;2020-05-01;Primera ola;Confinamiento
2020;05;Cantabria;Piña;87.66;155.45;1.77;14.59;0.16;0.29;2020-05-01;Primera ola;Confinamiento
2020;05;Cantabria;Otras frutas frescas;139.92;337.95;2.42;46.36;0.26;0.63;2020-05-01;Primera ola;Confinamiento
2020;05;Cantabria;Pomelo;7.06;13.32;1.89;2.32;0.01;0.02;2020-05-01;Primera ola;Confinamiento
2020;05;Cantabria;Chirimoya;0.0;0.0;0.0;0.0;0.0;0.0;2020-05-01;Primera ola;Confinamiento
2020;05;Cantabria;Mango;22.07;47.05;2.13;7.19;0.04;0.09;2020-05-01;Primera ola;Confinamiento
2020;05;Cantabria;Frutas iv gama;209.7;358.94;1.71;18.78;0.39;0.67;2020-05-01;Primera ola;Confinamiento
2020;05;Castilla la mancha;Frutas frescas;18588.31;31766.47;1.71;96.18;9.3;15.89;2020-05-01;Primera ola;Confinamiento
2020;05;Castilla la mancha;Naranjas;4526.78;5562.18;1.23;67.42;2.26;2.78;2020-05-01;Primera ola;Confinamiento
2020;05;Castilla la mancha;Mandarinas;355.58;828.29;2.33;16.39;0.18;0.41;2020-05-01;Primera ola;Confinamiento
2020;05;Castilla la mancha;Limones;540.65;1052.49;1.95;53.25;0.27;0.53;2020-05-01;Primera ola;Confinamiento
2020;05;Castilla la mancha;Platanos;2684.87;4273.49;1.59;82.03;1.34;2.14;2020-05-01;Primera ola;Confinamiento
2020;05;Castilla la mancha;Manzanas;1794.71;2707.24;1.51;74.49;0.9;1.35;2020-05-01;Primera ola;Confinamiento
2020;05;Castilla la mancha;Peras;928.51;1678.27;1.81;54.6;0.46;0.84;2020-05-01;Primera ola;Confinamiento
2020;05;Castilla la mancha;Melocotones;246.31;615.0;2.5;25.03;0.12;0.31;2020-05-01;Primera ola;Confinamiento
2020;05;Castilla la mancha;Nectarinas;162.85;388.92;2.39;18.38;0.08;0.19;2020-05-01;Primera ola;Confinamiento
2020;05;Castilla la mancha;Albaricoques;556.31;1161.62;2.09;36.32;0.28;0.58;2020-05-01;Primera ola;Confinamiento
2020;05;Castilla la mancha;Fresas/freson;813.61;2150.31;2.64;57.9;0.41;1.08;2020-05-01;Primera ola;Confinamiento
2020;05;Castilla la mancha;Melon;765.71;1319.32;1.72;36.9;0.38;0.66;2020-05-01;Primera ola;Confinamiento
2020;05;Castilla la mancha;Sandia;3349.07;4201.06;1.25;50.75;1.68;2.1;2020-05-01;Primera ola;Confinamiento
2020;05;Castilla la mancha;Ciruelas;36.06;108.89;3.02;8.99;0.02;0.05;2020-05-01;Primera ola;Confinamiento
2020;05;Castilla la mancha;Cerezas;287.48;1123.94;3.91;19.07;0.14;0.56;2020-05-01;Primera ola;Confinamiento
2020;05;Castilla la mancha;Uvas;105.89;463.32;4.38;9.62;0.05;0.23;2020-05-01;Primera ola;Confinamiento
2020;05;Castilla la mancha;Kiwi;447.68;1522.45;3.4;40.23;0.22;0.76;2020-05-01;Primera ola;Confinamiento
2020;05;Castilla la mancha;Aguacate;168.64;745.15;4.42;27.8;0.08;0.37;2020-05-01;Primera ola;Confinamiento
2020;05;Castilla la mancha;Piña;307.15;518.48;1.69;16.99;0.15;0.26;2020-05-01;Primera ola;Confinamiento
2020;05;Castilla la mancha;Otras frutas frescas;510.44;1346.06;2.64;42.25;0.26;0.67;2020-05-01;Primera ola;Confinamiento
2020;05;Castilla la mancha;Pomelo;35.53;64.96;1.83;2.9;0.02;0.03;2020-05-01;Primera ola;Confinamiento
2020;05;Castilla la mancha;Chirimoya;0.0;0.0;0.0;0.0;0.0;0.0;2020-05-01;Primera ola;Confinamiento
2020;05;Castilla la mancha;Mango;64.61;193.92;3.0;7.64;0.03;0.1;2020-05-01;Primera ola;Confinamiento
2020;05;Castilla la mancha;Frutas iv gama;479.0;962.35;2.01;21.94;0.24;0.48;2020-05-01;Primera ola;Confinamiento
2020;05;Castilla leon;Frutas frescas;26076.97;44973.09;1.72;97.86;11.38;19.62;2020-05-01;Primera ola;Confinamiento
2020;05;Castilla leon;Naranjas;6483.29;7854.4;1.21;70.07;2.83;3.43;2020-05-01;Primera ola;Confinamiento
2020;05;Castilla leon;Mandarinas;528.74;1007.93;1.91;23.53;0.23;0.44;2020-05-01;Primera ola;Confinamiento
2020;05;Castilla leon;Limones;878.24;1806.47;2.06;47.42;0.38;0.79;2020-05-01;Primera ola;Confinamiento
2020;05;Castilla leon;Platanos;3695.07;5554.62;1.5;84.78;1.61;2.42;2020-05-01;Primera ola;Confinamiento
2020;05;Castilla leon;Manzanas;3057.09;4151.64;1.36;77.68;1.33;1.81;2020-05-01;Primera ola;Confinamiento
2020;05;Castilla leon;Peras;1528.74;2690.72;1.76;62.73;0.67;1.17;2020-05-01;Primera ola;Confinamiento
2020;05;Castilla leon;Melocotones;405.24;851.33;2.1;29.69;0.18;0.37;2020-05-01;Primera ola;Confinamiento
2020;05;Castilla leon;Nectarinas;651.47;1271.52;1.95;33.14;0.28;0.55;2020-05-01;Primera ola;Confinamiento
2020;05;Castilla leon;Albaricoques;675.55;1524.38;2.26;41.18;0.29;0.66;2020-05-01;Primera ola;Confinamiento
2020;05;Castilla leon;Fresas/freson;1507.68;3562.85;2.36;64.18;0.66;1.55;2020-05-01;Primera ola;Confinamiento
2020;05;Castilla leon;Melon;1268.11;2233.71;1.76;30.26;0.55;0.97;2020-05-01;Primera ola;Confinamiento
2020;05;Castilla leon;Sandia;2553.45;3324.69;1.3;38.95;1.11;1.45;2020-05-01;Primera ola;Confinamiento
2020;05;Castilla leon;Ciruelas;56.58;165.1;2.92;7.61;0.02;0.07;2020-05-01;Primera ola;Confinamiento
2020;05;Castilla leon;Cerezas;390.57;1500.1;3.84;31.35;0.17;0.65;2020-05-01;Primera ola;Confinamiento
2020;05;Castilla leon;Uvas;95.17;426.21;4.48;11.0;0.04;0.19;2020-05-01;Primera ola;Confinamiento
2020;05;Castilla leon;Kiwi;759.03;2443.0;3.22;41.45;0.33;1.07;2020-05-01;Primera ola;Confinamiento
2020;05;Castilla leon;Aguacate;328.03;1443.51;4.4;32.93;0.14;0.63;2020-05-01;Primera ola;Confinamiento
2020;05;Castilla leon;Piña;436.36;784.13;1.8;14.49;0.19;0.34;2020-05-01;Primera ola;Confinamiento
2020;05;Castilla leon;Otras frutas frescas;778.54;2376.8;3.05;40.27;0.34;1.04;2020-05-01;Primera ola;Confinamiento
2020;05;Castilla leon;Pomelo;76.77;136.92;1.78;2.7;0.03;0.06;2020-05-01;Primera ola;Confinamiento
2020;05;Castilla leon;Chirimoya;0.0;0.0;0.0;0.0;0.0;0.0;2020-05-01;Primera ola;Confinamiento
2020;05;Castilla leon;Mango;157.19;498.12;3.17;10.55;0.07;0.22;2020-05-01;Primera ola;Confinamiento
2020;05;Castilla leon;Frutas iv gama;863.6;1594.77;1.85;28.84;0.38;0.7;2020-05-01;Primera ola;Confinamiento
2020;05;Cataluña;Frutas frescas;74537.73;152351.12;2.04;97.44;10.79;22.05;2020-05-01;Primera ola;Confinamiento
2020;05;Cataluña;Naranjas;15135.29;20561.54;1.36;66.05;2.19;2.98;2020-05-01;Primera ola;Confinamiento
2020;05;Cataluña;Mandarinas;1205.96;2975.88;2.47;21.14;0.17;0.43;2020-05-01;Primera ola;Confinamiento
2020;05;Cataluña;Limones;2486.2;5367.38;2.16;49.73;0.36;0.78;2020-05-01;Primera ola;Confinamiento
2020;05;Cataluña;Platanos;10409.13;17977.16;1.73;84.82;1.51;2.6;2020-05-01;Primera ola;Confinamiento
2020;05;Cataluña;Manzanas;9149.22;14378.22;1.57;76.63;1.32;2.08;2020-05-01;Primera ola;Confinamiento
2020;05;Cataluña;Peras;3667.23;7186.91;1.96;53.52;0.53;1.04;2020-05-01;Primera ola;Confinamiento
2020;05;Cataluña;Melocotones;1683.19;4768.24;2.83;36.38;0.24;0.69;2020-05-01;Primera ola;Confinamiento
2020;05;Cataluña;Nectarinas;1137.09;2348.12;2.07;26.26;0.16;0.34;2020-05-01;Primera ola;Confinamiento
2020;05;Cataluña;Albaricoques;2197.8;4798.11;2.18;42.48;0.32;0.69;2020-05-01;Primera ola;Confinamiento
2020;05;Cataluña;Fresas/freson;4555.19;12897.07;2.83;67.11;0.66;1.87;2020-05-01;Primera ola;Confinamiento
2020;05;Cataluña;Melon;4160.64;8088.51;1.94;39.26;0.6;1.17;2020-05-01;Primera ola;Confinamiento
2020;05;Cataluña;Sandia;8053.81;11716.56;1.45;50.43;1.17;1.7;2020-05-01;Primera ola;Confinamiento
2020;05;Cataluña;Ciruelas;240.5;815.61;3.39;10.89;0.03;0.12;2020-05-01;Primera ola;Confinamiento
2020;05;Cataluña;Cerezas;1632.78;8801.44;5.39;35.4;0.24;1.27;2020-05-01;Primera ola;Confinamiento
2020;05;Cataluña;Uvas;656.29;3044.79;4.64;18.22;0.1;0.44;2020-05-01;Primera ola;Confinamiento
2020;05;Cataluña;Kiwi;2047.08;7565.46;3.7;40.1;0.3;1.1;2020-05-01;Primera ola;Confinamiento
2020;05;Cataluña;Aguacate;1208.88;5402.95;4.47;38.63;0.18;0.78;2020-05-01;Primera ola;Confinamiento
2020;05;Cataluña;Piña;1644.28;3046.53;1.85;22.31;0.24;0.44;2020-05-01;Primera ola;Confinamiento
2020;05;Cataluña;Otras frutas frescas;3267.16;10610.64;3.25;51.84;0.47;1.54;2020-05-01;Primera ola;Confinamiento
2020;05;Cataluña;Pomelo;220.73;462.84;2.1;5.06;0.03;0.07;2020-05-01;Primera ola;Confinamiento
2020;05;Cataluña;Chirimoya;1.77;12.18;6.89;0.11;0.0;0.0;2020-05-01;Primera ola;Confinamiento
2020;05;Cataluña;Mango;623.39;1845.93;2.96;14.64;0.09;0.27;2020-05-01;Primera ola;Confinamiento
2020;05;Cataluña;Frutas iv gama;2768.11;5999.5;2.17;30.65;0.4;0.87;2020-05-01;Primera ola;Confinamiento
2020;05;Extremadura;Frutas frescas;10520.05;17980.73;1.71;96.45;9.38;16.04;2020-05-01;Primera ola;Confinamiento
2020;05;Extremadura;Naranjas;2640.1;3087.64;1.17;61.47;2.35;2.75;2020-05-01;Primera ola;Confinamiento
2020;05;Extremadura;Mandarinas;175.31;301.49;1.72;17.98;0.16;0.27;2020-05-01;Primera ola;Confinamiento
2020;05;Extremadura;Limones;228.5;481.6;2.11;32.91;0.2;0.43;2020-05-01;Primera ola;Confinamiento
2020;05;Extremadura;Platanos;1457.63;2140.5;1.47;81.3;1.3;1.91;2020-05-01;Primera ola;Confinamiento
2020;05;Extremadura;Manzanas;1200.39;1666.17;1.39;72.65;1.07;1.49;2020-05-01;Primera ola;Confinamiento
2020;05;Extremadura;Peras;413.16;746.41;1.81;51.24;0.37;0.67;2020-05-01;Primera ola;Confinamiento
2020;05;Extremadura;Melocotones;197.86;479.56;2.42;30.54;0.18;0.43;2020-05-01;Primera ola;Confinamiento
2020;05;Extremadura;Nectarinas;140.73;264.28;1.88;19.95;0.13;0.24;2020-05-01;Primera ola;Confinamiento
2020;05;Extremadura;Albaricoques;509.82;1519.15;2.98;41.31;0.45;1.36;2020-05-01;Primera ola;Confinamiento
2020;05;Extremadura;Fresas/freson;496.14;1374.69;2.77;62.63;0.44;1.23;2020-05-01;Primera ola;Confinamiento
2020;05;Extremadura;Melon;457.18;735.01;1.61;32.36;0.41;0.66;2020-05-01;Primera ola;Confinamiento
2020;05;Extremadura;Sandia;1584.04;1983.29;1.25;42.71;1.41;1.77;2020-05-01;Primera ola;Confinamiento
2020;05;Extremadura;Ciruelas;25.96;68.09;2.62;8.62;0.02;0.06;2020-05-01;Primera ola;Confinamiento
2020;05;Extremadura;Cerezas;174.36;741.32;4.25;31.63;0.16;0.66;2020-05-01;Primera ola;Confinamiento
2020;05;Extremadura;Uvas;61.57;196.4;3.19;14.34;0.05;0.18;2020-05-01;Primera ola;Confinamiento
2020;05;Extremadura;Kiwi;276.69;880.14;3.18;35.4;0.25;0.79;2020-05-01;Primera ola;Confinamiento
2020;05;Extremadura;Aguacate;55.28;238.41;4.31;23.09;0.05;0.21;2020-05-01;Primera ola;Confinamiento
2020;05;Extremadura;Piña;109.64;175.74;1.6;10.62;0.1;0.16;2020-05-01;Primera ola;Confinamiento
2020;05;Extremadura;Otras frutas frescas;315.69;900.85;2.85;32.19;0.28;0.8;2020-05-01;Primera ola;Confinamiento
2020;05;Extremadura;Pomelo;2.67;2.06;0.77;0.37;0.0;0.0;2020-05-01;Primera ola;Confinamiento
2020;05;Extremadura;Chirimoya;1.18;8.11;6.89;0.56;0.0;0.01;2020-05-01;Primera ola;Confinamiento
2020;05;Extremadura;Mango;30.38;66.08;2.18;8.45;0.03;0.06;2020-05-01;Primera ola;Confinamiento
2020;05;Extremadura;Frutas iv gama;477.01;908.11;1.9;26.9;0.43;0.81;2020-05-01;Primera ola;Confinamiento
2020;05;Galicia;Frutas frescas;25937.33;50721.47;1.96;99.13;9.99;19.54;2020-05-01;Primera ola;Confinamiento
2020;05;Galicia;Naranjas;5487.46;6894.94;1.26;62.99;2.11;2.66;2020-05-01;Primera ola;Confinamiento
2020;05;Galicia;Mandarinas;593.46;1347.2;2.27;24.6;0.23;0.52;2020-05-01;Primera ola;Confinamiento
2020;05;Galicia;Limones;587.72;1186.41;2.02;37.91;0.23;0.46;2020-05-01;Primera ola;Confinamiento
2020;05;Galicia;Platanos;4248.23;7058.18;1.66;91.2;1.64;2.72;2020-05-01;Primera ola;Confinamiento
2020;05;Galicia;Manzanas;3581.13;5637.99;1.57;80.45;1.38;2.17;2020-05-01;Primera ola;Confinamiento
2020;05;Galicia;Peras;1140.93;2311.92;2.03;45.81;0.44;0.89;2020-05-01;Primera ola;Confinamiento
2020;05;Galicia;Melocotones;453.21;1120.64;2.47;26.9;0.17;0.43;2020-05-01;Primera ola;Confinamiento
2020;05;Galicia;Nectarinas;1027.18;2164.0;2.11;37.02;0.4;0.83;2020-05-01;Primera ola;Confinamiento
2020;05;Galicia;Albaricoques;553.24;1062.47;1.92;37.91;0.21;0.41;2020-05-01;Primera ola;Confinamiento
2020;05;Galicia;Fresas/freson;1516.52;4159.66;2.74;68.8;0.58;1.6;2020-05-01;Primera ola;Confinamiento
2020;05;Galicia;Melon;1121.84;2024.42;1.8;40.24;0.43;0.78;2020-05-01;Primera ola;Confinamiento
2020;05;Galicia;Sandia;1473.76;2188.07;1.48;36.32;0.57;0.84;2020-05-01;Primera ola;Confinamiento
2020;05;Galicia;Ciruelas;120.31;347.62;2.89;10.62;0.05;0.13;2020-05-01;Primera ola;Confinamiento
2020;05;Galicia;Cerezas;472.96;2236.52;4.73;23.62;0.18;0.86;2020-05-01;Primera ola;Confinamiento
2020;05;Galicia;Uvas;258.43;907.07;3.51;18.5;0.1;0.35;2020-05-01;Primera ola;Confinamiento
2020;05;Galicia;Kiwi;1041.35;3297.08;3.17;46.42;0.4;1.27;2020-05-01;Primera ola;Confinamiento
2020;05;Galicia;Aguacate;403.66;2094.31;5.19;29.79;0.16;0.81;2020-05-01;Primera ola;Confinamiento
2020;05;Galicia;Piña;654.27;1018.75;1.56;23.58;0.25;0.39;2020-05-01;Primera ola;Confinamiento
2020;05;Galicia;Otras frutas frescas;1201.67;3664.21;3.05;49.68;0.46;1.41;2020-05-01;Primera ola;Confinamiento
2020;05;Galicia;Pomelo;48.87;88.73;1.82;2.28;0.02;0.03;2020-05-01;Primera ola;Confinamiento
2020;05;Galicia;Chirimoya;0.0;0.0;0.0;0.0;0.0;0.0;2020-05-01;Primera ola;Confinamiento
2020;05;Galicia;Mango;175.13;439.7;2.51;12.61;0.07;0.17;2020-05-01;Primera ola;Confinamiento
2020;05;Galicia;Frutas iv gama;645.49;1389.27;2.15;25.9;0.25;0.54;2020-05-01;Primera ola;Confinamiento
2020;05;La rioja;Frutas frescas;2641.97;5071.92;1.92;99.76;8.61;16.53;2020-05-01;Primera ola;Confinamiento
2020;05;La rioja;Naranjas;735.19;1098.87;1.49;66.16;2.4;3.58;2020-05-01;Primera ola;Confinamiento
2020;05;La rioja;Mandarinas;97.94;233.53;2.38;24.48;0.32;0.76;2020-05-01;Primera ola;Confinamiento
2020;05;La rioja;Limones;67.24;150.03;2.23;39.57;0.22;0.49;2020-05-01;Primera ola;Confinamiento
2020;05;La rioja;Platanos;391.13;684.27;1.75;87.67;1.27;2.23;2020-05-01;Primera ola;Confinamiento
2020;05;La rioja;Manzanas;261.33;374.49;1.43;56.65;0.85;1.22;2020-05-01;Primera ola;Confinamiento
2020;05;La rioja;Peras;110.66;221.52;2.0;51.71;0.36;0.72;2020-05-01;Primera ola;Confinamiento
2020;05;La rioja;Melocotones;29.49;67.18;2.28;18.26;0.1;0.22;2020-05-01;Primera ola;Confinamiento
2020;05;La rioja;Nectarinas;36.77;81.65;2.22;25.87;0.12;0.27;2020-05-01;Primera ola;Confinamiento
2020;05;La rioja;Albaricoques;83.61;232.28;2.78;25.37;0.27;0.76;2020-05-01;Primera ola;Confinamiento
2020;05;La rioja;Fresas/freson;158.88;413.51;2.6;58.39;0.52;1.35;2020-05-01;Primera ola;Confinamiento
2020;05;La rioja;Melon;49.63;100.1;2.02;19.86;0.16;0.33;2020-05-01;Primera ola;Confinamiento
2020;05;La rioja;Sandia;257.81;317.63;1.23;24.36;0.84;1.03;2020-05-01;Primera ola;Confinamiento
2020;05;La rioja;Ciruelas;2.89;9.33;3.22;4.62;0.01;0.03;2020-05-01;Primera ola;Confinamiento
2020;05;La rioja;Cerezas;36.72;158.6;4.32;20.19;0.12;0.52;2020-05-01;Primera ola;Confinamiento
2020;05;La rioja;Uvas;18.8;55.6;2.96;7.89;0.06;0.18;2020-05-01;Primera ola;Confinamiento
2020;05;La rioja;Kiwi;79.94;295.55;3.7;34.85;0.26;0.96;2020-05-01;Primera ola;Confinamiento
2020;05;La rioja;Aguacate;26.8;120.62;4.5;20.92;0.09;0.39;2020-05-01;Primera ola;Confinamiento
2020;05;La rioja;Piña;29.34;61.22;2.09;13.24;0.1;0.2;2020-05-01;Primera ola;Confinamiento
2020;05;La rioja;Otras frutas frescas;167.81;395.94;2.36;40.27;0.55;1.29;2020-05-01;Primera ola;Confinamiento
2020;05;La rioja;Pomelo;7.34;13.84;1.88;5.77;0.02;0.05;2020-05-01;Primera ola;Confinamiento
2020;05;La rioja;Chirimoya;0.0;0.0;0.0;0.0;0.0;0.0;2020-05-01;Primera ola;Confinamiento
2020;05;La rioja;Mango;40.11;63.08;1.57;5.69;0.13;0.21;2020-05-01;Primera ola;Confinamiento
2020;05;La rioja;Frutas iv gama;57.34;112.01;1.95;21.33;0.19;0.36;2020-05-01;Primera ola;Confinamiento
2020;05;Madrid;Frutas frescas;63223.14;119607.84;1.89;98.61;10.39;19.65;2020-05-01;Primera ola;Confinamiento
2020;05;Madrid;Naranjas;13531.03;16974.8;1.25;65.74;2.22;2.79;2020-05-01;Primera ola;Confinamiento
2020;05;Madrid;Mandarinas;1187.11;2867.07;2.42;25.62;0.2;0.47;2020-05-01;Primera ola;Confinamiento
2020;05;Madrid;Limones;1695.23;3589.48;2.12;46.65;0.28;0.59;2020-05-01;Primera ola;Confinamiento
2020;05;Madrid;Platanos;8949.58;14848.22;1.66;84.58;1.47;2.44;2020-05-01;Primera ola;Confinamiento
2020;05;Madrid;Manzanas;7378.79;12386.02;1.68;76.99;1.21;2.03;2020-05-01;Primera ola;Confinamiento
2020;05;Madrid;Peras;3337.36;6535.06;1.96;57.62;0.55;1.07;2020-05-01;Primera ola;Confinamiento
2020;05;Madrid;Melocotones;1051.49;2880.87;2.74;30.24;0.17;0.47;2020-05-01;Primera ola;Confinamiento
2020;05;Madrid;Nectarinas;939.53;1875.68;2.0;27.37;0.15;0.31;2020-05-01;Primera ola;Confinamiento
2020;05;Madrid;Albaricoques;2115.3;4643.94;2.2;46.03;0.35;0.76;2020-05-01;Primera ola;Confinamiento
2020;05;Madrid;Fresas/freson;4108.58;10428.2;2.54;69.43;0.67;1.71;2020-05-01;Primera ola;Confinamiento
2020;05;Madrid;Melon;3092.37;5212.15;1.69;36.5;0.51;0.86;2020-05-01;Primera ola;Confinamiento
2020;05;Madrid;Sandia;7119.24;9555.42;1.34;50.09;1.17;1.57;2020-05-01;Primera ola;Confinamiento
2020;05;Madrid;Ciruelas;202.29;560.79;2.77;9.98;0.03;0.09;2020-05-01;Primera ola;Confinamiento
2020;05;Madrid;Cerezas;756.94;3608.18;4.77;25.13;0.12;0.59;2020-05-01;Primera ola;Confinamiento
2020;05;Madrid;Uvas;451.73;1817.31;4.02;18.25;0.07;0.3;2020-05-01;Primera ola;Confinamiento
2020;05;Madrid;Kiwi;2048.76;6769.81;3.3;42.99;0.34;1.11;2020-05-01;Primera ola;Confinamiento
2020;05;Madrid;Aguacate;994.19;4361.84;4.39;38.65;0.16;0.72;2020-05-01;Primera ola;Confinamiento
2020;05;Madrid;Piña;1796.31;2932.69;1.63;23.75;0.3;0.48;2020-05-01;Primera ola;Confinamiento
2020;05;Madrid;Otras frutas frescas;2467.31;7760.33;3.15;52.87;0.41;1.27;2020-05-01;Primera ola;Confinamiento
2020;05;Madrid;Pomelo;131.39;237.84;1.81;2.45;0.02;0.04;2020-05-01;Primera ola;Confinamiento
2020;05;Madrid;Chirimoya;1.41;9.73;6.89;0.11;0.0;0.0;2020-05-01;Primera ola;Confinamiento
2020;05;Madrid;Mango;530.92;1550.93;2.92;16.89;0.09;0.25;2020-05-01;Primera ola;Confinamiento
2020;05;Madrid;Frutas iv gama;2398.65;4436.72;1.85;29.65;0.39;0.73;2020-05-01;Primera ola;Confinamiento
2020;05;Murcia;Frutas frescas;16501.76;33655.13;2.04;96.71;11.89;24.24;2020-05-01;Primera ola;Confinamiento
2020;05;Murcia;Naranjas;3527.15;4385.49;1.24;45.02;2.54;3.16;2020-05-01;Primera ola;Confinamiento
2020;05;Murcia;Mandarinas;122.63;280.66;2.29;13.73;0.09;0.2;2020-05-01;Primera ola;Confinamiento
2020;05;Murcia;Limones;516.83;1086.63;2.1;32.11;0.37;0.78;2020-05-01;Primera ola;Confinamiento
2020;05;Murcia;Platanos;2010.93;3097.81;1.54;85.61;1.45;2.23;2020-05-01;Primera ola;Confinamiento
2020;05;Murcia;Manzanas;1321.27;2162.29;1.64;76.33;0.95;1.56;2020-05-01;Primera ola;Confinamiento
2020;05;Murcia;Peras;451.76;829.15;1.84;39.81;0.33;0.6;2020-05-01;Primera ola;Confinamiento
2020;05;Murcia;Melocotones;325.5;741.1;2.28;33.0;0.23;0.53;2020-05-01;Primera ola;Confinamiento
2020;05;Murcia;Nectarinas;239.24;333.31;1.39;16.78;0.17;0.24;2020-05-01;Primera ola;Confinamiento
2020;05;Murcia;Albaricoques;3571.33;11047.19;3.09;38.42;2.57;7.96;2020-05-01;Primera ola;Confinamiento
2020;05;Murcia;Fresas/freson;558.69;1449.34;2.59;58.33;0.4;1.04;2020-05-01;Primera ola;Confinamiento
2020;05;Murcia;Melon;426.45;725.01;1.7;19.44;0.31;0.52;2020-05-01;Primera ola;Confinamiento
2020;05;Murcia;Sandia;1802.9;2247.82;1.25;40.43;1.3;1.62;2020-05-01;Primera ola;Confinamiento
2020;05;Murcia;Ciruelas;57.67;176.67;3.06;12.07;0.04;0.13;2020-05-01;Primera ola;Confinamiento
2020;05;Murcia;Cerezas;180.48;816.25;4.52;22.46;0.13;0.59;2020-05-01;Primera ola;Confinamiento
2020;05;Murcia;Uvas;51.93;221.02;4.26;14.43;0.04;0.16;2020-05-01;Primera ola;Confinamiento
2020;05;Murcia;Kiwi;325.34;1236.06;3.8;36.42;0.23;0.89;2020-05-01;Primera ola;Confinamiento
2020;05;Murcia;Aguacate;222.16;926.48;4.17;43.57;0.16;0.67;2020-05-01;Primera ola;Confinamiento
2020;05;Murcia;Piña;294.12;426.72;1.45;16.46;0.21;0.31;2020-05-01;Primera ola;Confinamiento
2020;05;Murcia;Otras frutas frescas;495.38;1466.14;2.96;47.45;0.36;1.06;2020-05-01;Primera ola;Confinamiento
2020;05;Murcia;Pomelo;11.7;25.91;2.21;2.53;0.01;0.02;2020-05-01;Primera ola;Confinamiento
2020;05;Murcia;Chirimoya;0.0;0.0;0.0;0.0;0.0;0.0;2020-05-01;Primera ola;Confinamiento
2020;05;Murcia;Mango;74.38;208.73;2.81;14.04;0.05;0.15;2020-05-01;Primera ola;Confinamiento
2020;05;Murcia;Frutas iv gama;488.7;1007.32;2.06;34.44;0.35;0.73;2020-05-01;Primera ola;Confinamiento
2020;05;Navarra;Frutas frescas;6133.24;11653.21;1.9;95.37;10.68;20.29;2020-05-01;Primera ola;Confinamiento
2020;05;Navarra;Naranjas;1599.04;1967.56;1.23;54.24;2.78;3.43;2020-05-01;Primera ola;Confinamiento
2020;05;Navarra;Mandarinas;74.46;192.4;2.58;17.55;0.13;0.33;2020-05-01;Primera ola;Confinamiento
2020;05;Navarra;Limones;131.56;280.91;2.14;32.68;0.23;0.49;2020-05-01;Primera ola;Confinamiento
2020;05;Navarra;Platanos;856.55;1500.3;1.75;77.8;1.49;2.61;2020-05-01;Primera ola;Confinamiento
2020;05;Navarra;Manzanas;1021.06;1472.41;1.44;77.68;1.78;2.56;2020-05-01;Primera ola;Confinamiento
2020;05;Navarra;Peras;240.31;426.17;1.77;51.16;0.42;0.74;2020-05-01;Primera ola;Confinamiento
2020;05;Navarra;Melocotones;73.75;145.6;1.97;26.71;0.13;0.25;2020-05-01;Primera ola;Confinamiento
2020;05;Navarra;Nectarinas;58.37;146.67;2.51;26.36;0.1;0.26;2020-05-01;Primera ola;Confinamiento
2020;05;Navarra;Albaricoques;101.93;228.66;2.24;45.62;0.18;0.4;2020-05-01;Primera ola;Confinamiento
2020;05;Navarra;Fresas/freson;483.9;1232.07;2.55;70.6;0.84;2.15;2020-05-01;Primera ola;Confinamiento
2020;05;Navarra;Melon;225.28;392.86;1.74;28.66;0.39;0.68;2020-05-01;Primera ola;Confinamiento
2020;05;Navarra;Sandia;449.33;676.31;1.51;30.35;0.78;1.18;2020-05-01;Primera ola;Confinamiento
2020;05;Navarra;Ciruelas;13.48;34.54;2.56;5.74;0.02;0.06;2020-05-01;Primera ola;Confinamiento
2020;05;Navarra;Cerezas;127.43;487.84;3.83;33.96;0.22;0.85;2020-05-01;Primera ola;Confinamiento
2020;05;Navarra;Uvas;39.07;181.03;4.63;20.16;0.07;0.32;2020-05-01;Primera ola;Confinamiento
2020;05;Navarra;Kiwi;269.7;968.79;3.59;47.2;0.47;1.69;2020-05-01;Primera ola;Confinamiento
2020;05;Navarra;Aguacate;106.89;579.74;5.42;39.62;0.19;1.01;2020-05-01;Primera ola;Confinamiento
2020;05;Navarra;Piña;124.7;277.39;2.22;13.29;0.22;0.48;2020-05-01;Primera ola;Confinamiento
2020;05;Navarra;Otras frutas frescas;136.43;461.96;3.39;38.24;0.24;0.8;2020-05-01;Primera ola;Confinamiento
2020;05;Navarra;Pomelo;7.15;16.66;2.33;3.68;0.01;0.03;2020-05-01;Primera ola;Confinamiento
2020;05;Navarra;Chirimoya;0.0;0.0;0.0;0.0;0.0;0.0;2020-05-01;Primera ola;Confinamiento
2020;05;Navarra;Mango;29.05;80.17;2.76;14.89;0.05;0.14;2020-05-01;Primera ola;Confinamiento
2020;05;Navarra;Frutas iv gama;364.45;814.76;2.24;36.4;0.63;1.42;2020-05-01;Primera ola;Confinamiento
2020;05;Pais vasco;Frutas frescas;23332.96;46757.05;2.0;98.64;11.51;23.07;2020-05-01;Primera ola;Confinamiento
2020;05;Pais vasco;Naranjas;4746.69;6502.45;1.37;69.86;2.34;3.21;2020-05-01;Primera ola;Confinamiento
2020;05;Pais vasco;Mandarinas;496.95;1222.92;2.46;28.33;0.25;0.6;2020-05-01;Primera ola;Confinamiento
2020;05;Pais vasco;Limones;643.88;1318.58;2.05;50.42;0.32;0.65;2020-05-01;Primera ola;Confinamiento
2020;05;Pais vasco;Platanos;3442.99;6349.62;1.84;88.9;1.7;3.13;2020-05-01;Primera ola;Confinamiento
2020;05;Pais vasco;Manzanas;3101.37;4660.67;1.5;73.18;1.53;2.3;2020-05-01;Primera ola;Confinamiento
2020;05;Pais vasco;Peras;1091.8;2132.35;1.95;45.98;0.54;1.05;2020-05-01;Primera ola;Confinamiento
2020;05;Pais vasco;Melocotones;658.72;1686.65;2.56;38.75;0.33;0.83;2020-05-01;Primera ola;Confinamiento
2020;05;Pais vasco;Nectarinas;667.57;1337.85;2.0;44.66;0.33;0.66;2020-05-01;Primera ola;Confinamiento
2020;05;Pais vasco;Albaricoques;875.14;2146.48;2.45;52.58;0.43;1.06;2020-05-01;Primera ola;Confinamiento
2020;05;Pais vasco;Fresas/freson;1477.61;3661.13;2.48;67.86;0.73;1.81;2020-05-01;Primera ola;Confinamiento
2020;05;Pais vasco;Melon;808.73;1450.21;1.79;34.29;0.4;0.72;2020-05-01;Primera ola;Confinamiento
2020;05;Pais vasco;Sandia;1992.44;2945.09;1.48;39.31;0.98;1.45;2020-05-01;Primera ola;Confinamiento
2020;05;Pais vasco;Ciruelas;152.4;475.9;3.12;13.84;0.08;0.23;2020-05-01;Primera ola;Confinamiento
2020;05;Pais vasco;Cerezas;439.21;2113.55;4.81;39.69;0.22;1.04;2020-05-01;Primera ola;Confinamiento
2020;05;Pais vasco;Uvas;165.89;733.65;4.42;15.97;0.08;0.36;2020-05-01;Primera ola;Confinamiento
2020;05;Pais vasco;Kiwi;865.48;3269.14;3.78;45.34;0.43;1.61;2020-05-01;Primera ola;Confinamiento
2020;05;Pais vasco;Aguacate;352.94;1490.65;4.22;46.17;0.17;0.74;2020-05-01;Primera ola;Confinamiento
2020;05;Pais vasco;Piña;472.9;865.38;1.83;22.62;0.23;0.43;2020-05-01;Primera ola;Confinamiento
2020;05;Pais vasco;Otras frutas frescas;880.24;2394.78;2.72;52.19;0.43;1.18;2020-05-01;Primera ola;Confinamiento
2020;05;Pais vasco;Pomelo;169.91;337.25;1.98;6.76;0.08;0.17;2020-05-01;Primera ola;Confinamiento
2020;05;Pais vasco;Chirimoya;0.0;0.0;0.0;0.0;0.0;0.0;2020-05-01;Primera ola;Confinamiento
2020;05;Pais vasco;Mango;105.88;311.37;2.94;8.58;0.05;0.15;2020-05-01;Primera ola;Confinamiento
2020;05;Pais vasco;Frutas iv gama;1227.48;2228.22;1.82;36.16;0.61;1.1;2020-05-01;Primera ola;Confinamiento
2020;05;Valencia;Frutas frescas;42950.04;79146.48;1.84;97.24;9.22;16.99;2020-05-01;Primera ola;Confinamiento
2020;05;Valencia;Naranjas;7945.03;9457.45;1.19;51.05;1.71;2.03;2020-05-01;Primera ola;Confinamiento
2020;05;Valencia;Mandarinas;361.07;764.91;2.12;14.62;0.08;0.16;2020-05-01;Primera ola;Confinamiento
2020;05;Valencia;Limones;1064.01;2005.35;1.88;41.02;0.23;0.43;2020-05-01;Primera ola;Confinamiento
2020;05;Valencia;Platanos;7522.41;11557.82;1.54;88.23;1.61;2.48;2020-05-01;Primera ola;Confinamiento
2020;05;Valencia;Manzanas;4797.49;7372.51;1.54;74.94;1.03;1.58;2020-05-01;Primera ola;Confinamiento
2020;05;Valencia;Peras;2239.59;4243.42;1.89;53.61;0.48;0.91;2020-05-01;Primera ola;Confinamiento
2020;05;Valencia;Melocotones;976.12;2239.9;2.29;31.54;0.21;0.48;2020-05-01;Primera ola;Confinamiento
2020;05;Valencia;Nectarinas;456.16;784.28;1.72;15.81;0.1;0.17;2020-05-01;Primera ola;Confinamiento
2020;05;Valencia;Albaricoques;1093.43;2544.18;2.33;37.53;0.23;0.55;2020-05-01;Primera ola;Confinamiento
2020;05;Valencia;Fresas/freson;2502.33;6544.31;2.62;62.79;0.54;1.4;2020-05-01;Primera ola;Confinamiento
2020;05;Valencia;Melon;2288.25;3652.95;1.6;28.09;0.49;0.78;2020-05-01;Primera ola;Confinamiento
2020;05;Valencia;Sandia;5352.88;7728.02;1.44;36.99;1.15;1.66;2020-05-01;Primera ola;Confinamiento
2020;05;Valencia;Ciruelas;184.2;574.75;3.12;13.5;0.04;0.12;2020-05-01;Primera ola;Confinamiento
2020;05;Valencia;Cerezas;682.5;2978.76;4.36;25.22;0.15;0.64;2020-05-01;Primera ola;Confinamiento
2020;05;Valencia;Uvas;409.78;1700.57;4.15;16.15;0.09;0.37;2020-05-01;Primera ola;Confinamiento
2020;05;Valencia;Kiwi;1352.83;4507.63;3.33;41.75;0.29;0.97;2020-05-01;Primera ola;Confinamiento
2020;05;Valencia;Aguacate;670.98;2916.37;4.35;34.34;0.14;0.63;2020-05-01;Primera ola;Confinamiento
2020;05;Valencia;Piña;952.61;1772.46;1.86;18.46;0.2;0.38;2020-05-01;Primera ola;Confinamiento
2020;05;Valencia;Otras frutas frescas;2098.38;5800.84;2.76;48.03;0.45;1.25;2020-05-01;Primera ola;Confinamiento
2020;05;Valencia;Pomelo;101.16;188.78;1.87;1.89;0.02;0.04;2020-05-01;Primera ola;Confinamiento
2020;05;Valencia;Chirimoya;0.0;0.0;0.0;0.0;0.0;0.0;2020-05-01;Primera ola;Confinamiento
2020;05;Valencia;Mango;282.05;726.91;2.58;11.89;0.06;0.16;2020-05-01;Primera ola;Confinamiento
2020;05;Valencia;Frutas iv gama;1567.93;3123.89;1.99;26.15;0.34;0.67;2020-05-01;Primera ola;Confinamiento
2020;06;Nacional;Patatas;118550.07;115773.81;0.98;81.51;2.68;2.61;2020-06-01;Primera ola;Confinamiento
2020;06;Nacional;Patatas frescas;85621.93;77578.62;0.91;68.63;1.93;1.75;2020-06-01;Primera ola;Confinamiento
2020;06;Nacional;Patatas congeladas;3684.93;5008.38;1.36;10.58;0.08;0.11;2020-06-01;Primera ola;Confinamiento
2020;06;Nacional;Patatas procesadas;5848.64;33186.81;5.67;50.87;0.13;0.75;2020-06-01;Primera ola;Confinamiento
2020;06;Nacional;Patatas fritas;4989.75;31839.18;6.38;49.28;0.11;0.72;2020-06-01;Primera ola;Confinamiento
2020;06;Nacional;Hortalizas frescas;247215.64;471135.44;1.91;97.59;5.58;10.63;2020-06-01;Primera ola;Confinamiento
2020;06;Nacional;Omates;66660.26;111147.6;1.67;86.26;1.5;2.51;2020-06-01;Primera ola;Confinamiento
2020;06;Nacional;Cebollas;30376.89;38315.4;1.26;71.38;0.69;0.86;2020-06-01;Primera ola;Confinamiento
2020;06;Nacional;Ajos;3049.76;13271.96;4.35;36.01;0.07;0.3;2020-06-01;Primera ola;Confinamiento
2020;06;Nacional;Coles;4628.83;5352.01;1.16;15.95;0.1;0.12;2020-06-01;Primera ola;Confinamiento
2020;06;Nacional;Pepinos;12863.51;18521.05;1.44;48.65;0.29;0.42;2020-06-01;Primera ola;Confinamiento
2020;06;Nacional;Judias verdes;7050.12;23370.93;3.31;31.69;0.16;0.53;2020-06-01;Primera ola;Confinamiento
2020;06;Nacional;Pimientos;22352.62;45839.88;2.05;72.63;0.5;1.03;2020-06-01;Primera ola;Confinamiento
2020;06;Nacional;Champiñoneso setas;5323.71;22131.64;4.16;41.4;0.12;0.5;2020-06-01;Primera ola;Confinamiento
2020;06;Nacional;Lechuga/esc /endivia;18751.71;50562.32;2.7;70.13;0.42;1.14;2020-06-01;Primera ola;Confinamiento
2020;06;Nacional;Esparragos;2592.73;7370.43;2.84;12.3;0.06;0.17;2020-06-01;Primera ola;Confinamiento
2020;06;Nacional;Verduras de hoja;4494.24;12154.74;2.7;25.89;0.1;0.27;2020-06-01;Primera ola;Confinamiento
2020;06;Nacional;Berenjenas;8200.39;12939.44;1.58;36.35;0.19;0.29;2020-06-01;Primera ola;Confinamiento
2020;06;Nacional;Zanahorias;15131.89;14175.06;0.94;58.81;0.34;0.32;2020-06-01;Primera ola;Confinamiento
2020;06;Nacional;Calabacines;18255.28;24556.77;1.35;56.85;0.41;0.55;2020-06-01;Primera ola;Confinamiento
2020;06;Nacional;Otr hortalizas/verd ;27483.7;71426.21;2.6;70.21;0.62;1.61;2020-06-01;Primera ola;Confinamiento
2020;06;Nacional;Brocoli;3866.62;8971.51;2.32;19.19;0.09;0.2;2020-06-01;Primera ola;Confinamiento
2020;06;Nacional;Alcachofas;1744.45;3989.21;2.29;10.11;0.04;0.09;2020-06-01;Primera ola;Confinamiento
2020;06;Nacional;Apio;1576.24;2509.62;1.59;9.11;0.04;0.06;2020-06-01;Primera ola;Confinamiento
2020;06;Nacional;Coliflor;1271.52;2539.96;2.0;6.29;0.03;0.06;2020-06-01;Primera ola;Confinamiento
2020;06;Nacional;Verd /hort  iv gama;26704.91;69757.7;2.61;65.87;0.6;1.57;2020-06-01;Primera ola;Confinamiento
2020;06;Nacional;Puerro;3366.6;9224.31;2.74;26.15;0.08;0.21;2020-06-01;Primera ola;Confinamiento
2020;06;Andalucia;Patatas;21679.98;20069.28;0.93;81.78;2.6;2.41;2020-06-01;Primera ola;Confinamiento
2020;06;Andalucia;Patatas frescas;14856.18;12410.65;0.84;65.6;1.78;1.49;2020-06-01;Primera ola;Confinamiento
2020;06;Andalucia;Patatas congeladas;779.46;1099.76;1.41;13.53;0.09;0.13;2020-06-01;Primera ola;Confinamiento
2020;06;Andalucia;Patatas procesadas;1208.87;6558.86;5.43;53.73;0.14;0.79;2020-06-01;Primera ola;Confinamiento
2020;06;Andalucia;Patatas fritas;1058.41;6308.18;5.96;51.94;0.13;0.76;2020-06-01;Primera ola;Confinamiento
2020;06;Andalucia;Hortalizas frescas;42323.46;73686.64;1.74;97.7;5.07;8.83;2020-06-01;Primera ola;Confinamiento
2020;06;Andalucia;Omates;13847.5;19904.99;1.44;86.26;1.66;2.39;2020-06-01;Primera ola;Confinamiento
2020;06;Andalucia;Cebollas;4938.11;5717.69;1.16;70.89;0.59;0.69;2020-06-01;Primera ola;Confinamiento
2020;06;Andalucia;Ajos;619.17;2508.94;4.05;41.9;0.07;0.3;2020-06-01;Primera ola;Confinamiento
2020;06;Andalucia;Coles;588.43;716.85;1.22;12.49;0.07;0.09;2020-06-01;Primera ola;Confinamiento
2020;06;Andalucia;Pepinos;2251.39;3150.14;1.4;51.94;0.27;0.38;2020-06-01;Primera ola;Confinamiento
2020;06;Andalucia;Judias verdes;894.83;2724.32;3.04;24.38;0.11;0.33;2020-06-01;Primera ola;Confinamiento
2020;06;Andalucia;Pimientos;3952.12;7527.34;1.9;76.54;0.47;0.9;2020-06-01;Primera ola;Confinamiento
2020;06;Andalucia;Champiñoneso setas;864.22;3425.74;3.96;39.76;0.1;0.41;2020-06-01;Primera ola;Confinamiento
2020;06;Andalucia;Lechuga/esc /endivia;2936.71;7495.79;2.55;70.22;0.35;0.9;2020-06-01;Primera ola;Confinamiento
2020;06;Andalucia;Esparragos;221.3;778.37;3.52;8.87;0.03;0.09;2020-06-01;Primera ola;Confinamiento
2020;06;Andalucia;Verduras de hoja;591.36;1459.66;2.47;22.87;0.07;0.17;2020-06-01;Primera ola;Confinamiento
2020;06;Andalucia;Berenjenas;1540.3;2516.7;1.63;34.92;0.18;0.3;2020-06-01;Primera ola;Confinamiento
2020;06;Andalucia;Zanahorias;2323.81;2215.8;0.95;54.95;0.28;0.27;2020-06-01;Primera ola;Confinamiento
2020;06;Andalucia;Calabacines;3138.1;4246.56;1.35;54.32;0.38;0.51;2020-06-01;Primera ola;Confinamiento
2020;06;Andalucia;Otr hortalizas/verd ;3616.11;9297.74;2.57;67.18;0.43;1.11;2020-06-01;Primera ola;Confinamiento
2020;06;Andalucia;Brocoli;489.6;1268.17;2.59;17.68;0.06;0.15;2020-06-01;Primera ola;Confinamiento
2020;06;Andalucia;Alcachofas;240.77;466.06;1.94;10.81;0.03;0.06;2020-06-01;Primera ola;Confinamiento
2020;06;Andalucia;Apio;293.51;534.8;1.82;11.38;0.04;0.06;2020-06-01;Primera ola;Confinamiento
2020;06;Andalucia;Coliflor;322.73;575.49;1.78;7.99;0.04;0.07;2020-06-01;Primera ola;Confinamiento
2020;06;Andalucia;Verd /hort  iv gama;4613.15;10737.68;2.33;62.51;0.55;1.29;2020-06-01;Primera ola;Confinamiento
2020;06;Andalucia;Puerro;414.87;1103.5;2.66;21.16;0.05;0.13;2020-06-01;Primera ola;Confinamiento
2020;06;Aragon;Patatas;3514.47;3375.05;0.96;83.73;2.79;2.68;2020-06-01;Primera ola;Confinamiento
2020;06;Aragon;Patatas frescas;2834.82;2569.71;0.91;79.96;2.25;2.04;2020-06-01;Primera ola;Confinamiento
2020;06;Aragon;Patatas congeladas;46.42;53.88;1.16;7.28;0.04;0.04;2020-06-01;Primera ola;Confinamiento
2020;06;Aragon;Patatas procesadas;126.65;751.46;5.93;44.11;0.1;0.6;2020-06-01;Primera ola;Confinamiento
2020;06;Aragon;Patatas fritas;115.41;735.24;6.37;43.66;0.09;0.58;2020-06-01;Primera ola;Confinamiento
2020;06;Aragon;Hortalizas frescas;9189.68;17750.1;1.93;97.68;7.3;14.1;2020-06-01;Primera ola;Confinamiento
2020;06;Aragon;Omates;2251.05;4029.39;1.79;92.03;1.79;3.2;2020-06-01;Primera ola;Confinamiento
2020;06;Aragon;Cebollas;1048.32;1315.92;1.26;75.83;0.83;1.05;2020-06-01;Primera ola;Confinamiento
2020;06;Aragon;Ajos;94.92;443.7;4.67;40.84;0.08;0.35;2020-06-01;Primera ola;Confinamiento
2020;06;Aragon;Coles;53.91;72.0;1.34;9.98;0.04;0.06;2020-06-01;Primera ola;Confinamiento
2020;06;Aragon;Pepinos;574.13;792.67;1.38;57.39;0.46;0.63;2020-06-01;Primera ola;Confinamiento
2020;06;Aragon;Judias verdes;454.87;1329.84;2.92;56.24;0.36;1.06;2020-06-01;Primera ola;Confinamiento
2020;06;Aragon;Pimientos;586.93;1193.16;2.03;73.66;0.47;0.95;2020-06-01;Primera ola;Confinamiento
2020;06;Aragon;Champiñoneso setas;182.73;781.12;4.27;49.72;0.15;0.62;2020-06-01;Primera ola;Confinamiento
2020;06;Aragon;Lechuga/esc /endivia;863.16;2262.3;2.62;80.56;0.69;1.8;2020-06-01;Primera ola;Confinamiento
2020;06;Aragon;Esparragos;178.31;450.04;2.52;17.51;0.14;0.36;2020-06-01;Primera ola;Confinamiento
2020;06;Aragon;Verduras de hoja;373.46;610.82;1.64;36.83;0.3;0.49;2020-06-01;Primera ola;Confinamiento
2020;06;Aragon;Berenjenas;176.24;273.55;1.55;32.28;0.14;0.22;2020-06-01;Primera ola;Confinamiento
2020;06;Aragon;Zanahorias;369.61;361.43;0.98;57.44;0.29;0.29;2020-06-01;Primera ola;Confinamiento
2020;06;Aragon;Calabacines;671.93;929.15;1.38;63.36;0.53;0.74;2020-06-01;Primera ola;Confinamiento
2020;06;Aragon;Otr hortalizas/verd ;1310.11;2905.01;2.22;77.63;1.04;2.31;2020-06-01;Primera ola;Confinamiento
2020;06;Aragon;Brocoli;190.63;317.06;1.66;18.92;0.15;0.25;2020-06-01;Primera ola;Confinamiento
2020;06;Aragon;Alcachofas;129.47;294.15;2.27;10.1;0.1;0.23;2020-06-01;Primera ola;Confinamiento
2020;06;Aragon;Apio;135.52;185.97;1.37;8.95;0.11;0.15;2020-06-01;Primera ola;Confinamiento
2020;06;Aragon;Coliflor;18.19;33.63;1.85;3.9;0.01;0.03;2020-06-01;Primera ola;Confinamiento
2020;06;Aragon;Verd /hort  iv gama;734.62;1941.08;2.64;71.53;0.58;1.54;2020-06-01;Primera ola;Confinamiento
2020;06;Aragon;Puerro;84.69;275.44;3.25;21.97;0.07;0.22;2020-06-01;Primera ola;Confinamiento
2020;06;Asturias;Patatas;2701.68;2501.21;0.93;73.68;2.64;2.44;2020-06-01;Primera ola;Confinamiento
2020;06;Asturias;Patatas frescas;2096.39;1792.42;0.86;60.36;2.05;1.75;2020-06-01;Primera ola;Confinamiento
2020;06;Asturias;Patatas congeladas;50.62;65.85;1.3;6.97;0.05;0.06;2020-06-01;Primera ola;Confinamiento
2020;06;Asturias;Patatas procesadas;110.93;642.94;5.8;43.9;0.11;0.63;2020-06-01;Primera ola;Confinamiento
2020;06;Asturias;Patatas fritas;80.03;597.23;7.46;41.88;0.08;0.58;2020-06-01;Primera ola;Confinamiento
2020;06;Asturias;Hortalizas frescas;4590.4;9176.53;2.0;98.19;4.48;8.96;2020-06-01;Primera ola;Confinamiento
2020;06;Asturias;Omates;1127.56;2182.03;1.94;80.95;1.1;2.13;2020-06-01;Primera ola;Confinamiento
2020;06;Asturias;Cebollas;700.26;962.31;1.37;75.24;0.68;0.94;2020-06-01;Primera ola;Confinamiento
2020;06;Asturias;Ajos;103.52;471.21;4.55;57.34;0.1;0.46;2020-06-01;Primera ola;Confinamiento
2020;06;Asturias;Coles;203.12;220.09;1.08;25.17;0.2;0.21;2020-06-01;Primera ola;Confinamiento
2020;06;Asturias;Pepinos;97.64;144.9;1.48;23.52;0.1;0.14;2020-06-01;Primera ola;Confinamiento
2020;06;Asturias;Judias verdes;138.17;369.94;2.68;21.79;0.13;0.36;2020-06-01;Primera ola;Confinamiento
2020;06;Asturias;Pimientos;465.78;1119.69;2.4;78.95;0.45;1.09;2020-06-01;Primera ola;Confinamiento
2020;06;Asturias;Champiñoneso setas;104.58;423.76;4.05;33.81;0.1;0.41;2020-06-01;Primera ola;Confinamiento
2020;06;Asturias;Lechuga/esc /endivia;346.18;858.1;2.48;54.66;0.34;0.84;2020-06-01;Primera ola;Confinamiento
2020;06;Asturias;Esparragos;49.5;73.92;1.49;7.59;0.05;0.07;2020-06-01;Primera ola;Confinamiento
2020;06;Asturias;Verduras de hoja;44.33;160.74;3.63;15.09;0.04;0.16;2020-06-01;Primera ola;Confinamiento
2020;06;Asturias;Berenjenas;146.54;218.86;1.49;29.02;0.14;0.21;2020-06-01;Primera ola;Confinamiento
2020;06;Asturias;Zanahorias;279.43;289.58;1.04;56.9;0.27;0.28;2020-06-01;Primera ola;Confinamiento
2020;06;Asturias;Calabacines;361.41;467.71;1.29;48.18;0.35;0.46;2020-06-01;Primera ola;Confinamiento
2020;06;Asturias;Otr hortalizas/verd ;422.38;1213.68;2.87;59.26;0.41;1.18;2020-06-01;Primera ola;Confinamiento
2020;06;Asturias;Brocoli;61.98;172.04;2.78;19.28;0.06;0.17;2020-06-01;Primera ola;Confinamiento
2020;06;Asturias;Alcachofas;7.03;12.01;1.71;1.81;0.01;0.01;2020-06-01;Primera ola;Confinamiento
2020;06;Asturias;Apio;24.68;42.19;1.71;6.93;0.02;0.04;2020-06-01;Primera ola;Confinamiento
2020;06;Asturias;Coliflor;13.72;27.91;2.03;2.68;0.01;0.03;2020-06-01;Primera ola;Confinamiento
2020;06;Asturias;Verd /hort  iv gama;480.6;1234.1;2.57;58.17;0.47;1.2;2020-06-01;Primera ola;Confinamiento
2020;06;Asturias;Puerro;56.94;192.87;3.39;28.93;0.06;0.19;2020-06-01;Primera ola;Confinamiento
2020;06;Baleares;Patatas;3139.62;3171.84;1.01;84.99;3.07;3.1;2020-06-01;Primera ola;Confinamiento
2020;06;Baleares;Patatas frescas;2195.64;2041.74;0.93;72.22;2.15;2.0;2020-06-01;Primera ola;Confinamiento
2020;06;Baleares;Patatas congeladas;58.8;102.39;1.74;8.57;0.06;0.1;2020-06-01;Primera ola;Confinamiento
2020;06;Baleares;Patatas procesadas;177.03;1027.7;5.81;57.46;0.17;1.01;2020-06-01;Primera ola;Confinamiento
2020;06;Baleares;Patatas fritas;150.29;989.6;6.58;53.42;0.15;0.97;2020-06-01;Primera ola;Confinamiento
2020;06;Baleares;Hortalizas frescas;6959.1;13945.71;2.0;98.84;6.81;13.64;2020-06-01;Primera ola;Confinamiento
2020;06;Baleares;Omates;1793.04;2918.61;1.63;91.52;1.75;2.86;2020-06-01;Primera ola;Confinamiento
2020;06;Baleares;Cebollas;846.48;1128.94;1.33;76.95;0.83;1.1;2020-06-01;Primera ola;Confinamiento
2020;06;Baleares;Ajos;74.95;339.97;4.54;26.1;0.07;0.33;2020-06-01;Primera ola;Confinamiento
2020;06;Baleares;Coles;139.22;199.77;1.43;19.78;0.14;0.2;2020-06-01;Primera ola;Confinamiento
2020;06;Baleares;Pepinos;351.63;448.16;1.27;45.02;0.34;0.44;2020-06-01;Primera ola;Confinamiento
2020;06;Baleares;Judias verdes;121.96;475.12;3.9;30.07;0.12;0.46;2020-06-01;Primera ola;Confinamiento
2020;06;Baleares;Pimientos;852.85;1833.41;2.15;81.73;0.83;1.79;2020-06-01;Primera ola;Confinamiento
2020;06;Baleares;Champiñoneso setas;189.72;833.38;4.39;55.1;0.19;0.82;2020-06-01;Primera ola;Confinamiento
2020;06;Baleares;Lechuga/esc /endivia;466.25;1501.62;3.22;79.14;0.46;1.47;2020-06-01;Primera ola;Confinamiento
2020;06;Baleares;Esparragos;91.1;286.66;3.15;16.71;0.09;0.28;2020-06-01;Primera ola;Confinamiento
2020;06;Baleares;Verduras de hoja;126.38;369.11;2.92;29.05;0.12;0.36;2020-06-01;Primera ola;Confinamiento
2020;06;Baleares;Berenjenas;292.99;437.8;1.49;49.99;0.29;0.43;2020-06-01;Primera ola;Confinamiento
2020;06;Baleares;Zanahorias;462.33;431.72;0.93;66.86;0.45;0.42;2020-06-01;Primera ola;Confinamiento
2020;06;Baleares;Calabacines;451.61;621.34;1.38;56.52;0.44;0.61;2020-06-01;Primera ola;Confinamiento
2020;06;Baleares;Otr hortalizas/verd ;698.6;2120.11;3.03;74.57;0.68;2.07;2020-06-01;Primera ola;Confinamiento
2020;06;Baleares;Brocoli;96.54;243.12;2.52;18.67;0.09;0.24;2020-06-01;Primera ola;Confinamiento
2020;06;Baleares;Alcachofas;81.25;222.72;2.74;15.91;0.08;0.22;2020-06-01;Primera ola;Confinamiento
2020;06;Baleares;Apio;40.95;79.45;1.94;8.34;0.04;0.08;2020-06-01;Primera ola;Confinamiento
2020;06;Baleares;Coliflor;28.18;53.4;1.89;7.27;0.03;0.05;2020-06-01;Primera ola;Confinamiento
2020;06;Baleares;Verd /hort  iv gama;679.97;2248.02;3.31;71.34;0.67;2.2;2020-06-01;Primera ola;Confinamiento
2020;06;Baleares;Puerro;76.63;283.87;3.7;31.07;0.07;0.28;2020-06-01;Primera ola;Confinamiento
2020;06;Canarias;Patatas;5638.42;6395.37;1.13;73.63;2.63;2.98;2020-06-01;Primera ola;Confinamiento
2020;06;Canarias;Patatas frescas;4549.65;5059.13;1.11;56.28;2.12;2.36;2020-06-01;Primera ola;Confinamiento
2020;06;Canarias;Patatas congeladas;235.63;260.48;1.11;9.73;0.11;0.12;2020-06-01;Primera ola;Confinamiento
2020;06;Canarias;Patatas procesadas;170.63;1075.76;6.3;43.69;0.08;0.5;2020-06-01;Primera ola;Confinamiento
2020;06;Canarias;Patatas fritas;150.13;1048.73;6.99;42.87;0.07;0.49;2020-06-01;Primera ola;Confinamiento
2020;06;Canarias;Hortalizas frescas;10959.67;20052.61;1.83;98.13;5.11;9.35;2020-06-01;Primera ola;Confinamiento
2020;06;Canarias;Omates;2475.57;3629.21;1.47;83.15;1.15;1.69;2020-06-01;Primera ola;Confinamiento
2020;06;Canarias;Cebollas;1494.2;1815.3;1.21;74.98;0.7;0.85;2020-06-01;Primera ola;Confinamiento
2020;06;Canarias;Ajos;130.16;554.48;4.26;43.81;0.06;0.26;2020-06-01;Primera ola;Confinamiento
2020;06;Canarias;Coles;192.93;219.96;1.14;20.5;0.09;0.1;2020-06-01;Primera ola;Confinamiento
2020;06;Canarias;Pepinos;302.17;494.85;1.64;50.18;0.14;0.23;2020-06-01;Primera ola;Confinamiento
2020;06;Canarias;Judias verdes;145.14;367.76;2.53;24.11;0.07;0.17;2020-06-01;Primera ola;Confinamiento
2020;06;Canarias;Pimientos;1177.19;2021.98;1.72;77.62;0.55;0.94;2020-06-01;Primera ola;Confinamiento
2020;06;Canarias;Champiñoneso setas;237.53;1056.68;4.45;37.18;0.11;0.49;2020-06-01;Primera ola;Confinamiento
2020;06;Canarias;Lechuga/esc /endivia;603.03;1691.68;2.81;61.43;0.28;0.79;2020-06-01;Primera ola;Confinamiento
2020;06;Canarias;Esparragos;5.66;36.6;6.46;2.74;0.0;0.02;2020-06-01;Primera ola;Confinamiento
2020;06;Canarias;Verduras de hoja;81.65;380.17;4.66;18.59;0.04;0.18;2020-06-01;Primera ola;Confinamiento
2020;06;Canarias;Berenjenas;208.66;325.52;1.56;19.91;0.1;0.15;2020-06-01;Primera ola;Confinamiento
2020;06;Canarias;Zanahorias;862.94;897.5;1.04;63.56;0.4;0.42;2020-06-01;Primera ola;Confinamiento
2020;06;Canarias;Calabacines;917.71;1299.56;1.42;60.81;0.43;0.61;2020-06-01;Primera ola;Confinamiento
2020;06;Canarias;Otr hortalizas/verd ;2125.11;5261.37;2.48;80.37;0.99;2.45;2020-06-01;Primera ola;Confinamiento
2020;06;Canarias;Brocoli;61.39;118.49;1.93;4.62;0.03;0.06;2020-06-01;Primera ola;Confinamiento
2020;06;Canarias;Alcachofas;3.02;14.04;4.64;0.52;0.0;0.01;2020-06-01;Primera ola;Confinamiento
2020;06;Canarias;Apio;82.51;128.05;1.55;10.0;0.04;0.06;2020-06-01;Primera ola;Confinamiento
2020;06;Canarias;Coliflor;138.64;293.29;2.12;12.74;0.06;0.14;2020-06-01;Primera ola;Confinamiento
2020;06;Canarias;Verd /hort  iv gama;1685.12;3838.6;2.28;67.04;0.79;1.79;2020-06-01;Primera ola;Confinamiento
2020;06;Canarias;Puerro;109.58;276.9;2.53;20.82;0.05;0.13;2020-06-01;Primera ola;Confinamiento
2020;06;Cantabria;Patatas;1410.87;1342.62;0.95;80.28;2.63;2.5;2020-06-01;Primera ola;Confinamiento
2020;06;Cantabria;Patatas frescas;1049.5;998.52;0.95;60.39;1.95;1.86;2020-06-01;Primera ola;Confinamiento
2020;06;Cantabria;Patatas congeladas;46.6;52.32;1.12;13.6;0.09;0.1;2020-06-01;Primera ola;Confinamiento
2020;06;Cantabria;Patatas procesadas;62.96;291.78;4.63;41.42;0.12;0.54;2020-06-01;Primera ola;Confinamiento
2020;06;Cantabria;Patatas fritas;41.99;263.31;6.27;38.22;0.08;0.49;2020-06-01;Primera ola;Confinamiento
2020;06;Cantabria;Hortalizas frescas;2395.19;4716.69;1.97;96.59;4.46;8.78;2020-06-01;Primera ola;Confinamiento
2020;06;Cantabria;Omates;551.38;1051.28;1.91;81.35;1.03;1.96;2020-06-01;Primera ola;Confinamiento
2020;06;Cantabria;Cebollas;386.69;474.21;1.23;74.79;0.72;0.88;2020-06-01;Primera ola;Confinamiento
2020;06;Cantabria;Ajos;100.83;409.47;4.06;47.84;0.19;0.76;2020-06-01;Primera ola;Confinamiento
2020;06;Cantabria;Coles;79.13;83.09;1.05;12.77;0.15;0.15;2020-06-01;Primera ola;Confinamiento
2020;06;Cantabria;Pepinos;72.84;101.51;1.39;27.87;0.14;0.19;2020-06-01;Primera ola;Confinamiento
2020;06;Cantabria;Judias verdes;35.85;115.96;3.23;15.78;0.07;0.22;2020-06-01;Primera ola;Confinamiento
2020;06;Cantabria;Pimientos;287.47;565.46;1.97;65.6;0.54;1.05;2020-06-01;Primera ola;Confinamiento
2020;06;Cantabria;Champiñoneso setas;53.8;203.31;3.78;33.53;0.1;0.38;2020-06-01;Primera ola;Confinamiento
2020;06;Cantabria;Lechuga/esc /endivia;206.48;557.31;2.7;67.54;0.38;1.04;2020-06-01;Primera ola;Confinamiento
2020;06;Cantabria;Esparragos;8.68;38.47;4.43;10.24;0.02;0.07;2020-06-01;Primera ola;Confinamiento
2020;06;Cantabria;Verduras de hoja;27.95;103.03;3.69;19.94;0.05;0.19;2020-06-01;Primera ola;Confinamiento
2020;06;Cantabria;Berenjenas;63.89;104.05;1.63;37.08;0.12;0.19;2020-06-01;Primera ola;Confinamiento
2020;06;Cantabria;Zanahorias;146.99;135.31;0.92;63.59;0.27;0.25;2020-06-01;Primera ola;Confinamiento
2020;06;Cantabria;Calabacines;186.82;232.65;1.25;57.29;0.35;0.43;2020-06-01;Primera ola;Confinamiento
2020;06;Cantabria;Otr hortalizas/verd ;186.38;541.59;2.91;57.85;0.35;1.01;2020-06-01;Primera ola;Confinamiento
2020;06;Cantabria;Brocoli;26.46;61.64;2.33;13.54;0.05;0.11;2020-06-01;Primera ola;Confinamiento
2020;06;Cantabria;Alcachofas;11.44;24.9;2.18;7.21;0.02;0.05;2020-06-01;Primera ola;Confinamiento
2020;06;Cantabria;Apio;0.62;0.91;1.45;1.42;0.0;0.0;2020-06-01;Primera ola;Confinamiento
2020;06;Cantabria;Coliflor;3.31;7.31;2.21;2.13;0.01;0.01;2020-06-01;Primera ola;Confinamiento
2020;06;Cantabria;Verd /hort  iv gama;243.31;648.69;2.67;59.7;0.45;1.21;2020-06-01;Primera ola;Confinamiento
2020;06;Cantabria;Puerro;27.64;89.56;3.24;22.2;0.05;0.17;2020-06-01;Primera ola;Confinamiento
2020;06;Castilla la mancha;Patatas;5156.49;4868.15;0.94;78.05;2.58;2.43;2020-06-01;Primera ola;Confinamiento
2020;06;Castilla la mancha;Patatas frescas;3713.67;3049.44;0.82;68.24;1.86;1.53;2020-06-01;Primera ola;Confinamiento
2020;06;Castilla la mancha;Patatas congeladas;224.68;293.05;1.3;14.3;0.11;0.15;2020-06-01;Primera ola;Confinamiento
2020;06;Castilla la mancha;Patatas procesadas;243.63;1525.66;6.26;53.57;0.12;0.76;2020-06-01;Primera ola;Confinamiento
2020;06;Castilla la mancha;Patatas fritas;226.35;1502.65;6.64;53.75;0.11;0.75;2020-06-01;Primera ola;Confinamiento
2020;06;Castilla la mancha;Hortalizas frescas;9692.38;17381.16;1.79;97.84;4.85;8.69;2020-06-01;Primera ola;Confinamiento
2020;06;Castilla la mancha;Omates;2918.95;4491.32;1.54;83.12;1.46;2.25;2020-06-01;Primera ola;Confinamiento
2020;06;Castilla la mancha;Cebollas;988.62;1096.19;1.11;61.1;0.49;0.55;2020-06-01;Primera ola;Confinamiento
2020;06;Castilla la mancha;Ajos;93.86;360.86;3.84;31.39;0.05;0.18;2020-06-01;Primera ola;Confinamiento
2020;06;Castilla la mancha;Coles;136.68;133.16;0.97;11.87;0.07;0.07;2020-06-01;Primera ola;Confinamiento
2020;06;Castilla la mancha;Pepinos;916.05;1288.02;1.41;59.3;0.46;0.64;2020-06-01;Primera ola;Confinamiento
2020;06;Castilla la mancha;Judias verdes;270.82;851.45;3.14;35.59;0.14;0.43;2020-06-01;Primera ola;Confinamiento
2020;06;Castilla la mancha;Pimientos;926.53;1849.0;2.0;69.57;0.46;0.92;2020-06-01;Primera ola;Confinamiento
2020;06;Castilla la mancha;Champiñoneso setas;255.8;978.75;3.83;42.44;0.13;0.49;2020-06-01;Primera ola;Confinamiento
2020;06;Castilla la mancha;Lechuga/esc /endivia;522.54;1408.39;2.7;66.97;0.26;0.7;2020-06-01;Primera ola;Confinamiento
2020;06;Castilla la mancha;Esparragos;138.04;423.97;3.07;18.56;0.07;0.21;2020-06-01;Primera ola;Confinamiento
2020;06;Castilla la mancha;Verduras de hoja;180.63;481.07;2.66;25.78;0.09;0.24;2020-06-01;Primera ola;Confinamiento
2020;06;Castilla la mancha;Berenjenas;261.43;391.12;1.5;27.21;0.13;0.2;2020-06-01;Primera ola;Confinamiento
2020;06;Castilla la mancha;Zanahorias;449.96;389.62;0.87;51.55;0.23;0.19;2020-06-01;Primera ola;Confinamiento
2020;06;Castilla la mancha;Calabacines;724.42;1000.69;1.38;55.46;0.36;0.5;2020-06-01;Primera ola;Confinamiento
2020;06;Castilla la mancha;Otr hortalizas/verd ;908.04;2237.54;2.46;69.4;0.45;1.12;2020-06-01;Primera ola;Confinamiento
2020;06;Castilla la mancha;Brocoli;139.22;349.24;2.51;22.73;0.07;0.17;2020-06-01;Primera ola;Confinamiento
2020;06;Castilla la mancha;Alcachofas;42.05;88.85;2.11;5.8;0.02;0.04;2020-06-01;Primera ola;Confinamiento
2020;06;Castilla la mancha;Apio;48.77;65.56;1.34;9.41;0.02;0.03;2020-06-01;Primera ola;Confinamiento
2020;06;Castilla la mancha;Coliflor;35.36;68.75;1.94;2.96;0.02;0.03;2020-06-01;Primera ola;Confinamiento
2020;06;Castilla la mancha;Verd /hort  iv gama;942.04;2271.03;2.41;64.78;0.47;1.14;2020-06-01;Primera ola;Confinamiento
2020;06;Castilla la mancha;Puerro;94.7;256.26;2.71;24.88;0.05;0.13;2020-06-01;Primera ola;Confinamiento
2020;06;Castilla leon;Patatas;4909.5;4381.13;0.89;76.79;2.14;1.91;2020-06-01;Primera ola;Confinamiento
2020;06;Castilla leon;Patatas frescas;3723.62;3062.25;0.82;65.44;1.62;1.34;2020-06-01;Primera ola;Confinamiento
2020;06;Castilla leon;Patatas congeladas;113.52;139.99;1.23;5.23;0.05;0.06;2020-06-01;Primera ola;Confinamiento
2020;06;Castilla leon;Patatas procesadas;214.47;1178.88;5.5;41.7;0.09;0.51;2020-06-01;Primera ola;Confinamiento
2020;06;Castilla leon;Patatas fritas;183.16;1134.22;6.19;39.54;0.08;0.49;2020-06-01;Primera ola;Confinamiento
2020;06;Castilla leon;Hortalizas frescas;11434.34;21105.59;1.85;96.53;4.99;9.21;2020-06-01;Primera ola;Confinamiento
2020;06;Castilla leon;Omates;2832.19;4540.04;1.6;79.67;1.24;1.98;2020-06-01;Primera ola;Confinamiento
2020;06;Castilla leon;Cebollas;1452.03;1728.3;1.19;65.78;0.63;0.75;2020-06-01;Primera ola;Confinamiento
2020;06;Castilla leon;Ajos;151.99;696.97;4.59;39.43;0.07;0.3;2020-06-01;Primera ola;Confinamiento
2020;06;Castilla leon;Coles;257.2;295.67;1.15;18.23;0.11;0.13;2020-06-01;Primera ola;Confinamiento
2020;06;Castilla leon;Pepinos;526.78;748.63;1.42;40.03;0.23;0.33;2020-06-01;Primera ola;Confinamiento
2020;06;Castilla leon;Judias verdes;211.18;720.08;3.41;21.57;0.09;0.31;2020-06-01;Primera ola;Confinamiento
2020;06;Castilla leon;Pimientos;1039.5;2277.01;2.19;68.62;0.45;0.99;2020-06-01;Primera ola;Confinamiento
2020;06;Castilla leon;Champiñoneso setas;239.62;949.75;3.96;34.49;0.1;0.41;2020-06-01;Primera ola;Confinamiento
2020;06;Castilla leon;Lechuga/esc /endivia;1074.71;2750.8;2.56;70.61;0.47;1.2;2020-06-01;Primera ola;Confinamiento
2020;06;Castilla leon;Esparragos;151.14;358.96;2.38;12.17;0.07;0.16;2020-06-01;Primera ola;Confinamiento
2020;06;Castilla leon;Verduras de hoja;137.69;430.38;3.13;17.23;0.06;0.19;2020-06-01;Primera ola;Confinamiento
2020;06;Castilla leon;Berenjenas;223.15;338.54;1.52;23.03;0.1;0.15;2020-06-01;Primera ola;Confinamiento
2020;06;Castilla leon;Zanahorias;967.8;832.61;0.86;61.51;0.42;0.36;2020-06-01;Primera ola;Confinamiento
2020;06;Castilla leon;Calabacines;1046.42;1337.41;1.28;61.06;0.46;0.58;2020-06-01;Primera ola;Confinamiento
2020;06;Castilla leon;Otr hortalizas/verd ;1122.96;3100.45;2.76;58.56;0.49;1.35;2020-06-01;Primera ola;Confinamiento
2020;06;Castilla leon;Brocoli;218.75;461.24;2.11;17.87;0.1;0.2;2020-06-01;Primera ola;Confinamiento
2020;06;Castilla leon;Alcachofas;53.77;96.57;1.8;4.6;0.02;0.04;2020-06-01;Primera ola;Confinamiento
2020;06;Castilla leon;Apio;40.67;78.28;1.92;6.19;0.02;0.03;2020-06-01;Primera ola;Confinamiento
2020;06;Castilla leon;Coliflor;56.84;125.66;2.21;5.28;0.02;0.05;2020-06-01;Primera ola;Confinamiento
2020;06;Castilla leon;Verd /hort  iv gama;1131.51;2997.95;2.65;56.29;0.49;1.31;2020-06-01;Primera ola;Confinamiento
2020;06;Castilla leon;Puerro;172.65;521.7;3.02;29.1;0.08;0.23;2020-06-01;Primera ola;Confinamiento
2020;06;Cataluña;Patatas;20377.71;21879.03;1.07;87.19;2.95;3.17;2020-06-01;Primera ola;Confinamiento
2020;06;Cataluña;Patatas frescas;14383.37;14687.74;1.02;75.67;2.08;2.13;2020-06-01;Primera ola;Confinamiento
2020;06;Cataluña;Patatas congeladas;689.16;932.02;1.35;13.21;0.1;0.13;2020-06-01;Primera ola;Confinamiento
2020;06;Cataluña;Patatas procesadas;1061.04;6259.27;5.9;55.68;0.15;0.91;2020-06-01;Primera ola;Confinamiento
2020;06;Cataluña;Patatas fritas;883.58;5974.67;6.76;53.65;0.13;0.86;2020-06-01;Primera ola;Confinamiento
2020;06;Cataluña;Hortalizas frescas;44099.6;90596.15;2.05;97.72;6.38;13.12;2020-06-01;Primera ola;Confinamiento
2020;06;Cataluña;Omates;11570.44;22402.62;1.94;90.49;1.68;3.24;2020-06-01;Primera ola;Confinamiento
2020;06;Cataluña;Cebollas;5541.69;7786.37;1.41;76.47;0.8;1.13;2020-06-01;Primera ola;Confinamiento
2020;06;Cataluña;Ajos;358.69;1702.47;4.75;33.52;0.05;0.25;2020-06-01;Primera ola;Confinamiento
2020;06;Cataluña;Coles;902.83;1176.37;1.3;21.22;0.13;0.17;2020-06-01;Primera ola;Confinamiento
2020;06;Cataluña;Pepinos;2053.49;3088.91;1.5;46.43;0.3;0.45;2020-06-01;Primera ola;Confinamiento
2020;06;Cataluña;Judias verdes;1542.89;5806.68;3.76;38.62;0.22;0.84;2020-06-01;Primera ola;Confinamiento
2020;06;Cataluña;Pimientos;3418.0;7518.42;2.2;68.58;0.49;1.09;2020-06-01;Primera ola;Confinamiento
2020;06;Cataluña;Champiñoneso setas;899.06;3871.6;4.31;47.0;0.13;0.56;2020-06-01;Primera ola;Confinamiento
2020;06;Cataluña;Lechuga/esc /endivia;3463.03;9583.55;2.77;72.93;0.5;1.39;2020-06-01;Primera ola;Confinamiento
2020;06;Cataluña;Esparragos;778.78;1780.27;2.29;14.82;0.11;0.26;2020-06-01;Primera ola;Confinamiento
2020;06;Cataluña;Verduras de hoja;932.8;2764.16;2.96;31.19;0.14;0.4;2020-06-01;Primera ola;Confinamiento
2020;06;Cataluña;Berenjenas;1689.43;2630.38;1.56;45.83;0.24;0.38;2020-06-01;Primera ola;Confinamiento
2020;06;Cataluña;Zanahorias;2543.47;2600.61;1.02;58.99;0.37;0.38;2020-06-01;Primera ola;Confinamiento
2020;06;Cataluña;Calabacines;3044.11;4304.42;1.41;55.8;0.44;0.62;2020-06-01;Primera ola;Confinamiento
2020;06;Cataluña;Otr hortalizas/verd ;5360.9;13579.33;2.53;72.45;0.78;1.97;2020-06-01;Primera ola;Confinamiento
2020;06;Cataluña;Brocoli;930.15;2024.31;2.18;25.29;0.13;0.29;2020-06-01;Primera ola;Confinamiento
2020;06;Cataluña;Alcachofas;393.69;1076.86;2.74;15.14;0.06;0.16;2020-06-01;Primera ola;Confinamiento
2020;06;Cataluña;Apio;356.4;494.23;1.39;10.67;0.05;0.07;2020-06-01;Primera ola;Confinamiento
2020;06;Cataluña;Coliflor;155.23;333.49;2.15;5.03;0.02;0.05;2020-06-01;Primera ola;Confinamiento
2020;06;Cataluña;Verd /hort  iv gama;4990.89;13893.6;2.78;68.24;0.72;2.01;2020-06-01;Primera ola;Confinamiento
2020;06;Cataluña;Puerro;576.2;1523.05;2.64;26.04;0.08;0.22;2020-06-01;Primera ola;Confinamiento
2020;06;Extremadura;Patatas;2584.15;2351.91;0.91;77.6;2.3;2.1;2020-06-01;Primera ola;Confinamiento
2020;06;Extremadura;Patatas frescas;1889.42;1548.38;0.82;64.53;1.69;1.38;2020-06-01;Primera ola;Confinamiento
2020;06;Extremadura;Patatas congeladas;69.55;90.34;1.3;9.52;0.06;0.08;2020-06-01;Primera ola;Confinamiento
2020;06;Extremadura;Patatas procesadas;125.04;713.2;5.7;52.86;0.11;0.64;2020-06-01;Primera ola;Confinamiento
2020;06;Extremadura;Patatas fritas;113.75;696.76;6.13;52.6;0.1;0.62;2020-06-01;Primera ola;Confinamiento
2020;06;Extremadura;Hortalizas frescas;6150.01;11130.28;1.81;97.49;5.49;9.93;2020-06-01;Primera ola;Confinamiento
2020;06;Extremadura;Omates;1942.87;2904.33;1.49;86.08;1.73;2.59;2020-06-01;Primera ola;Confinamiento
2020;06;Extremadura;Cebollas;715.74;906.9;1.27;70.69;0.64;0.81;2020-06-01;Primera ola;Confinamiento
2020;06;Extremadura;Ajos;140.27;446.08;3.18;37.44;0.13;0.4;2020-06-01;Primera ola;Confinamiento
2020;06;Extremadura;Coles;93.11;102.88;1.1;13.64;0.08;0.09;2020-06-01;Primera ola;Confinamiento
2020;06;Extremadura;Pepinos;344.65;511.6;1.48;46.05;0.31;0.46;2020-06-01;Primera ola;Confinamiento
2020;06;Extremadura;Judias verdes;340.84;1275.29;3.74;29.06;0.3;1.14;2020-06-01;Primera ola;Confinamiento
2020;06;Extremadura;Pimientos;626.24;1115.2;1.78;72.55;0.56;0.99;2020-06-01;Primera ola;Confinamiento
2020;06;Extremadura;Champiñoneso setas;77.92;298.03;3.82;34.18;0.07;0.27;2020-06-01;Primera ola;Confinamiento
2020;06;Extremadura;Lechuga/esc /endivia;413.89;1182.57;2.86;61.61;0.37;1.05;2020-06-01;Primera ola;Confinamiento
2020;06;Extremadura;Esparragos;28.74;88.61;3.08;9.06;0.03;0.08;2020-06-01;Primera ola;Confinamiento
2020;06;Extremadura;Verduras de hoja;82.8;197.5;2.39;18.35;0.07;0.18;2020-06-01;Primera ola;Confinamiento
2020;06;Extremadura;Berenjenas;230.06;354.72;1.54;35.97;0.21;0.32;2020-06-01;Primera ola;Confinamiento
2020;06;Extremadura;Zanahorias;279.52;271.92;0.97;51.67;0.25;0.24;2020-06-01;Primera ola;Confinamiento
2020;06;Extremadura;Calabacines;407.9;473.56;1.16;55.21;0.36;0.42;2020-06-01;Primera ola;Confinamiento
2020;06;Extremadura;Otr hortalizas/verd ;425.46;1001.1;2.35;59.69;0.38;0.89;2020-06-01;Primera ola;Confinamiento
2020;06;Extremadura;Brocoli;63.95;135.24;2.11;15.21;0.06;0.12;2020-06-01;Primera ola;Confinamiento
2020;06;Extremadura;Alcachofas;5.4;8.95;1.66;3.04;0.0;0.01;2020-06-01;Primera ola;Confinamiento
2020;06;Extremadura;Apio;14.82;25.08;1.69;6.37;0.01;0.02;2020-06-01;Primera ola;Confinamiento
2020;06;Extremadura;Coliflor;32.19;53.95;1.68;5.0;0.03;0.05;2020-06-01;Primera ola;Confinamiento
2020;06;Extremadura;Verd /hort  iv gama;670.49;1450.58;2.16;63.46;0.6;1.29;2020-06-01;Primera ola;Confinamiento
2020;06;Extremadura;Puerro;41.23;125.39;3.04;20.12;0.04;0.11;2020-06-01;Primera ola;Confinamiento
2020;06;Galicia;Patatas;8515.15;7968.57;0.94;76.32;3.28;3.07;2020-06-01;Primera ola;Confinamiento
2020;06;Galicia;Patatas frescas;6795.28;6080.61;0.89;58.72;2.62;2.34;2020-06-01;Primera ola;Confinamiento
2020;06;Galicia;Patatas congeladas;187.44;212.38;1.13;7.34;0.07;0.08;2020-06-01;Primera ola;Confinamiento
2020;06;Galicia;Patatas procesadas;306.49;1675.58;5.47;41.89;0.12;0.65;2020-06-01;Primera ola;Confinamiento
2020;06;Galicia;Patatas fritas;238.51;1528.01;6.41;39.95;0.09;0.59;2020-06-01;Primera ola;Confinamiento
2020;06;Galicia;Hortalizas frescas;13126.17;26214.4;2.0;96.04;5.06;10.1;2020-06-01;Primera ola;Confinamiento
2020;06;Galicia;Omates;2767.63;4668.51;1.69;80.95;1.07;1.8;2020-06-01;Primera ola;Confinamiento
2020;06;Galicia;Cebollas;2015.77;2314.49;1.15;67.04;0.78;0.89;2020-06-01;Primera ola;Confinamiento
2020;06;Galicia;Ajos;293.94;1339.87;4.56;28.82;0.11;0.52;2020-06-01;Primera ola;Confinamiento
2020;06;Galicia;Coles;599.4;554.48;0.93;14.73;0.23;0.21;2020-06-01;Primera ola;Confinamiento
2020;06;Galicia;Pepinos;296.53;429.84;1.45;21.21;0.11;0.17;2020-06-01;Primera ola;Confinamiento
2020;06;Galicia;Judias verdes;478.8;1690.42;3.53;26.89;0.18;0.65;2020-06-01;Primera ola;Confinamiento
2020;06;Galicia;Pimientos;1163.32;2945.23;2.53;65.5;0.45;1.13;2020-06-01;Primera ola;Confinamiento
2020;06;Galicia;Champiñoneso setas;195.35;922.95;4.72;26.22;0.08;0.36;2020-06-01;Primera ola;Confinamiento
2020;06;Galicia;Lechuga/esc /endivia;1596.71;4058.67;2.54;57.7;0.62;1.56;2020-06-01;Primera ola;Confinamiento
2020;06;Galicia;Esparragos;25.52;120.95;4.74;4.47;0.01;0.05;2020-06-01;Primera ola;Confinamiento
2020;06;Galicia;Verduras de hoja;196.69;508.72;2.59;17.57;0.08;0.2;2020-06-01;Primera ola;Confinamiento
2020;06;Galicia;Berenjenas;228.66;393.08;1.72;19.32;0.09;0.15;2020-06-01;Primera ola;Confinamiento
2020;06;Galicia;Zanahorias;956.0;904.59;0.95;56.47;0.37;0.35;2020-06-01;Primera ola;Confinamiento
2020;06;Galicia;Calabacines;668.09;926.0;1.39;35.6;0.26;0.36;2020-06-01;Primera ola;Confinamiento
2020;06;Galicia;Otr hortalizas/verd ;1643.77;4436.59;2.7;57.63;0.63;1.71;2020-06-01;Primera ola;Confinamiento
2020;06;Galicia;Brocoli;344.55;755.7;2.19;17.7;0.13;0.29;2020-06-01;Primera ola;Confinamiento
2020;06;Galicia;Alcachofas;7.32;17.1;2.34;1.2;0.0;0.01;2020-06-01;Primera ola;Confinamiento
2020;06;Galicia;Apio;32.59;49.59;1.52;3.06;0.01;0.02;2020-06-01;Primera ola;Confinamiento
2020;06;Galicia;Coliflor;27.7;70.74;2.55;3.03;0.01;0.03;2020-06-01;Primera ola;Confinamiento
2020;06;Galicia;Verd /hort  iv gama;1169.77;3062.31;2.62;55.26;0.45;1.18;2020-06-01;Primera ola;Confinamiento
2020;06;Galicia;Puerro;263.45;560.3;2.13;19.32;0.1;0.22;2020-06-01;Primera ola;Confinamiento
2020;06;La rioja;Patatas;580.27;588.85;1.01;80.26;1.89;1.92;2020-06-01;Primera ola;Confinamiento
2020;06;La rioja;Patatas frescas;438.68;384.59;0.88;76.16;1.43;1.25;2020-06-01;Primera ola;Confinamiento
2020;06;La rioja;Patatas congeladas;15.45;24.96;1.62;4.91;0.05;0.08;2020-06-01;Primera ola;Confinamiento
2020;06;La rioja;Patatas procesadas;25.23;179.3;7.11;47.44;0.08;0.58;2020-06-01;Primera ola;Confinamiento
2020;06;La rioja;Patatas fritas;25.23;179.3;7.11;47.44;0.08;0.58;2020-06-01;Primera ola;Confinamiento
2020;06;La rioja;Hortalizas frescas;1889.15;4044.23;2.14;98.3;6.16;13.18;2020-06-01;Primera ola;Confinamiento
2020;06;La rioja;Omates;280.0;660.28;2.36;73.93;0.91;2.15;2020-06-01;Primera ola;Confinamiento
2020;06;La rioja;Cebollas;438.45;596.46;1.36;59.22;1.43;1.94;2020-06-01;Primera ola;Confinamiento
2020;06;La rioja;Ajos;60.61;197.03;3.25;47.23;0.2;0.64;2020-06-01;Primera ola;Confinamiento
2020;06;La rioja;Coles;11.47;24.72;2.15;10.44;0.04;0.08;2020-06-01;Primera ola;Confinamiento
2020;06;La rioja;Pepinos;92.44;162.77;1.76;40.72;0.3;0.53;2020-06-01;Primera ola;Confinamiento
2020;06;La rioja;Judias verdes;165.4;527.49;3.19;45.61;0.54;1.72;2020-06-01;Primera ola;Confinamiento
2020;06;La rioja;Pimientos;115.59;226.55;1.96;68.14;0.38;0.74;2020-06-01;Primera ola;Confinamiento
2020;06;La rioja;Champiñoneso setas;111.29;403.51;3.63;55.72;0.36;1.31;2020-06-01;Primera ola;Confinamiento
2020;06;La rioja;Lechuga/esc /endivia;127.14;303.62;2.39;67.46;0.41;0.99;2020-06-01;Primera ola;Confinamiento
2020;06;La rioja;Esparragos;2.52;16.16;6.4;3.74;0.01;0.05;2020-06-01;Primera ola;Confinamiento
2020;06;La rioja;Verduras de hoja;24.24;64.35;2.65;33.83;0.08;0.21;2020-06-01;Primera ola;Confinamiento
2020;06;La rioja;Berenjenas;53.13;93.72;1.76;27.24;0.17;0.31;2020-06-01;Primera ola;Confinamiento
2020;06;La rioja;Zanahorias;92.88;74.66;0.8;56.72;0.3;0.24;2020-06-01;Primera ola;Confinamiento
2020;06;La rioja;Calabacines;156.15;265.19;1.7;90.03;0.51;0.86;2020-06-01;Primera ola;Confinamiento
2020;06;La rioja;Otr hortalizas/verd ;157.83;427.72;2.71;53.85;0.51;1.39;2020-06-01;Primera ola;Confinamiento
2020;06;La rioja;Brocoli;4.99;13.27;2.66;9.29;0.02;0.04;2020-06-01;Primera ola;Confinamiento
2020;06;La rioja;Alcachofas;11.43;26.67;2.33;5.18;0.04;0.09;2020-06-01;Primera ola;Confinamiento
2020;06;La rioja;Apio;33.26;69.06;2.08;10.6;0.11;0.23;2020-06-01;Primera ola;Confinamiento
2020;06;La rioja;Coliflor;5.87;11.68;1.99;2.92;0.02;0.04;2020-06-01;Primera ola;Confinamiento
2020;06;La rioja;Verd /hort  iv gama;279.01;605.93;2.17;61.12;0.91;1.97;2020-06-01;Primera ola;Confinamiento
2020;06;La rioja;Puerro;15.16;58.33;3.85;19.0;0.05;0.19;2020-06-01;Primera ola;Confinamiento
2020;06;Madrid;Patatas;16079.41;15085.65;0.94;81.77;2.64;2.48;2020-06-01;Primera ola;Confinamiento
2020;06;Madrid;Patatas frescas;11067.99;9382.56;0.85;72.35;1.82;1.54;2020-06-01;Primera ola;Confinamiento
2020;06;Madrid;Patatas congeladas;451.3;579.74;1.28;9.04;0.07;0.1;2020-06-01;Primera ola;Confinamiento
2020;06;Madrid;Patatas procesadas;912.02;5123.36;5.62;53.69;0.15;0.84;2020-06-01;Primera ola;Confinamiento
2020;06;Madrid;Patatas fritas;774.66;4923.55;6.36;52.38;0.13;0.81;2020-06-01;Primera ola;Confinamiento
2020;06;Madrid;Hortalizas frescas;35403.59;65688.57;1.86;98.24;5.82;10.79;2020-06-01;Primera ola;Confinamiento
2020;06;Madrid;Omates;10308.63;16640.67;1.61;90.14;1.69;2.73;2020-06-01;Primera ola;Confinamiento
2020;06;Madrid;Cebollas;3827.84;4700.03;1.23;73.39;0.63;0.77;2020-06-01;Primera ola;Confinamiento
2020;06;Madrid;Ajos;365.77;1706.74;4.67;36.17;0.06;0.28;2020-06-01;Primera ola;Confinamiento
2020;06;Madrid;Coles;601.98;678.75;1.13;17.21;0.1;0.11;2020-06-01;Primera ola;Confinamiento
2020;06;Madrid;Pepinos;2250.4;3106.05;1.38;60.41;0.37;0.51;2020-06-01;Primera ola;Confinamiento
2020;06;Madrid;Judias verdes;933.4;2723.56;2.92;35.49;0.15;0.45;2020-06-01;Primera ola;Confinamiento
2020;06;Madrid;Pimientos;3490.84;7102.56;2.03;81.64;0.57;1.17;2020-06-01;Primera ola;Confinamiento
2020;06;Madrid;Champiñoneso setas;694.58;2895.9;4.17;40.77;0.11;0.48;2020-06-01;Primera ola;Confinamiento
2020;06;Madrid;Lechuga/esc /endivia;1983.5;5990.96;3.02;70.41;0.33;0.98;2020-06-01;Primera ola;Confinamiento
2020;06;Madrid;Esparragos;438.84;1142.53;2.6;17.43;0.07;0.19;2020-06-01;Primera ola;Confinamiento
2020;06;Madrid;Verduras de hoja;845.17;2126.39;2.52;31.57;0.14;0.35;2020-06-01;Primera ola;Confinamiento
2020;06;Madrid;Berenjenas;1079.06;1671.52;1.55;36.69;0.18;0.27;2020-06-01;Primera ola;Confinamiento
2020;06;Madrid;Zanahorias;2335.77;2031.77;0.87;64.63;0.38;0.33;2020-06-01;Primera ola;Confinamiento
2020;06;Madrid;Calabacines;2735.63;3512.49;1.28;63.49;0.45;0.58;2020-06-01;Primera ola;Confinamiento
2020;06;Madrid;Otr hortalizas/verd ;3512.2;9658.64;2.75;73.05;0.58;1.59;2020-06-01;Primera ola;Confinamiento
2020;06;Madrid;Brocoli;435.92;1164.75;2.67;17.96;0.07;0.19;2020-06-01;Primera ola;Confinamiento
2020;06;Madrid;Alcachofas;169.38;395.54;2.34;7.73;0.03;0.06;2020-06-01;Primera ola;Confinamiento
2020;06;Madrid;Apio;115.55;242.32;2.1;7.78;0.02;0.04;2020-06-01;Primera ola;Confinamiento
2020;06;Madrid;Coliflor;157.31;306.06;1.95;6.13;0.03;0.05;2020-06-01;Primera ola;Confinamiento
2020;06;Madrid;Verd /hort  iv gama;3966.17;10784.02;2.72;72.37;0.65;1.77;2020-06-01;Primera ola;Confinamiento
2020;06;Madrid;Puerro;696.68;1801.07;2.59;35.39;0.11;0.3;2020-06-01;Primera ola;Confinamiento
2020;06;Murcia;Patatas;3271.16;3220.27;0.98;84.64;2.36;2.32;2020-06-01;Primera ola;Confinamiento
2020;06;Murcia;Patatas frescas;2244.87;2021.72;0.9;68.69;1.62;1.46;2020-06-01;Primera ola;Confinamiento
2020;06;Murcia;Patatas congeladas;167.98;215.77;1.28;13.19;0.12;0.16;2020-06-01;Primera ola;Confinamiento
2020;06;Murcia;Patatas procesadas;171.66;982.78;5.73;58.36;0.12;0.71;2020-06-01;Primera ola;Confinamiento
2020;06;Murcia;Patatas fritas;156.5;959.94;6.13;56.9;0.11;0.69;2020-06-01;Primera ola;Confinamiento
2020;06;Murcia;Hortalizas frescas;7738.64;13916.64;1.8;97.65;5.57;10.02;2020-06-01;Primera ola;Confinamiento
2020;06;Murcia;Omates;2022.42;3072.04;1.52;84.75;1.46;2.21;2020-06-01;Primera ola;Confinamiento
2020;06;Murcia;Cebollas;864.53;1001.45;1.16;68.2;0.62;0.72;2020-06-01;Primera ola;Confinamiento
2020;06;Murcia;Ajos;76.11;342.87;4.5;30.08;0.05;0.25;2020-06-01;Primera ola;Confinamiento
2020;06;Murcia;Coles;127.83;133.27;1.04;19.42;0.09;0.1;2020-06-01;Primera ola;Confinamiento
2020;06;Murcia;Pepinos;590.91;851.21;1.44;71.16;0.43;0.61;2020-06-01;Primera ola;Confinamiento
2020;06;Murcia;Judias verdes;186.9;629.84;3.37;41.31;0.13;0.45;2020-06-01;Primera ola;Confinamiento
2020;06;Murcia;Pimientos;693.01;1311.92;1.89;61.81;0.5;0.94;2020-06-01;Primera ola;Confinamiento
2020;06;Murcia;Champiñoneso setas;178.7;689.21;3.86;48.62;0.13;0.5;2020-06-01;Primera ola;Confinamiento
2020;06;Murcia;Lechuga/esc /endivia;555.2;1551.62;2.79;75.51;0.4;1.12;2020-06-01;Primera ola;Confinamiento
2020;06;Murcia;Esparragos;32.66;100.64;3.08;10.25;0.02;0.07;2020-06-01;Primera ola;Confinamiento
2020;06;Murcia;Verduras de hoja;131.41;363.94;2.77;24.95;0.09;0.26;2020-06-01;Primera ola;Confinamiento
2020;06;Murcia;Berenjenas;384.45;629.95;1.64;55.13;0.28;0.45;2020-06-01;Primera ola;Confinamiento
2020;06;Murcia;Zanahorias;344.76;296.75;0.86;58.35;0.25;0.21;2020-06-01;Primera ola;Confinamiento
2020;06;Murcia;Calabacines;562.91;744.95;1.32;59.53;0.41;0.54;2020-06-01;Primera ola;Confinamiento
2020;06;Murcia;Otr hortalizas/verd ;986.82;2197.0;2.23;77.31;0.71;1.58;2020-06-01;Primera ola;Confinamiento
2020;06;Murcia;Brocoli;96.64;273.26;2.83;32.87;0.07;0.2;2020-06-01;Primera ola;Confinamiento
2020;06;Murcia;Alcachofas;76.61;160.25;2.09;17.35;0.06;0.12;2020-06-01;Primera ola;Confinamiento
2020;06;Murcia;Apio;100.37;143.34;1.43;21.3;0.07;0.1;2020-06-01;Primera ola;Confinamiento
2020;06;Murcia;Coliflor;35.73;66.84;1.87;4.56;0.03;0.05;2020-06-01;Primera ola;Confinamiento
2020;06;Murcia;Verd /hort  iv gama;809.06;1885.45;2.33;68.62;0.58;1.36;2020-06-01;Primera ola;Confinamiento
2020;06;Murcia;Puerro;69.92;193.81;2.77;22.95;0.05;0.14;2020-06-01;Primera ola;Confinamiento
2020;06;Navarra;Patatas;858.01;916.11;1.07;75.31;1.49;1.59;2020-06-01;Primera ola;Confinamiento
2020;06;Navarra;Patatas frescas;640.23;644.19;1.01;56.15;1.11;1.12;2020-06-01;Primera ola;Confinamiento
2020;06;Navarra;Patatas congeladas;19.67;25.64;1.3;8.4;0.03;0.04;2020-06-01;Primera ola;Confinamiento
2020;06;Navarra;Patatas procesadas;39.62;246.28;6.22;38.23;0.07;0.43;2020-06-01;Primera ola;Confinamiento
2020;06;Navarra;Patatas fritas;33.02;234.96;7.11;37.79;0.06;0.41;2020-06-01;Primera ola;Confinamiento
2020;06;Navarra;Hortalizas frescas;3639.57;7440.97;2.04;97.09;6.34;12.95;2020-06-01;Primera ola;Confinamiento
2020;06;Navarra;Omates;700.03;1350.11;1.93;72.7;1.22;2.35;2020-06-01;Primera ola;Confinamiento
2020;06;Navarra;Cebollas;384.53;685.2;1.78;64.86;0.67;1.19;2020-06-01;Primera ola;Confinamiento
2020;06;Navarra;Ajos;32.5;128.71;3.96;20.64;0.06;0.22;2020-06-01;Primera ola;Confinamiento
2020;06;Navarra;Coles;180.27;191.41;1.06;15.65;0.31;0.33;2020-06-01;Primera ola;Confinamiento
2020;06;Navarra;Pepinos;117.91;180.6;1.53;32.45;0.21;0.31;2020-06-01;Primera ola;Confinamiento
2020;06;Navarra;Judias verdes;118.46;371.24;3.13;37.23;0.21;0.65;2020-06-01;Primera ola;Confinamiento
2020;06;Navarra;Pimientos;217.47;462.83;2.13;56.23;0.38;0.81;2020-06-01;Primera ola;Confinamiento
2020;06;Navarra;Champiñoneso setas;78.93;389.86;4.94;47.61;0.14;0.68;2020-06-01;Primera ola;Confinamiento
2020;06;Navarra;Lechuga/esc /endivia;405.16;1046.97;2.58;70.45;0.71;1.82;2020-06-01;Primera ola;Confinamiento
2020;06;Navarra;Esparragos;58.59;195.14;3.33;11.31;0.1;0.34;2020-06-01;Primera ola;Confinamiento
2020;06;Navarra;Verduras de hoja;57.82;192.36;3.33;36.28;0.1;0.33;2020-06-01;Primera ola;Confinamiento
2020;06;Navarra;Berenjenas;76.27;131.54;1.72;39.03;0.13;0.23;2020-06-01;Primera ola;Confinamiento
2020;06;Navarra;Zanahorias;159.53;142.69;0.89;57.58;0.28;0.25;2020-06-01;Primera ola;Confinamiento
2020;06;Navarra;Calabacines;327.56;456.52;1.39;63.65;0.57;0.79;2020-06-01;Primera ola;Confinamiento
2020;06;Navarra;Otr hortalizas/verd ;724.52;1515.8;2.09;67.16;1.26;2.64;2020-06-01;Primera ola;Confinamiento
2020;06;Navarra;Brocoli;159.65;183.05;1.15;20.15;0.28;0.32;2020-06-01;Primera ola;Confinamiento
2020;06;Navarra;Alcachofas;26.19;59.52;2.27;4.54;0.05;0.1;2020-06-01;Primera ola;Confinamiento
2020;06;Navarra;Apio;20.12;33.02;1.64;9.44;0.04;0.06;2020-06-01;Primera ola;Confinamiento
2020;06;Navarra;Coliflor;13.34;45.37;3.4;7.35;0.02;0.08;2020-06-01;Primera ola;Confinamiento
2020;06;Navarra;Verd /hort  iv gama;448.34;1168.13;2.61;73.54;0.78;2.03;2020-06-01;Primera ola;Confinamiento
2020;06;Navarra;Puerro;68.58;182.26;2.66;22.09;0.12;0.32;2020-06-01;Primera ola;Confinamiento
2020;06;Pais vasco;Patatas;6545.25;6188.31;0.95;81.64;3.23;3.05;2020-06-01;Primera ola;Confinamiento
2020;06;Pais vasco;Patatas frescas;5233.2;4534.01;0.87;68.35;2.58;2.24;2020-06-01;Primera ola;Confinamiento
2020;06;Pais vasco;Patatas congeladas;147.86;296.91;2.01;7.2;0.07;0.15;2020-06-01;Primera ola;Confinamiento
2020;06;Pais vasco;Patatas procesadas;232.84;1357.38;5.83;40.26;0.11;0.67;2020-06-01;Primera ola;Confinamiento
2020;06;Pais vasco;Patatas fritas;182.17;1291.58;7.09;37.64;0.09;0.64;2020-06-01;Primera ola;Confinamiento
2020;06;Pais vasco;Hortalizas frescas;12157.06;25137.15;2.07;98.02;6.0;12.4;2020-06-01;Primera ola;Confinamiento
2020;06;Pais vasco;Omates;2918.06;5936.51;2.03;84.14;1.44;2.93;2020-06-01;Primera ola;Confinamiento
2020;06;Pais vasco;Cebollas;1635.12;2451.72;1.5;80.42;0.81;1.21;2020-06-01;Primera ola;Confinamiento
2020;06;Pais vasco;Ajos;149.84;675.33;4.51;38.6;0.07;0.33;2020-06-01;Primera ola;Confinamiento
2020;06;Pais vasco;Coles;125.26;157.93;1.26;12.11;0.06;0.08;2020-06-01;Primera ola;Confinamiento
2020;06;Pais vasco;Pepinos;490.56;755.18;1.54;38.78;0.24;0.37;2020-06-01;Primera ola;Confinamiento
2020;06;Pais vasco;Judias verdes;393.36;1257.85;3.2;31.22;0.19;0.62;2020-06-01;Primera ola;Confinamiento
2020;06;Pais vasco;Pimientos;1032.16;2080.17;2.02;71.82;0.51;1.03;2020-06-01;Primera ola;Confinamiento
2020;06;Pais vasco;Champiñoneso setas;311.29;1329.45;4.27;47.23;0.15;0.66;2020-06-01;Primera ola;Confinamiento
2020;06;Pais vasco;Lechuga/esc /endivia;1114.62;2828.75;2.54;76.46;0.55;1.4;2020-06-01;Primera ola;Confinamiento
2020;06;Pais vasco;Esparragos;112.94;379.35;3.36;13.57;0.06;0.19;2020-06-01;Primera ola;Confinamiento
2020;06;Pais vasco;Verduras de hoja;226.18;685.81;3.03;27.67;0.11;0.34;2020-06-01;Primera ola;Confinamiento
2020;06;Pais vasco;Berenjenas;286.35;445.09;1.55;30.52;0.14;0.22;2020-06-01;Primera ola;Confinamiento
2020;06;Pais vasco;Zanahorias;849.13;804.61;0.95;67.77;0.42;0.4;2020-06-01;Primera ola;Confinamiento
2020;06;Pais vasco;Calabacines;1143.21;1420.08;1.24;60.07;0.56;0.7;2020-06-01;Primera ola;Confinamiento
2020;06;Pais vasco;Otr hortalizas/verd ;1368.99;3929.32;2.87;74.36;0.68;1.94;2020-06-01;Primera ola;Confinamiento
2020;06;Pais vasco;Brocoli;192.98;536.82;2.78;21.99;0.1;0.26;2020-06-01;Primera ola;Confinamiento
2020;06;Pais vasco;Alcachofas;63.85;129.63;2.03;5.93;0.03;0.06;2020-06-01;Primera ola;Confinamiento
2020;06;Pais vasco;Apio;52.74;51.74;0.98;4.68;0.03;0.03;2020-06-01;Primera ola;Confinamiento
2020;06;Pais vasco;Coliflor;71.01;149.66;2.11;7.02;0.04;0.07;2020-06-01;Primera ola;Confinamiento
2020;06;Pais vasco;Verd /hort  iv gama;1303.59;3526.9;2.71;64.76;0.64;1.74;2020-06-01;Primera ola;Confinamiento
2020;06;Pais vasco;Puerro;282.76;891.96;3.15;37.01;0.14;0.44;2020-06-01;Primera ola;Confinamiento
2020;06;Valencia;Patatas;11587.95;11470.47;0.99;83.79;2.49;2.46;2020-06-01;Primera ola;Confinamiento
2020;06;Valencia;Patatas frescas;7909.42;7310.98;0.92;72.53;1.7;1.57;2020-06-01;Primera ola;Confinamiento
2020;06;Valencia;Patatas congeladas;380.8;562.89;1.48;11.02;0.08;0.12;2020-06-01;Primera ola;Confinamiento
2020;06;Valencia;Patatas procesadas;659.55;3596.59;5.45;54.33;0.14;0.77;2020-06-01;Primera ola;Confinamiento
2020;06;Valencia;Patatas fritas;576.57;3471.25;6.02;53.39;0.12;0.75;2020-06-01;Primera ola;Confinamiento
2020;06;Valencia;Hortalizas frescas;25467.64;49152.05;1.93;97.05;5.47;10.55;2020-06-01;Primera ola;Confinamiento
2020;06;Valencia;Omates;6352.94;10765.69;1.69;85.48;1.36;2.31;2020-06-01;Primera ola;Confinamiento
2020;06;Valencia;Cebollas;3098.52;3633.9;1.17;64.71;0.67;0.78;2020-06-01;Primera ola;Confinamiento
2020;06;Valencia;Ajos;202.63;947.24;4.67;27.46;0.04;0.2;2020-06-01;Primera ola;Confinamiento
2020;06;Valencia;Coles;336.06;391.62;1.17;13.52;0.07;0.08;2020-06-01;Primera ola;Confinamiento
2020;06;Valencia;Pepinos;1533.98;2266.02;1.48;53.9;0.33;0.49;2020-06-01;Primera ola;Confinamiento
2020;06;Valencia;Judias verdes;617.25;2134.1;3.46;34.16;0.13;0.46;2020-06-01;Primera ola;Confinamiento
2020;06;Valencia;Pimientos;2307.62;4689.96;2.03;68.41;0.5;1.01;2020-06-01;Primera ola;Confinamiento
2020;06;Valencia;Champiñoneso setas;648.59;2678.64;4.13;43.98;0.14;0.58;2020-06-01;Primera ola;Confinamiento
2020;06;Valencia;Lechuga/esc /endivia;2073.4;5489.65;2.65;73.67;0.45;1.18;2020-06-01;Primera ola;Confinamiento
2020;06;Valencia;Esparragos;270.39;1099.79;4.07;14.3;0.06;0.24;2020-06-01;Primera ola;Confinamiento
2020;06;Valencia;Verduras de hoja;433.69;1256.52;2.9;27.53;0.09;0.27;2020-06-01;Primera ola;Confinamiento
2020;06;Valencia;Berenjenas;1259.78;1983.29;1.57;48.03;0.27;0.43;2020-06-01;Primera ola;Confinamiento
2020;06;Valencia;Zanahorias;1707.97;1493.89;0.87;54.61;0.37;0.32;2020-06-01;Primera ola;Confinamiento
2020;06;Valencia;Calabacines;1711.29;2318.5;1.35;57.76;0.37;0.5;2020-06-01;Primera ola;Confinamiento
2020;06;Valencia;Otr hortalizas/verd ;2913.52;8003.24;2.75;76.79;0.63;1.72;2020-06-01;Primera ola;Confinamiento
2020;06;Valencia;Brocoli;353.21;894.11;2.53;18.72;0.08;0.19;2020-06-01;Primera ola;Confinamiento
2020;06;Valencia;Alcachofas;421.76;895.36;2.12;20.36;0.09;0.19;2020-06-01;Primera ola;Confinamiento
2020;06;Valencia;Apio;183.13;286.04;1.56;10.36;0.04;0.06;2020-06-01;Primera ola;Confinamiento
2020;06;Valencia;Coliflor;156.18;316.72;2.03;7.78;0.03;0.07;2020-06-01;Primera ola;Confinamiento
2020;06;Valencia;Verd /hort  iv gama;2557.29;7463.62;2.92;69.8;0.55;1.6;2020-06-01;Primera ola;Confinamiento
2020;06;Valencia;Puerro;314.92;888.03;2.82;26.6;0.07;0.19;2020-06-01;Primera ola;Confinamiento
2020;06;Nacional;Frutas frescas;428048.37;773987.98;1.81;96.41;9.66;17.47;2020-06-01;Primera ola;Confinamiento
2020;06;Nacional;Naranjas;49736.3;67633.83;1.36;42.5;1.12;1.53;2020-06-01;Primera ola;Confinamiento
2020;06;Nacional;Mandarinas;1025.19;2360.06;2.3;4.2;0.02;0.05;2020-06-01;Primera ola;Confinamiento
2020;06;Nacional;Limones;11373.21;21177.94;1.86;40.4;0.26;0.48;2020-06-01;Primera ola;Confinamiento
2020;06;Nacional;Platanos;50025.29;78843.02;1.58;79.32;1.13;1.78;2020-06-01;Primera ola;Confinamiento
2020;06;Nacional;Manzanas;34910.0;53885.14;1.54;62.53;0.79;1.22;2020-06-01;Primera ola;Confinamiento
2020;06;Nacional;Peras;13664.33;27535.25;2.02;40.35;0.31;0.62;2020-06-01;Primera ola;Confinamiento
2020;06;Nacional;Melocotones;22609.58;48789.88;2.16;50.52;0.51;1.1;2020-06-01;Primera ola;Confinamiento
2020;06;Nacional;Nectarinas;14247.22;27255.69;1.91;38.72;0.32;0.62;2020-06-01;Primera ola;Confinamiento
2020;06;Nacional;Albaricoques;13676.09;30637.71;2.24;39.4;0.31;0.69;2020-06-01;Primera ola;Confinamiento
2020;06;Nacional;Fresas/freson;5078.56;16790.77;3.31;22.71;0.11;0.38;2020-06-01;Primera ola;Confinamiento
2020;06;Nacional;Melon;44967.09;68229.22;1.52;53.98;1.01;1.54;2020-06-01;Primera ola;Confinamiento
2020;06;Nacional;Sandia;93346.52;93800.84;1.0;59.56;2.11;2.12;2020-06-01;Primera ola;Confinamiento
2020;06;Nacional;Ciruelas;5792.12;12285.44;2.12;24.26;0.13;0.28;2020-06-01;Primera ola;Confinamiento
2020;06;Nacional;Cerezas;19460.54;87420.19;4.49;52.17;0.44;1.97;2020-06-01;Primera ola;Confinamiento
2020;06;Nacional;Uvas;2053.19;7171.09;3.49;11.01;0.05;0.16;2020-06-01;Primera ola;Confinamiento
2020;06;Nacional;Kiwi;9791.23;36168.06;3.69;32.77;0.22;0.82;2020-06-01;Primera ola;Confinamiento
2020;06;Nacional;Aguacate;7069.81;26025.15;3.68;36.47;0.16;0.59;2020-06-01;Primera ola;Confinamiento
2020;06;Nacional;Piña;7756.62;12755.64;1.64;19.84;0.18;0.29;2020-06-01;Primera ola;Confinamiento
2020;06;Nacional;Otras frutas frescas;21465.48;55223.06;2.57;51.88;0.48;1.25;2020-06-01;Primera ola;Confinamiento
2020;06;Nacional;Pomelo;1465.01;2999.77;2.05;3.41;0.03;0.07;2020-06-01;Primera ola;Confinamiento
2020;06;Nacional;Chirimoya;0.0;0.0;0.0;0.0;0.0;0.0;2020-06-01;Primera ola;Confinamiento
2020;06;Nacional;Mango;2333.27;6429.56;2.76;9.81;0.05;0.15;2020-06-01;Primera ola;Confinamiento
2020;06;Nacional;Frutas iv gama;15607.41;31143.27;2.0;27.1;0.35;0.7;2020-06-01;Primera ola;Confinamiento
2020;06;Andalucia;Frutas frescas;68311.03;116167.34;1.7;94.98;8.19;13.93;2020-06-01;Primera ola;Confinamiento
2020;06;Andalucia;Naranjas;6151.37;7981.25;1.3;36.83;0.74;0.96;2020-06-01;Primera ola;Confinamiento
2020;06;Andalucia;Mandarinas;134.98;296.15;2.19;2.17;0.02;0.04;2020-06-01;Primera ola;Confinamiento
2020;06;Andalucia;Limones;1430.53;2484.82;1.74;33.66;0.17;0.3;2020-06-01;Primera ola;Confinamiento
2020;06;Andalucia;Platanos;7554.93;11276.28;1.49;79.26;0.91;1.35;2020-06-01;Primera ola;Confinamiento
2020;06;Andalucia;Manzanas;5012.85;7772.93;1.55;62.23;0.6;0.93;2020-06-01;Primera ola;Confinamiento
2020;06;Andalucia;Peras;1985.24;3723.58;1.88;40.47;0.24;0.45;2020-06-01;Primera ola;Confinamiento
2020;06;Andalucia;Melocotones;3234.9;6593.44;2.04;45.49;0.39;0.79;2020-06-01;Primera ola;Confinamiento
2020;06;Andalucia;Nectarinas;1778.7;3259.66;1.83;29.32;0.21;0.39;2020-06-01;Primera ola;Confinamiento
2020;06;Andalucia;Albaricoques;1713.63;3768.2;2.2;35.87;0.21;0.45;2020-06-01;Primera ola;Confinamiento
2020;06;Andalucia;Fresas/freson;589.78;1909.68;3.24;18.41;0.07;0.23;2020-06-01;Primera ola;Confinamiento
2020;06;Andalucia;Melon;8247.06;11799.12;1.43;51.72;0.99;1.41;2020-06-01;Primera ola;Confinamiento
2020;06;Andalucia;Sandia;18977.52;18060.82;0.95;61.72;2.27;2.17;2020-06-01;Primera ola;Confinamiento
2020;06;Andalucia;Ciruelas;948.49;1951.85;2.06;24.07;0.11;0.23;2020-06-01;Primera ola;Confinamiento
2020;06;Andalucia;Cerezas;3209.77;14016.92;4.37;54.09;0.38;1.68;2020-06-01;Primera ola;Confinamiento
2020;06;Andalucia;Uvas;435.07;1545.71;3.55;12.95;0.05;0.19;2020-06-01;Primera ola;Confinamiento
2020;06;Andalucia;Kiwi;1301.31;4733.89;3.64;28.31;0.16;0.57;2020-06-01;Primera ola;Confinamiento
2020;06;Andalucia;Aguacate;1089.68;4004.33;3.67;37.43;0.13;0.48;2020-06-01;Primera ola;Confinamiento
2020;06;Andalucia;Piña;1063.41;1811.02;1.7;21.01;0.13;0.22;2020-06-01;Primera ola;Confinamiento
2020;06;Andalucia;Otras frutas frescas;3451.81;9177.7;2.66;50.23;0.41;1.1;2020-06-01;Primera ola;Confinamiento
2020;06;Andalucia;Pomelo;230.36;464.2;2.02;2.18;0.03;0.06;2020-06-01;Primera ola;Confinamiento
2020;06;Andalucia;Chirimoya;0.0;0.0;0.0;0.0;0.0;0.0;2020-06-01;Primera ola;Confinamiento
2020;06;Andalucia;Mango;435.63;1098.57;2.52;8.86;0.05;0.13;2020-06-01;Primera ola;Confinamiento
2020;06;Andalucia;Frutas iv gama;2120.49;4548.25;2.14;25.96;0.25;0.55;2020-06-01;Primera ola;Confinamiento
2020;06;Aragon;Frutas frescas;13565.08;23569.34;1.74;98.01;10.78;18.73;2020-06-01;Primera ola;Confinamiento
2020;06;Aragon;Naranjas;1455.77;1945.02;1.34;53.95;1.16;1.55;2020-06-01;Primera ola;Confinamiento
2020;06;Aragon;Mandarinas;30.27;65.38;2.16;4.82;0.02;0.05;2020-06-01;Primera ola;Confinamiento
2020;06;Aragon;Limones;271.48;578.75;2.13;36.74;0.22;0.46;2020-06-01;Primera ola;Confinamiento
2020;06;Aragon;Platanos;1525.75;2368.2;1.55;85.05;1.21;1.88;2020-06-01;Primera ola;Confinamiento
2020;06;Aragon;Manzanas;1099.83;1609.59;1.46;63.16;0.87;1.28;2020-06-01;Primera ola;Confinamiento
2020;06;Aragon;Peras;375.03;783.56;2.09;42.34;0.3;0.62;2020-06-01;Primera ola;Confinamiento
2020;06;Aragon;Melocotones;679.45;1436.62;2.11;53.55;0.54;1.14;2020-06-01;Primera ola;Confinamiento
2020;06;Aragon;Nectarinas;469.93;837.19;1.78;36.76;0.37;0.67;2020-06-01;Primera ola;Confinamiento
2020;06;Aragon;Albaricoques;580.33;1282.78;2.21;43.31;0.46;1.02;2020-06-01;Primera ola;Confinamiento
2020;06;Aragon;Fresas/freson;112.37;328.34;2.92;20.78;0.09;0.26;2020-06-01;Primera ola;Confinamiento
2020;06;Aragon;Melon;1571.9;2243.63;1.43;53.75;1.25;1.78;2020-06-01;Primera ola;Confinamiento
2020;06;Aragon;Sandia;3065.28;3226.54;1.05;78.59;2.44;2.56;2020-06-01;Primera ola;Confinamiento
2020;06;Aragon;Ciruelas;249.96;398.28;1.59;16.52;0.2;0.32;2020-06-01;Primera ola;Confinamiento
2020;06;Aragon;Cerezas;606.51;2583.48;4.26;54.15;0.48;2.05;2020-06-01;Primera ola;Confinamiento
2020;06;Aragon;Uvas;62.37;187.65;3.01;9.57;0.05;0.15;2020-06-01;Primera ola;Confinamiento
2020;06;Aragon;Kiwi;248.89;924.08;3.71;31.75;0.2;0.73;2020-06-01;Primera ola;Confinamiento
2020;06;Aragon;Aguacate;211.29;767.21;3.63;36.4;0.17;0.61;2020-06-01;Primera ola;Confinamiento
2020;06;Aragon;Piña;233.36;365.19;1.56;19.42;0.19;0.29;2020-06-01;Primera ola;Confinamiento
2020;06;Aragon;Otras frutas frescas;715.31;1637.85;2.29;55.0;0.57;1.3;2020-06-01;Primera ola;Confinamiento
2020;06;Aragon;Pomelo;45.94;86.5;1.88;4.52;0.04;0.07;2020-06-01;Primera ola;Confinamiento
2020;06;Aragon;Chirimoya;0.0;0.0;0.0;0.0;0.0;0.0;2020-06-01;Primera ola;Confinamiento
2020;06;Aragon;Mango;134.32;352.5;2.62;11.22;0.11;0.28;2020-06-01;Primera ola;Confinamiento
2020;06;Aragon;Frutas iv gama;573.58;1108.52;1.93;35.9;0.46;0.88;2020-06-01;Primera ola;Confinamiento
2020;06;Asturias;Frutas frescas;11470.24;21971.69;1.92;97.52;11.2;21.45;2020-06-01;Primera ola;Confinamiento
2020;06;Asturias;Naranjas;1800.08;2434.85;1.35;57.83;1.76;2.38;2020-06-01;Primera ola;Confinamiento
2020;06;Asturias;Mandarinas;18.73;32.38;1.73;5.43;0.02;0.03;2020-06-01;Primera ola;Confinamiento
2020;06;Asturias;Limones;259.17;464.29;1.79;44.39;0.25;0.45;2020-06-01;Primera ola;Confinamiento
2020;06;Asturias;Platanos;1601.34;2563.67;1.6;83.82;1.56;2.5;2020-06-01;Primera ola;Confinamiento
2020;06;Asturias;Manzanas;1091.55;1787.48;1.64;64.34;1.07;1.75;2020-06-01;Primera ola;Confinamiento
2020;06;Asturias;Peras;317.58;692.32;2.18;43.19;0.31;0.68;2020-06-01;Primera ola;Confinamiento
2020;06;Asturias;Melocotones;593.43;1219.3;2.05;54.06;0.58;1.19;2020-06-01;Primera ola;Confinamiento
2020;06;Asturias;Nectarinas;571.15;1288.39;2.26;63.76;0.56;1.26;2020-06-01;Primera ola;Confinamiento
2020;06;Asturias;Albaricoques;473.54;1034.03;2.18;50.19;0.46;1.01;2020-06-01;Primera ola;Confinamiento
2020;06;Asturias;Fresas/freson;189.14;664.97;3.52;25.67;0.18;0.65;2020-06-01;Primera ola;Confinamiento
2020;06;Asturias;Melon;960.59;1556.01;1.62;61.56;0.94;1.52;2020-06-01;Primera ola;Confinamiento
2020;06;Asturias;Sandia;1563.19;1731.05;1.11;44.39;1.53;1.69;2020-06-01;Primera ola;Confinamiento
2020;06;Asturias;Ciruelas;100.62;228.79;2.27;20.08;0.1;0.22;2020-06-01;Primera ola;Confinamiento
2020;06;Asturias;Cerezas;625.81;2807.22;4.49;63.39;0.61;2.74;2020-06-01;Primera ola;Confinamiento
2020;06;Asturias;Uvas;24.51;92.15;3.76;5.8;0.02;0.09;2020-06-01;Primera ola;Confinamiento
2020;06;Asturias;Kiwi;294.04;1007.5;3.43;32.68;0.29;0.98;2020-06-01;Primera ola;Confinamiento
2020;06;Asturias;Aguacate;86.33;328.83;3.81;23.05;0.08;0.32;2020-06-01;Primera ola;Confinamiento
2020;06;Asturias;Piña;207.18;306.87;1.48;23.29;0.2;0.3;2020-06-01;Primera ola;Confinamiento
2020;06;Asturias;Otras frutas frescas;692.26;1731.59;2.5;61.41;0.68;1.69;2020-06-01;Primera ola;Confinamiento
2020;06;Asturias;Pomelo;52.71;122.52;2.32;3.34;0.05;0.12;2020-06-01;Primera ola;Confinamiento
2020;06;Asturias;Chirimoya;0.0;0.0;0.0;0.0;0.0;0.0;2020-06-01;Primera ola;Confinamiento
2020;06;Asturias;Mango;35.22;88.1;2.5;10.07;0.03;0.09;2020-06-01;Primera ola;Confinamiento
2020;06;Asturias;Frutas iv gama;452.43;830.38;1.84;31.65;0.44;0.81;2020-06-01;Primera ola;Confinamiento
2020;06;Baleares;Frutas frescas;10519.98;19569.83;1.86;98.61;10.29;19.15;2020-06-01;Primera ola;Confinamiento
2020;06;Baleares;Naranjas;1139.58;1532.03;1.34;35.39;1.11;1.5;2020-06-01;Primera ola;Confinamiento
2020;06;Baleares;Mandarinas;1.97;5.07;2.58;0.93;0.0;0.0;2020-06-01;Primera ola;Confinamiento
2020;06;Baleares;Limones;296.61;529.26;1.78;26.82;0.29;0.52;2020-06-01;Primera ola;Confinamiento
2020;06;Baleares;Platanos;1399.4;2158.64;1.54;75.99;1.37;2.11;2020-06-01;Primera ola;Confinamiento
2020;06;Baleares;Manzanas;785.71;1284.26;1.63;60.71;0.77;1.26;2020-06-01;Primera ola;Confinamiento
2020;06;Baleares;Peras;353.08;759.64;2.15;40.99;0.35;0.74;2020-06-01;Primera ola;Confinamiento
2020;06;Baleares;Melocotones;358.65;912.66;2.54;54.22;0.35;0.89;2020-06-01;Primera ola;Confinamiento
2020;06;Baleares;Nectarinas;278.84;541.58;1.94;37.2;0.27;0.53;2020-06-01;Primera ola;Confinamiento
2020;06;Baleares;Albaricoques;310.47;712.97;2.3;48.47;0.3;0.7;2020-06-01;Primera ola;Confinamiento
2020;06;Baleares;Fresas/freson;177.66;562.85;3.17;26.92;0.17;0.55;2020-06-01;Primera ola;Confinamiento
2020;06;Baleares;Melon;1113.26;1628.61;1.46;57.06;1.09;1.59;2020-06-01;Primera ola;Confinamiento
2020;06;Baleares;Sandia;2484.68;2400.73;0.97;66.03;2.43;2.35;2020-06-01;Primera ola;Confinamiento
2020;06;Baleares;Ciruelas;164.9;434.43;2.63;26.01;0.16;0.43;2020-06-01;Primera ola;Confinamiento
2020;06;Baleares;Cerezas;467.05;2292.82;4.91;57.93;0.46;2.24;2020-06-01;Primera ola;Confinamiento
2020;06;Baleares;Uvas;125.14;276.74;2.21;8.92;0.12;0.27;2020-06-01;Primera ola;Confinamiento
2020;06;Baleares;Kiwi;268.24;1022.81;3.81;33.37;0.26;1.0;2020-06-01;Primera ola;Confinamiento
2020;06;Baleares;Aguacate;246.27;939.18;3.81;43.41;0.24;0.92;2020-06-01;Primera ola;Confinamiento
2020;06;Baleares;Piña;134.27;231.29;1.72;12.87;0.13;0.23;2020-06-01;Primera ola;Confinamiento
2020;06;Baleares;Otras frutas frescas;414.21;1344.26;3.25;52.43;0.41;1.32;2020-06-01;Primera ola;Confinamiento
2020;06;Baleares;Pomelo;8.24;23.68;2.87;1.33;0.01;0.02;2020-06-01;Primera ola;Confinamiento
2020;06;Baleares;Chirimoya;0.0;0.0;0.0;0.0;0.0;0.0;2020-06-01;Primera ola;Confinamiento
2020;06;Baleares;Mango;50.06;140.74;2.81;8.77;0.05;0.14;2020-06-01;Primera ola;Confinamiento
2020;06;Baleares;Frutas iv gama;427.24;776.61;1.82;24.48;0.42;0.76;2020-06-01;Primera ola;Confinamiento
2020;06;Canarias;Frutas frescas;19056.07;34104.2;1.79;96.54;8.88;15.9;2020-06-01;Primera ola;Confinamiento
2020;06;Canarias;Naranjas;2570.76;3382.52;1.32;45.4;1.2;1.58;2020-06-01;Primera ola;Confinamiento
2020;06;Canarias;Mandarinas;62.99;144.4;2.29;7.05;0.03;0.07;2020-06-01;Primera ola;Confinamiento
2020;06;Canarias;Limones;634.06;1147.61;1.81;43.9;0.3;0.53;2020-06-01;Primera ola;Confinamiento
2020;06;Canarias;Platanos;3264.07;4482.6;1.37;79.21;1.52;2.09;2020-06-01;Primera ola;Confinamiento
2020;06;Canarias;Manzanas;1868.68;3021.45;1.62;70.91;0.87;1.41;2020-06-01;Primera ola;Confinamiento
2020;06;Canarias;Peras;918.92;1828.89;1.99;48.01;0.43;0.85;2020-06-01;Primera ola;Confinamiento
2020;06;Canarias;Melocotones;421.72;973.87;2.31;26.86;0.2;0.45;2020-06-01;Primera ola;Confinamiento
2020;06;Canarias;Nectarinas;615.41;1411.78;2.29;39.88;0.29;0.66;2020-06-01;Primera ola;Confinamiento
2020;06;Canarias;Albaricoques;280.96;778.28;2.77;26.26;0.13;0.36;2020-06-01;Primera ola;Confinamiento
2020;06;Canarias;Fresas/freson;170.01;766.75;4.51;21.62;0.08;0.36;2020-06-01;Primera ola;Confinamiento
2020;06;Canarias;Melon;1191.75;2029.47;1.7;42.99;0.56;0.95;2020-06-01;Primera ola;Confinamiento
2020;06;Canarias;Sandia;2995.99;3150.24;1.05;57.18;1.4;1.47;2020-06-01;Primera ola;Confinamiento
2020;06;Canarias;Ciruelas;167.53;457.0;2.73;21.26;0.08;0.21;2020-06-01;Primera ola;Confinamiento
2020;06;Canarias;Cerezas;241.04;1192.9;4.95;29.93;0.11;0.56;2020-06-01;Primera ola;Confinamiento
2020;06;Canarias;Uvas;196.64;641.26;3.26;19.89;0.09;0.3;2020-06-01;Primera ola;Confinamiento
2020;06;Canarias;Kiwi;507.55;1694.05;3.34;37.1;0.24;0.79;2020-06-01;Primera ola;Confinamiento
2020;06;Canarias;Aguacate;810.06;2627.71;3.24;43.71;0.38;1.22;2020-06-01;Primera ola;Confinamiento
2020;06;Canarias;Piña;298.41;517.45;1.73;12.28;0.14;0.24;2020-06-01;Primera ola;Confinamiento
2020;06;Canarias;Otras frutas frescas;1839.49;3855.96;2.1;61.25;0.86;1.8;2020-06-01;Primera ola;Confinamiento
2020;06;Canarias;Pomelo;98.22;219.1;2.23;3.84;0.05;0.1;2020-06-01;Primera ola;Confinamiento
2020;06;Canarias;Chirimoya;0.0;0.0;0.0;0.0;0.0;0.0;2020-06-01;Primera ola;Confinamiento
2020;06;Canarias;Mango;32.3;103.71;3.21;4.04;0.02;0.05;2020-06-01;Primera ola;Confinamiento
2020;06;Canarias;Frutas iv gama;1200.74;1849.4;1.54;33.29;0.56;0.86;2020-06-01;Primera ola;Confinamiento
2020;06;Cantabria;Frutas frescas;4194.74;7990.02;1.9;98.11;7.81;14.87;2020-06-01;Primera ola;Confinamiento
2020;06;Cantabria;Naranjas;737.32;986.79;1.34;55.35;1.37;1.84;2020-06-01;Primera ola;Confinamiento
2020;06;Cantabria;Mandarinas;11.45;35.14;3.07;4.82;0.02;0.07;2020-06-01;Primera ola;Confinamiento
2020;06;Cantabria;Limones;82.55;139.99;1.7;29.47;0.15;0.26;2020-06-01;Primera ola;Confinamiento
2020;06;Cantabria;Platanos;536.58;855.02;1.59;73.97;1.0;1.59;2020-06-01;Primera ola;Confinamiento
2020;06;Cantabria;Manzanas;443.89;659.75;1.49;70.62;0.83;1.23;2020-06-01;Primera ola;Confinamiento
2020;06;Cantabria;Peras;107.13;213.3;1.99;26.98;0.2;0.4;2020-06-01;Primera ola;Confinamiento
2020;06;Cantabria;Melocotones;133.85;262.23;1.96;41.06;0.25;0.49;2020-06-01;Primera ola;Confinamiento
2020;06;Cantabria;Nectarinas;224.68;461.08;2.05;35.38;0.42;0.86;2020-06-01;Primera ola;Confinamiento
2020;06;Cantabria;Albaricoques;139.11;309.37;2.22;31.24;0.26;0.58;2020-06-01;Primera ola;Confinamiento
2020;06;Cantabria;Fresas/freson;30.72;90.58;2.95;14.79;0.06;0.17;2020-06-01;Primera ola;Confinamiento
2020;06;Cantabria;Melon;292.62;464.37;1.59;37.93;0.54;0.86;2020-06-01;Primera ola;Confinamiento
2020;06;Cantabria;Sandia;514.52;500.68;0.97;34.51;0.96;0.93;2020-06-01;Primera ola;Confinamiento
2020;06;Cantabria;Ciruelas;51.35;143.16;2.79;32.58;0.1;0.27;2020-06-01;Primera ola;Confinamiento
2020;06;Cantabria;Cerezas;253.96;1124.27;4.43;61.25;0.47;2.09;2020-06-01;Primera ola;Confinamiento
2020;06;Cantabria;Uvas;14.51;59.14;4.08;9.47;0.03;0.11;2020-06-01;Primera ola;Confinamiento
2020;06;Cantabria;Kiwi;161.76;601.26;3.72;30.67;0.3;1.12;2020-06-01;Primera ola;Confinamiento
2020;06;Cantabria;Aguacate;59.12;255.57;4.32;27.59;0.11;0.48;2020-06-01;Primera ola;Confinamiento
2020;06;Cantabria;Piña;121.42;171.37;1.41;11.83;0.23;0.32;2020-06-01;Primera ola;Confinamiento
2020;06;Cantabria;Otras frutas frescas;278.21;656.96;2.36;52.27;0.52;1.22;2020-06-01;Primera ola;Confinamiento
2020;06;Cantabria;Pomelo;5.55;12.17;2.19;1.77;0.01;0.02;2020-06-01;Primera ola;Confinamiento
2020;06;Cantabria;Chirimoya;0.0;0.0;0.0;0.0;0.0;0.0;2020-06-01;Primera ola;Confinamiento
2020;06;Cantabria;Mango;8.54;26.38;3.09;3.55;0.02;0.05;2020-06-01;Primera ola;Confinamiento
2020;06;Cantabria;Frutas iv gama;138.44;306.29;2.21;27.96;0.26;0.57;2020-06-01;Primera ola;Confinamiento
2020;06;Castilla la mancha;Frutas frescas;19110.75;30577.9;1.6;96.74;9.56;15.29;2020-06-01;Primera ola;Confinamiento
2020;06;Castilla la mancha;Naranjas;1944.18;2729.22;1.4;41.4;0.97;1.37;2020-06-01;Primera ola;Confinamiento
2020;06;Castilla la mancha;Mandarinas;22.4;52.32;2.34;3.36;0.01;0.03;2020-06-01;Primera ola;Confinamiento
2020;06;Castilla la mancha;Limones;594.15;1113.99;1.87;49.6;0.3;0.56;2020-06-01;Primera ola;Confinamiento
2020;06;Castilla la mancha;Platanos;1933.85;3061.7;1.58;82.75;0.97;1.53;2020-06-01;Primera ola;Confinamiento
2020;06;Castilla la mancha;Manzanas;1198.79;1822.43;1.52;63.09;0.6;0.91;2020-06-01;Primera ola;Confinamiento
2020;06;Castilla la mancha;Peras;638.39;1118.33;1.75;42.0;0.32;0.56;2020-06-01;Primera ola;Confinamiento
2020;06;Castilla la mancha;Melocotones;893.08;1817.78;2.04;46.98;0.45;0.91;2020-06-01;Primera ola;Confinamiento
2020;06;Castilla la mancha;Nectarinas;443.08;807.77;1.82;31.11;0.22;0.4;2020-06-01;Primera ola;Confinamiento
2020;06;Castilla la mancha;Albaricoques;642.86;1435.28;2.23;36.11;0.32;0.72;2020-06-01;Primera ola;Confinamiento
2020;06;Castilla la mancha;Fresas/freson;108.34;354.06;3.27;13.1;0.05;0.18;2020-06-01;Primera ola;Confinamiento
2020;06;Castilla la mancha;Melon;1500.14;2279.54;1.52;47.82;0.75;1.14;2020-06-01;Primera ola;Confinamiento
2020;06;Castilla la mancha;Sandia;6597.81;6360.58;0.96;64.62;3.3;3.18;2020-06-01;Primera ola;Confinamiento
2020;06;Castilla la mancha;Ciruelas;227.52;427.5;1.88;26.61;0.11;0.21;2020-06-01;Primera ola;Confinamiento
2020;06;Castilla la mancha;Cerezas;592.56;2466.2;4.16;40.61;0.3;1.23;2020-06-01;Primera ola;Confinamiento
2020;06;Castilla la mancha;Uvas;52.8;183.73;3.48;9.77;0.03;0.09;2020-06-01;Primera ola;Confinamiento
2020;06;Castilla la mancha;Kiwi;327.46;1238.83;3.78;35.52;0.16;0.62;2020-06-01;Primera ola;Confinamiento
2020;06;Castilla la mancha;Aguacate;324.09;1063.12;3.28;36.08;0.16;0.53;2020-06-01;Primera ola;Confinamiento
2020;06;Castilla la mancha;Piña;363.58;565.85;1.56;20.43;0.18;0.28;2020-06-01;Primera ola;Confinamiento
2020;06;Castilla la mancha;Otras frutas frescas;705.68;1679.67;2.38;44.4;0.35;0.84;2020-06-01;Primera ola;Confinamiento
2020;06;Castilla la mancha;Pomelo;15.67;41.04;2.62;1.85;0.01;0.02;2020-06-01;Primera ola;Confinamiento
2020;06;Castilla la mancha;Chirimoya;0.0;0.0;0.0;0.0;0.0;0.0;2020-06-01;Primera ola;Confinamiento
2020;06;Castilla la mancha;Mango;46.74;171.39;3.67;7.56;0.02;0.09;2020-06-01;Primera ola;Confinamiento
2020;06;Castilla la mancha;Frutas iv gama;534.87;923.91;1.73;28.59;0.27;0.46;2020-06-01;Primera ola;Confinamiento
2020;06;Castilla leon;Frutas frescas;25494.94;42843.78;1.68;95.47;11.12;18.69;2020-06-01;Primera ola;Confinamiento
2020;06;Castilla leon;Naranjas;3327.06;4471.76;1.34;54.65;1.45;1.95;2020-06-01;Primera ola;Confinamiento
2020;06;Castilla leon;Mandarinas;61.44;117.19;1.91;6.11;0.03;0.05;2020-06-01;Primera ola;Confinamiento
2020;06;Castilla leon;Limones;799.04;1602.99;2.01;53.65;0.35;0.7;2020-06-01;Primera ola;Confinamiento
2020;06;Castilla leon;Platanos;2600.01;4144.21;1.59;75.23;1.13;1.81;2020-06-01;Primera ola;Confinamiento
2020;06;Castilla leon;Manzanas;2539.16;3243.87;1.28;65.07;1.11;1.42;2020-06-01;Primera ola;Confinamiento
2020;06;Castilla leon;Peras;967.54;1814.71;1.88;47.31;0.42;0.79;2020-06-01;Primera ola;Confinamiento
2020;06;Castilla leon;Melocotones;1283.19;2456.38;1.91;53.38;0.56;1.07;2020-06-01;Primera ola;Confinamiento
2020;06;Castilla leon;Nectarinas;1019.27;1963.89;1.93;47.84;0.44;0.86;2020-06-01;Primera ola;Confinamiento
2020;06;Castilla leon;Albaricoques;827.88;1702.19;2.06;41.4;0.36;0.74;2020-06-01;Primera ola;Confinamiento
2020;06;Castilla leon;Fresas/freson;298.0;901.15;3.02;24.99;0.13;0.39;2020-06-01;Primera ola;Confinamiento
2020;06;Castilla leon;Melon;2528.03;3630.88;1.44;55.4;1.1;1.58;2020-06-01;Primera ola;Confinamiento
2020;06;Castilla leon;Sandia;5462.41;5084.79;0.93;58.66;2.38;2.22;2020-06-01;Primera ola;Confinamiento
2020;06;Castilla leon;Ciruelas;167.33;353.8;2.11;14.17;0.07;0.15;2020-06-01;Primera ola;Confinamiento
2020;06;Castilla leon;Cerezas;1071.66;4341.27;4.05;46.63;0.47;1.89;2020-06-01;Primera ola;Confinamiento
2020;06;Castilla leon;Uvas;58.58;195.15;3.33;8.41;0.03;0.09;2020-06-01;Primera ola;Confinamiento
2020;06;Castilla leon;Kiwi;600.65;2052.91;3.42;32.08;0.26;0.9;2020-06-01;Primera ola;Confinamiento
2020;06;Castilla leon;Aguacate;290.9;1072.13;3.69;29.5;0.13;0.47;2020-06-01;Primera ola;Confinamiento
2020;06;Castilla leon;Piña;411.65;620.42;1.51;16.03;0.18;0.27;2020-06-01;Primera ola;Confinamiento
2020;06;Castilla leon;Otras frutas frescas;1181.15;3074.08;2.6;53.82;0.52;1.34;2020-06-01;Primera ola;Confinamiento
2020;06;Castilla leon;Pomelo;98.76;197.23;2.0;2.93;0.04;0.09;2020-06-01;Primera ola;Confinamiento
2020;06;Castilla leon;Chirimoya;0.0;0.0;0.0;0.0;0.0;0.0;2020-06-01;Primera ola;Confinamiento
2020;06;Castilla leon;Mango;139.87;547.95;3.92;11.13;0.06;0.24;2020-06-01;Primera ola;Confinamiento
2020;06;Castilla leon;Frutas iv gama;781.17;1505.05;1.93;25.23;0.34;0.66;2020-06-01;Primera ola;Confinamiento
2020;06;Cataluña;Frutas frescas;68945.41;136585.14;1.98;96.86;9.98;19.77;2020-06-01;Primera ola;Confinamiento
2020;06;Cataluña;Naranjas;7511.31;10730.03;1.43;42.27;1.09;1.55;2020-06-01;Primera ola;Confinamiento
2020;06;Cataluña;Mandarinas;73.3;176.73;2.41;2.06;0.01;0.03;2020-06-01;Primera ola;Confinamiento
2020;06;Cataluña;Limones;1755.81;3602.7;2.05;40.75;0.25;0.52;2020-06-01;Primera ola;Confinamiento
2020;06;Cataluña;Platanos;7495.48;12574.61;1.68;78.02;1.09;1.82;2020-06-01;Primera ola;Confinamiento
2020;06;Cataluña;Manzanas;5664.6;9208.33;1.63;60.29;0.82;1.33;2020-06-01;Primera ola;Confinamiento
2020;06;Cataluña;Peras;2286.82;4867.54;2.13;39.86;0.33;0.7;2020-06-01;Primera ola;Confinamiento
2020;06;Cataluña;Melocotones;5071.26;11839.93;2.33;61.46;0.73;1.71;2020-06-01;Primera ola;Confinamiento
2020;06;Cataluña;Nectarinas;1943.99;3963.78;2.04;37.61;0.28;0.57;2020-06-01;Primera ola;Confinamiento
2020;06;Cataluña;Albaricoques;2322.23;5730.34;2.47;43.92;0.34;0.83;2020-06-01;Primera ola;Confinamiento
2020;06;Cataluña;Fresas/freson;1034.56;3646.82;3.52;28.24;0.15;0.53;2020-06-01;Primera ola;Confinamiento
2020;06;Cataluña;Melon;8834.33;14598.52;1.65;57.96;1.28;2.11;2020-06-01;Primera ola;Confinamiento
2020;06;Cataluña;Sandia;13582.54;14913.45;1.1;61.82;1.97;2.16;2020-06-01;Primera ola;Confinamiento
2020;06;Cataluña;Ciruelas;1008.81;2261.61;2.24;25.4;0.15;0.33;2020-06-01;Primera ola;Confinamiento
2020;06;Cataluña;Cerezas;3460.94;17006.56;4.91;58.23;0.5;2.46;2020-06-01;Primera ola;Confinamiento
2020;06;Cataluña;Uvas;316.6;1207.39;3.81;11.26;0.05;0.17;2020-06-01;Primera ola;Confinamiento
2020;06;Cataluña;Kiwi;1689.59;6458.56;3.82;32.42;0.24;0.93;2020-06-01;Primera ola;Confinamiento
2020;06;Cataluña;Aguacate;988.26;3846.84;3.89;36.46;0.14;0.56;2020-06-01;Primera ola;Confinamiento
2020;06;Cataluña;Piña;1377.58;2422.32;1.76;23.1;0.2;0.35;2020-06-01;Primera ola;Confinamiento
2020;06;Cataluña;Otras frutas frescas;2527.42;7529.06;2.98;48.19;0.37;1.09;2020-06-01;Primera ola;Confinamiento
2020;06;Cataluña;Pomelo;124.92;278.05;2.23;3.15;0.02;0.04;2020-06-01;Primera ola;Confinamiento
2020;06;Cataluña;Chirimoya;0.0;0.0;0.0;0.0;0.0;0.0;2020-06-01;Primera ola;Confinamiento
2020;06;Cataluña;Mango;377.11;1137.52;3.02;10.42;0.05;0.16;2020-06-01;Primera ola;Confinamiento
2020;06;Cataluña;Frutas iv gama;2324.31;5071.59;2.18;28.16;0.34;0.73;2020-06-01;Primera ola;Confinamiento
2020;06;Extremadura;Frutas frescas;9673.89;16051.33;1.66;96.93;8.63;14.32;2020-06-01;Primera ola;Confinamiento
2020;06;Extremadura;Naranjas;771.42;1018.26;1.32;37.08;0.69;0.91;2020-06-01;Primera ola;Confinamiento
2020;06;Extremadura;Mandarinas;19.33;41.11;2.13;3.78;0.02;0.04;2020-06-01;Primera ola;Confinamiento
2020;06;Extremadura;Limones;167.66;273.03;1.63;27.65;0.15;0.24;2020-06-01;Primera ola;Confinamiento
2020;06;Extremadura;Platanos;1089.79;1560.29;1.43;76.85;0.97;1.39;2020-06-01;Primera ola;Confinamiento
2020;06;Extremadura;Manzanas;638.11;890.35;1.4;51.25;0.57;0.79;2020-06-01;Primera ola;Confinamiento
2020;06;Extremadura;Peras;242.16;424.79;1.75;40.85;0.22;0.38;2020-06-01;Primera ola;Confinamiento
2020;06;Extremadura;Melocotones;561.09;1055.75;1.88;53.49;0.5;0.94;2020-06-01;Primera ola;Confinamiento
2020;06;Extremadura;Nectarinas;300.8;576.95;1.92;37.3;0.27;0.51;2020-06-01;Primera ola;Confinamiento
2020;06;Extremadura;Albaricoques;270.56;581.16;2.15;44.12;0.24;0.52;2020-06-01;Primera ola;Confinamiento
2020;06;Extremadura;Fresas/freson;244.75;896.82;3.66;15.42;0.22;0.8;2020-06-01;Primera ola;Confinamiento
2020;06;Extremadura;Melon;1172.29;1668.56;1.42;51.22;1.05;1.49;2020-06-01;Primera ola;Confinamiento
2020;06;Extremadura;Sandia;2621.39;2303.21;0.88;59.55;2.34;2.05;2020-06-01;Primera ola;Confinamiento
2020;06;Extremadura;Ciruelas;212.48;515.9;2.43;22.25;0.19;0.46;2020-06-01;Primera ola;Confinamiento
2020;06;Extremadura;Cerezas;460.0;1817.94;3.95;41.45;0.41;1.62;2020-06-01;Primera ola;Confinamiento
2020;06;Extremadura;Uvas;37.38;130.59;3.49;7.7;0.03;0.12;2020-06-01;Primera ola;Confinamiento
2020;06;Extremadura;Kiwi;170.66;600.37;3.52;27.96;0.15;0.54;2020-06-01;Primera ola;Confinamiento
2020;06;Extremadura;Aguacate;93.17;324.9;3.49;34.59;0.08;0.29;2020-06-01;Primera ola;Confinamiento
2020;06;Extremadura;Piña;117.03;203.76;1.74;16.54;0.1;0.18;2020-06-01;Primera ola;Confinamiento
2020;06;Extremadura;Otras frutas frescas;483.82;1167.59;2.41;49.51;0.43;1.04;2020-06-01;Primera ola;Confinamiento
2020;06;Extremadura;Pomelo;16.53;36.85;2.23;2.18;0.01;0.03;2020-06-01;Primera ola;Confinamiento
2020;06;Extremadura;Chirimoya;0.0;0.0;0.0;0.0;0.0;0.0;2020-06-01;Primera ola;Confinamiento
2020;06;Extremadura;Mango;38.66;95.81;2.48;8.4;0.03;0.09;2020-06-01;Primera ola;Confinamiento
2020;06;Extremadura;Frutas iv gama;300.05;679.9;2.27;19.21;0.27;0.61;2020-06-01;Primera ola;Confinamiento
2020;06;Galicia;Frutas frescas;26235.77;50627.47;1.93;94.98;10.11;19.5;2020-06-01;Primera ola;Confinamiento
2020;06;Galicia;Naranjas;4079.79;5444.73;1.33;53.12;1.57;2.1;2020-06-01;Primera ola;Confinamiento
2020;06;Galicia;Mandarinas;208.22;542.61;2.61;10.46;0.08;0.21;2020-06-01;Primera ola;Confinamiento
2020;06;Galicia;Limones;601.1;1077.55;1.79;33.93;0.23;0.42;2020-06-01;Primera ola;Confinamiento
2020;06;Galicia;Platanos;3518.94;5964.98;1.7;79.92;1.36;2.3;2020-06-01;Primera ola;Confinamiento
2020;06;Galicia;Manzanas;2565.91;3836.81;1.5;61.66;0.99;1.48;2020-06-01;Primera ola;Confinamiento
2020;06;Galicia;Peras;903.88;1903.4;2.11;39.77;0.35;0.73;2020-06-01;Primera ola;Confinamiento
2020;06;Galicia;Melocotones;1168.09;2483.55;2.13;44.7;0.45;0.96;2020-06-01;Primera ola;Confinamiento
2020;06;Galicia;Nectarinas;1828.6;3447.31;1.89;55.72;0.7;1.33;2020-06-01;Primera ola;Confinamiento
2020;06;Galicia;Albaricoques;771.54;1508.97;1.96;30.96;0.3;0.58;2020-06-01;Primera ola;Confinamiento
2020;06;Galicia;Fresas/freson;617.18;2102.53;3.41;34.64;0.24;0.81;2020-06-01;Primera ola;Confinamiento
2020;06;Galicia;Melon;2163.87;3497.4;1.62;51.33;0.83;1.35;2020-06-01;Primera ola;Confinamiento
2020;06;Galicia;Sandia;3109.46;3443.92;1.11;44.24;1.2;1.33;2020-06-01;Primera ola;Confinamiento
2020;06;Galicia;Ciruelas;445.36;963.69;2.16;28.35;0.17;0.37;2020-06-01;Primera ola;Confinamiento
2020;06;Galicia;Cerezas;1364.98;6069.7;4.45;50.29;0.53;2.34;2020-06-01;Primera ola;Confinamiento
2020;06;Galicia;Uvas;133.96;541.04;4.04;10.6;0.05;0.21;2020-06-01;Primera ola;Confinamiento
2020;06;Galicia;Kiwi;610.29;2212.52;3.63;33.32;0.24;0.85;2020-06-01;Primera ola;Confinamiento
2020;06;Galicia;Aguacate;430.22;1670.09;3.88;34.43;0.17;0.64;2020-06-01;Primera ola;Confinamiento
2020;06;Galicia;Piña;410.9;647.83;1.58;18.18;0.16;0.25;2020-06-01;Primera ola;Confinamiento
2020;06;Galicia;Otras frutas frescas;1303.46;3268.82;2.51;53.37;0.5;1.26;2020-06-01;Primera ola;Confinamiento
2020;06;Galicia;Pomelo;54.3;106.27;1.96;2.15;0.02;0.04;2020-06-01;Primera ola;Confinamiento
2020;06;Galicia;Chirimoya;0.0;0.0;0.0;0.0;0.0;0.0;2020-06-01;Primera ola;Confinamiento
2020;06;Galicia;Mango;148.91;378.04;2.54;10.18;0.06;0.15;2020-06-01;Primera ola;Confinamiento
2020;06;Galicia;Frutas iv gama;1022.05;1789.16;1.75;22.35;0.39;0.69;2020-06-01;Primera ola;Confinamiento
2020;06;La rioja;Frutas frescas;2419.76;4879.42;2.02;99.03;7.88;15.9;2020-06-01;Primera ola;Confinamiento
2020;06;La rioja;Naranjas;320.67;465.87;1.45;51.79;1.04;1.52;2020-06-01;Primera ola;Confinamiento
2020;06;La rioja;Mandarinas;7.56;19.71;2.61;3.4;0.02;0.06;2020-06-01;Primera ola;Confinamiento
2020;06;La rioja;Limones;89.29;172.4;1.93;30.41;0.29;0.56;2020-06-01;Primera ola;Confinamiento
2020;06;La rioja;Platanos;411.54;599.54;1.46;80.55;1.34;1.95;2020-06-01;Primera ola;Confinamiento
2020;06;La rioja;Manzanas;200.05;320.13;1.6;60.27;0.65;1.04;2020-06-01;Primera ola;Confinamiento
2020;06;La rioja;Peras;45.85;116.18;2.53;38.04;0.15;0.38;2020-06-01;Primera ola;Confinamiento
2020;06;La rioja;Melocotones;178.71;499.47;2.79;35.26;0.58;1.63;2020-06-01;Primera ola;Confinamiento
2020;06;La rioja;Nectarinas;81.62;195.04;2.39;30.87;0.27;0.64;2020-06-01;Primera ola;Confinamiento
2020;06;La rioja;Albaricoques;104.6;260.68;2.49;34.3;0.34;0.85;2020-06-01;Primera ola;Confinamiento
2020;06;La rioja;Fresas/freson;17.36;71.74;4.13;20.16;0.06;0.23;2020-06-01;Primera ola;Confinamiento
2020;06;La rioja;Melon;220.73;442.22;2.0;36.71;0.72;1.44;2020-06-01;Primera ola;Confinamiento
2020;06;La rioja;Sandia;388.44;463.34;1.19;48.78;1.27;1.51;2020-06-01;Primera ola;Confinamiento
2020;06;La rioja;Ciruelas;105.85;295.88;2.8;22.46;0.34;0.96;2020-06-01;Primera ola;Confinamiento
2020;06;La rioja;Cerezas;90.81;412.16;4.54;36.78;0.3;1.34;2020-06-01;Primera ola;Confinamiento
2020;06;La rioja;Uvas;6.07;19.86;3.27;6.9;0.02;0.06;2020-06-01;Primera ola;Confinamiento
2020;06;La rioja;Kiwi;51.25;220.84;4.31;22.63;0.17;0.72;2020-06-01;Primera ola;Confinamiento
2020;06;La rioja;Aguacate;29.02;125.74;4.33;32.93;0.09;0.41;2020-06-01;Primera ola;Confinamiento
2020;06;La rioja;Piña;22.35;58.71;2.63;13.71;0.07;0.19;2020-06-01;Primera ola;Confinamiento
2020;06;La rioja;Otras frutas frescas;47.98;119.89;2.5;28.81;0.16;0.39;2020-06-01;Primera ola;Confinamiento
2020;06;La rioja;Pomelo;2.76;4.39;1.59;1.7;0.01;0.01;2020-06-01;Primera ola;Confinamiento
2020;06;La rioja;Chirimoya;0.0;0.0;0.0;0.0;0.0;0.0;2020-06-01;Primera ola;Confinamiento
2020;06;La rioja;Mango;4.41;9.92;2.25;3.58;0.01;0.03;2020-06-01;Primera ola;Confinamiento
2020;06;La rioja;Frutas iv gama;40.11;102.71;2.56;20.21;0.13;0.33;2020-06-01;Primera ola;Confinamiento
2020;06;Madrid;Frutas frescas;62836.45;112799.1;1.8;97.16;10.32;18.53;2020-06-01;Primera ola;Confinamiento
2020;06;Madrid;Naranjas;7598.89;10355.16;1.36;44.69;1.25;1.7;2020-06-01;Primera ola;Confinamiento
2020;06;Madrid;Mandarinas;227.53;515.04;2.26;6.53;0.04;0.08;2020-06-01;Primera ola;Confinamiento
2020;06;Madrid;Limones;1739.04;3342.81;1.92;48.74;0.29;0.55;2020-06-01;Primera ola;Confinamiento
2020;06;Madrid;Platanos;6772.72;10978.13;1.62;80.65;1.11;1.8;2020-06-01;Primera ola;Confinamiento
2020;06;Madrid;Manzanas;4789.59;7808.97;1.63;63.91;0.79;1.28;2020-06-01;Primera ola;Confinamiento
2020;06;Madrid;Peras;1837.38;3797.41;2.07;39.62;0.3;0.62;2020-06-01;Primera ola;Confinamiento
2020;06;Madrid;Melocotones;3351.4;7039.38;2.1;53.33;0.55;1.16;2020-06-01;Primera ola;Confinamiento
2020;06;Madrid;Nectarinas;1626.06;2963.81;1.82;41.94;0.27;0.49;2020-06-01;Primera ola;Confinamiento
2020;06;Madrid;Albaricoques;2322.37;5031.61;2.17;45.03;0.38;0.83;2020-06-01;Primera ola;Confinamiento
2020;06;Madrid;Fresas/freson;556.09;1676.08;3.01;22.74;0.09;0.28;2020-06-01;Primera ola;Confinamiento
2020;06;Madrid;Melon;6777.23;10137.46;1.5;60.71;1.11;1.67;2020-06-01;Primera ola;Confinamiento
2020;06;Madrid;Sandia;14111.09;14094.16;1.0;64.1;2.32;2.32;2020-06-01;Primera ola;Confinamiento
2020;06;Madrid;Ciruelas;794.28;1516.02;1.91;29.28;0.13;0.25;2020-06-01;Primera ola;Confinamiento
2020;06;Madrid;Cerezas;2964.54;12563.23;4.24;56.05;0.49;2.06;2020-06-01;Primera ola;Confinamiento
2020;06;Madrid;Uvas;288.43;966.61;3.35;11.64;0.05;0.16;2020-06-01;Primera ola;Confinamiento
2020;06;Madrid;Kiwi;1559.07;5705.82;3.66;37.34;0.26;0.94;2020-06-01;Primera ola;Confinamiento
2020;06;Madrid;Aguacate;1028.17;3706.11;3.6;40.1;0.17;0.61;2020-06-01;Primera ola;Confinamiento
2020;06;Madrid;Piña;1239.75;1966.47;1.59;21.51;0.2;0.32;2020-06-01;Primera ola;Confinamiento
2020;06;Madrid;Otras frutas frescas;3252.83;8634.82;2.65;56.95;0.53;1.42;2020-06-01;Primera ola;Confinamiento
2020;06;Madrid;Pomelo;180.64;321.93;1.78;3.89;0.03;0.05;2020-06-01;Primera ola;Confinamiento
2020;06;Madrid;Chirimoya;0.0;0.0;0.0;0.0;0.0;0.0;2020-06-01;Primera ola;Confinamiento
2020;06;Madrid;Mango;499.34;1314.31;2.63;15.84;0.08;0.22;2020-06-01;Primera ola;Confinamiento
2020;06;Madrid;Frutas iv gama;2127.84;4565.43;2.15;28.31;0.35;0.75;2020-06-01;Primera ola;Confinamiento
2020;06;Murcia;Frutas frescas;14095.66;22926.48;1.63;96.16;10.15;16.51;2020-06-01;Primera ola;Confinamiento
2020;06;Murcia;Naranjas;2614.88;3694.49;1.41;31.62;1.88;2.66;2020-06-01;Primera ola;Confinamiento
2020;06;Murcia;Mandarinas;4.8;7.12;1.48;1.13;0.0;0.01;2020-06-01;Primera ola;Confinamiento
2020;06;Murcia;Limones;851.88;1313.09;1.54;40.42;0.61;0.95;2020-06-01;Primera ola;Confinamiento
2020;06;Murcia;Platanos;1270.25;1934.48;1.52;76.73;0.91;1.39;2020-06-01;Primera ola;Confinamiento
2020;06;Murcia;Manzanas;859.3;1365.4;1.59;67.53;0.62;0.98;2020-06-01;Primera ola;Confinamiento
2020;06;Murcia;Peras;289.02;618.39;2.14;36.38;0.21;0.45;2020-06-01;Primera ola;Confinamiento
2020;06;Murcia;Melocotones;589.82;1271.69;2.16;50.26;0.42;0.92;2020-06-01;Primera ola;Confinamiento
2020;06;Murcia;Nectarinas;155.74;331.39;2.13;25.84;0.11;0.24;2020-06-01;Primera ola;Confinamiento
2020;06;Murcia;Albaricoques;341.84;808.05;2.36;32.26;0.25;0.58;2020-06-01;Primera ola;Confinamiento
2020;06;Murcia;Fresas/freson;130.54;369.83;2.83;17.33;0.09;0.27;2020-06-01;Primera ola;Confinamiento
2020;06;Murcia;Melon;1212.94;1503.75;1.24;56.46;0.87;1.08;2020-06-01;Primera ola;Confinamiento
2020;06;Murcia;Sandia;3813.32;3435.04;0.9;68.19;2.75;2.47;2020-06-01;Primera ola;Confinamiento
2020;06;Murcia;Ciruelas;302.77;621.65;2.05;30.6;0.22;0.45;2020-06-01;Primera ola;Confinamiento
2020;06;Murcia;Cerezas;420.85;2189.59;5.2;48.79;0.3;1.58;2020-06-01;Primera ola;Confinamiento
2020;06;Murcia;Uvas;27.13;92.6;3.41;6.45;0.02;0.07;2020-06-01;Primera ola;Confinamiento
2020;06;Murcia;Kiwi;264.28;969.92;3.67;25.46;0.19;0.7;2020-06-01;Primera ola;Confinamiento
2020;06;Murcia;Aguacate;210.97;827.6;3.92;37.68;0.15;0.6;2020-06-01;Primera ola;Confinamiento
2020;06;Murcia;Piña;231.65;352.64;1.52;18.71;0.17;0.25;2020-06-01;Primera ola;Confinamiento
2020;06;Murcia;Otras frutas frescas;503.69;1219.75;2.42;43.15;0.36;0.88;2020-06-01;Primera ola;Confinamiento
2020;06;Murcia;Pomelo;20.76;47.21;2.27;3.84;0.01;0.03;2020-06-01;Primera ola;Confinamiento
2020;06;Murcia;Chirimoya;0.0;0.0;0.0;0.0;0.0;0.0;2020-06-01;Primera ola;Confinamiento
2020;06;Murcia;Mango;55.26;116.74;2.11;6.11;0.04;0.08;2020-06-01;Primera ola;Confinamiento
2020;06;Murcia;Frutas iv gama;400.75;741.07;1.85;19.76;0.29;0.53;2020-06-01;Primera ola;Confinamiento
2020;06;Navarra;Frutas frescas;6188.89;11851.16;1.91;96.03;10.78;20.63;2020-06-01;Primera ola;Confinamiento
2020;06;Navarra;Naranjas;1344.3;1831.34;1.36;47.42;2.34;3.19;2020-06-01;Primera ola;Confinamiento
2020;06;Navarra;Mandarinas;11.49;16.63;1.45;8.27;0.02;0.03;2020-06-01;Primera ola;Confinamiento
2020;06;Navarra;Limones;204.1;407.16;1.99;53.26;0.36;0.71;2020-06-01;Primera ola;Confinamiento
2020;06;Navarra;Platanos;606.89;1098.76;1.81;79.4;1.06;1.91;2020-06-01;Primera ola;Confinamiento
2020;06;Navarra;Manzanas;606.53;1019.34;1.68;76.08;1.06;1.77;2020-06-01;Primera ola;Confinamiento
2020;06;Navarra;Peras;147.67;297.97;2.02;43.02;0.26;0.52;2020-06-01;Primera ola;Confinamiento
2020;06;Navarra;Melocotones;241.35;586.65;2.43;49.64;0.42;1.02;2020-06-01;Primera ola;Confinamiento
2020;06;Navarra;Nectarinas;269.44;512.5;1.9;52.01;0.47;0.89;2020-06-01;Primera ola;Confinamiento
2020;06;Navarra;Albaricoques;269.84;669.48;2.48;52.9;0.47;1.17;2020-06-01;Primera ola;Confinamiento
2020;06;Navarra;Fresas/freson;84.92;301.75;3.55;25.48;0.15;0.53;2020-06-01;Primera ola;Confinamiento
2020;06;Navarra;Melon;530.5;897.29;1.69;48.35;0.92;1.56;2020-06-01;Primera ola;Confinamiento
2020;06;Navarra;Sandia;838.21;823.62;0.98;55.66;1.46;1.43;2020-06-01;Primera ola;Confinamiento
2020;06;Navarra;Ciruelas;15.34;34.03;2.22;10.56;0.03;0.06;2020-06-01;Primera ola;Confinamiento
2020;06;Navarra;Cerezas;297.19;1215.67;4.09;42.92;0.52;2.12;2020-06-01;Primera ola;Confinamiento
2020;06;Navarra;Uvas;21.99;64.42;2.93;10.16;0.04;0.11;2020-06-01;Primera ola;Confinamiento
2020;06;Navarra;Kiwi;243.34;863.53;3.55;34.53;0.42;1.5;2020-06-01;Primera ola;Confinamiento
2020;06;Navarra;Aguacate;91.57;363.03;3.96;43.08;0.16;0.63;2020-06-01;Primera ola;Confinamiento
2020;06;Navarra;Piña;113.57;235.51;2.07;24.58;0.2;0.41;2020-06-01;Primera ola;Confinamiento
2020;06;Navarra;Otras frutas frescas;250.65;612.49;2.44;47.2;0.44;1.07;2020-06-01;Primera ola;Confinamiento
2020;06;Navarra;Pomelo;10.25;22.44;2.19;4.74;0.02;0.04;2020-06-01;Primera ola;Confinamiento
2020;06;Navarra;Chirimoya;0.0;0.0;0.0;0.0;0.0;0.0;2020-06-01;Primera ola;Confinamiento
2020;06;Navarra;Mango;33.14;74.21;2.24;13.5;0.06;0.13;2020-06-01;Primera ola;Confinamiento
2020;06;Navarra;Frutas iv gama;331.38;668.82;2.02;38.39;0.58;1.16;2020-06-01;Primera ola;Confinamiento
2020;06;Pais vasco;Frutas frescas;22219.73;43357.87;1.95;97.85;10.96;21.39;2020-06-01;Primera ola;Confinamiento
2020;06;Pais vasco;Naranjas;2796.16;3897.23;1.39;46.93;1.38;1.92;2020-06-01;Primera ola;Confinamiento
2020;06;Pais vasco;Mandarinas;97.06;236.73;2.44;9.5;0.05;0.12;2020-06-01;Primera ola;Confinamiento
2020;06;Pais vasco;Limones;540.85;1138.87;2.11;43.48;0.27;0.56;2020-06-01;Primera ola;Confinamiento
2020;06;Pais vasco;Platanos;2694.82;4708.09;1.75;83.63;1.33;2.32;2020-06-01;Primera ola;Confinamiento
2020;06;Pais vasco;Manzanas;2138.72;3131.86;1.46;62.68;1.06;1.55;2020-06-01;Primera ola;Confinamiento
2020;06;Pais vasco;Peras;729.78;1568.99;2.15;36.59;0.36;0.77;2020-06-01;Primera ola;Confinamiento
2020;06;Pais vasco;Melocotones;1365.31;2946.2;2.16;57.23;0.67;1.45;2020-06-01;Primera ola;Confinamiento
2020;06;Pais vasco;Nectarinas;1441.42;2635.88;1.83;57.75;0.71;1.3;2020-06-01;Primera ola;Confinamiento
2020;06;Pais vasco;Albaricoques;955.19;1951.79;2.04;50.64;0.47;0.96;2020-06-01;Primera ola;Confinamiento
2020;06;Pais vasco;Fresas/freson;258.54;647.25;2.5;25.95;0.13;0.32;2020-06-01;Primera ola;Confinamiento
2020;06;Pais vasco;Melon;2087.23;3600.8;1.73;54.89;1.03;1.78;2020-06-01;Primera ola;Confinamiento
2020;06;Pais vasco;Sandia;2878.76;3172.21;1.1;46.61;1.42;1.57;2020-06-01;Primera ola;Confinamiento
2020;06;Pais vasco;Ciruelas;184.3;368.29;2.0;21.77;0.09;0.18;2020-06-01;Primera ola;Confinamiento
2020;06;Pais vasco;Cerezas;1051.84;4945.67;4.7;56.78;0.52;2.44;2020-06-01;Primera ola;Confinamiento
2020;06;Pais vasco;Uvas;93.66;331.12;3.54;10.83;0.05;0.16;2020-06-01;Primera ola;Confinamiento
2020;06;Pais vasco;Kiwi;611.13;2559.84;4.19;39.31;0.3;1.26;2020-06-01;Primera ola;Confinamiento
2020;06;Pais vasco;Aguacate;285.65;1117.16;3.91;31.25;0.14;0.55;2020-06-01;Primera ola;Confinamiento
2020;06;Pais vasco;Piña;493.03;796.09;1.61;24.99;0.24;0.39;2020-06-01;Primera ola;Confinamiento
2020;06;Pais vasco;Otras frutas frescas;1516.28;3603.83;2.38;56.55;0.75;1.78;2020-06-01;Primera ola;Confinamiento
2020;06;Pais vasco;Pomelo;296.72;555.84;1.87;9.46;0.15;0.27;2020-06-01;Primera ola;Confinamiento
2020;06;Pais vasco;Chirimoya;0.0;0.0;0.0;0.0;0.0;0.0;2020-06-01;Primera ola;Confinamiento
2020;06;Pais vasco;Mango;100.63;266.21;2.65;7.3;0.05;0.13;2020-06-01;Primera ola;Confinamiento
2020;06;Pais vasco;Frutas iv gama;977.25;1729.07;1.77;27.07;0.48;0.85;2020-06-01;Primera ola;Confinamiento
2020;06;Valencia;Frutas frescas;43709.98;78115.91;1.79;95.94;9.38;16.77;2020-06-01;Primera ola;Confinamiento
2020;06;Valencia;Naranjas;3572.78;4733.29;1.32;32.39;0.77;1.02;2020-06-01;Primera ola;Confinamiento
2020;06;Valencia;Mandarinas;31.67;56.35;1.78;1.09;0.01;0.01;2020-06-01;Primera ola;Confinamiento
2020;06;Valencia;Limones;1055.88;1788.65;1.69;39.8;0.23;0.38;2020-06-01;Primera ola;Confinamiento
2020;06;Valencia;Platanos;5748.93;8513.82;1.48;79.82;1.23;1.83;2020-06-01;Primera ola;Confinamiento
2020;06;Valencia;Manzanas;3406.75;5102.2;1.5;60.66;0.73;1.1;2020-06-01;Primera ola;Confinamiento
2020;06;Valencia;Peras;1518.86;3006.24;1.98;39.78;0.33;0.65;2020-06-01;Primera ola;Confinamiento
2020;06;Valencia;Melocotones;2484.28;5394.99;2.17;48.76;0.53;1.16;2020-06-01;Primera ola;Confinamiento
2020;06;Valencia;Nectarinas;1198.51;2057.66;1.72;33.72;0.26;0.44;2020-06-01;Primera ola;Confinamiento
2020;06;Valencia;Albaricoques;1349.13;3072.51;2.28;33.56;0.29;0.66;2020-06-01;Primera ola;Confinamiento
2020;06;Valencia;Fresas/freson;458.6;1499.57;3.27;22.16;0.1;0.32;2020-06-01;Primera ola;Confinamiento
2020;06;Valencia;Melon;4562.63;6251.58;1.37;52.89;0.98;1.34;2020-06-01;Primera ola;Confinamiento
2020;06;Valencia;Sandia;10341.93;10636.45;1.03;59.35;2.22;2.28;2020-06-01;Primera ola;Confinamiento
2020;06;Valencia;Ciruelas;645.24;1313.54;2.04;25.07;0.14;0.28;2020-06-01;Primera ola;Confinamiento
2020;06;Valencia;Cerezas;2281.03;10374.6;4.55;51.85;0.49;2.23;2020-06-01;Primera ola;Confinamiento
2020;06;Valencia;Uvas;158.34;635.93;4.02;10.43;0.03;0.14;2020-06-01;Primera ola;Confinamiento
2020;06;Valencia;Kiwi;881.71;3301.32;3.74;33.83;0.19;0.71;2020-06-01;Primera ola;Confinamiento
2020;06;Valencia;Aguacate;795.02;2985.6;3.76;39.26;0.17;0.64;2020-06-01;Primera ola;Confinamiento
2020;06;Valencia;Piña;917.49;1482.85;1.62;18.87;0.2;0.32;2020-06-01;Primera ola;Confinamiento
2020;06;Valencia;Otras frutas frescas;2301.21;5908.75;2.57;50.99;0.49;1.27;2020-06-01;Primera ola;Confinamiento
2020;06;Valencia;Pomelo;202.67;460.37;2.27;5.07;0.04;0.1;2020-06-01;Primera ola;Confinamiento
2020;06;Valencia;Chirimoya;0.0;0.0;0.0;0.0;0.0;0.0;2020-06-01;Primera ola;Confinamiento
2020;06;Valencia;Mango;193.14;507.45;2.63;9.15;0.04;0.11;2020-06-01;Primera ola;Confinamiento
2020;06;Valencia;Frutas iv gama;1854.7;3947.11;2.13;27.41;0.4;0.85;2020-06-01;Primera ola;Confinamiento
2020;07;Nacional;Omates;74111.99;120124.2;1.62;;1.67;2.71;2020-07-01;Periodo de recuperación;Nueva normalidad
2020;07;Nacional;Cebollas;28290.45;35155.54;1.24;;0.64;0.79;2020-07-01;Periodo de recuperación;Nueva normalidad
2020;07;Nacional;Lechuga/esc /endivia;17223.53;47468.82;2.76;;0.39;1.07;2020-07-01;Periodo de recuperación;Nueva normalidad
2020;07;Nacional;Pimientos;22940.5;44005.62;1.92;;0.52;0.99;2020-07-01;Periodo de recuperación;Nueva normalidad
2020;07;Nacional;Judias verdes;9266.35;31458.49;3.39;;0.21;0.71;2020-07-01;Periodo de recuperación;Nueva normalidad
2020;07;Nacional;Coles;3315.25;3749.59;1.13;;0.07;0.08;2020-07-01;Periodo de recuperación;Nueva normalidad
2020;07;Nacional;Naranjas;33012.21;46053.61;1.4;;0.74;1.04;2020-07-01;Periodo de recuperación;Nueva normalidad
2020;07;Nacional;Mandarinas;718.23;1521.53;2.12;;0.02;0.03;2020-07-01;Periodo de recuperación;Nueva normalidad
2020;07;Nacional;Limones;9894.6;18370.43;1.86;;0.22;0.41;2020-07-01;Periodo de recuperación;Nueva normalidad
2020;07;Nacional;Platanos;42572.49;67823.14;1.59;;0.96;1.53;2020-07-01;Periodo de recuperación;Nueva normalidad
2020;07;Nacional;Manzanas;25733.46;41543.94;1.61;;0.58;0.94;2020-07-01;Periodo de recuperación;Nueva normalidad
2020;07;Nacional;Peras;10791.59;20791.84;1.93;;0.24;0.47;2020-07-01;Periodo de recuperación;Nueva normalidad
2020;07;Nacional;Melocotones;34279.57;65720.55;1.92;;0.77;1.48;2020-07-01;Periodo de recuperación;Nueva normalidad
2020;07;Nacional;Albaricoques;6350.3;14606.3;2.3;;0.14;0.33;2020-07-01;Periodo de recuperación;Nueva normalidad
2020;07;Nacional;Fresas/freson;1885.53;7824.46;4.15;;0.04;0.18;2020-07-01;Periodo de recuperación;Nueva normalidad
2020;07;Nacional;Melon;75112.25;84902.47;1.13;;1.69;1.92;2020-07-01;Periodo de recuperación;Nueva normalidad
2020;07;Nacional;Sandia;121701.3;90727.77;0.75;;2.74;2.05;2020-07-01;Periodo de recuperación;Nueva normalidad
2020;07;Nacional;Ciruelas;10601.36;21042.86;1.98;;0.24;0.47;2020-07-01;Periodo de recuperación;Nueva normalidad
2020;07;Nacional;Cerezas;9249.03;47511.59;5.14;;0.21;1.07;2020-07-01;Periodo de recuperación;Nueva normalidad
2020;07;Nacional;Uvas;3613.12;11736.25;3.25;;0.08;0.26;2020-07-01;Periodo de recuperación;Nueva normalidad
2020;07;Nacional;Kiwi;9410.67;34961.04;3.72;;0.21;0.79;2020-07-01;Periodo de recuperación;Nueva normalidad
2020;07;Nacional;Patatas frescas;90175.98;79025.45;0.88;;2.03;1.78;2020-07-01;Periodo de recuperación;Nueva normalidad
2020;07;Nacional;Hortalizas frescas;242399.04;448389.61;1.85;;5.46;10.11;2020-07-01;Periodo de recuperación;Nueva normalidad
2020;07;Nacional;Frutas frescas;451789.94;702647.2;1.56;;10.18;15.85;2020-07-01;Periodo de recuperación;Nueva normalidad
2020;08;Nacional;Omates;64452.71;105649.3;1.64;;1.45;2.38;2020-08-01;Periodo de recuperación;Nueva normalidad
2020;08;Nacional;Cebollas;26491.05;33939.18;1.28;;0.6;0.77;2020-08-01;Periodo de recuperación;Nueva normalidad
2020;08;Nacional;Lechuga/esc /endivia;15760.23;41983.69;2.66;;0.36;0.95;2020-08-01;Periodo de recuperación;Nueva normalidad
2020;08;Nacional;Pimientos;23015.39;44520.41;1.93;;0.52;1.0;2020-08-01;Periodo de recuperación;Nueva normalidad
2020;08;Nacional;Judias verdes;6575.16;26406.77;4.02;;0.15;0.6;2020-08-01;Periodo de recuperación;Nueva normalidad
2020;08;Nacional;Coles;3460.95;3770.14;1.09;;0.08;0.09;2020-08-01;Periodo de recuperación;Nueva normalidad
2020;08;Nacional;Naranjas;22936.44;39001.81;1.7;;0.52;0.88;2020-08-01;Periodo de recuperación;Nueva normalidad
2020;08;Nacional;Mandarinas;1499.96;3048.43;2.03;;0.03;0.07;2020-08-01;Periodo de recuperación;Nueva normalidad
2020;08;Nacional;Limones;9354.49;18078.57;1.93;;0.21;0.41;2020-08-01;Periodo de recuperación;Nueva normalidad
2020;08;Nacional;Platanos;36262.03;58853.52;1.62;;0.82;1.33;2020-08-01;Periodo de recuperación;Nueva normalidad
2020;08;Nacional;Manzanas;25307.8;40563.22;1.6;;0.57;0.92;2020-08-01;Periodo de recuperación;Nueva normalidad
2020;08;Nacional;Peras;13387.91;24549.24;1.83;;0.3;0.55;2020-08-01;Periodo de recuperación;Nueva normalidad
2020;08;Nacional;Melocotones;31865.5;59874.19;1.88;;0.72;1.35;2020-08-01;Periodo de recuperación;Nueva normalidad
2020;08;Nacional;Albaricoques;1597.27;3676.89;2.3;;0.04;0.08;2020-08-01;Periodo de recuperación;Nueva normalidad
2020;08;Nacional;Fresas/freson;1312.5;6074.11;4.63;;0.03;0.14;2020-08-01;Periodo de recuperación;Nueva normalidad
2020;08;Nacional;Melon;81329.97;80985.69;1.0;;1.83;1.83;2020-08-01;Periodo de recuperación;Nueva normalidad
2020;08;Nacional;Sandia;99670.37;66535.96;0.67;;2.25;1.5;2020-08-01;Periodo de recuperación;Nueva normalidad
2020;08;Nacional;Ciruelas;11904.57;24050.41;2.02;;0.27;0.54;2020-08-01;Periodo de recuperación;Nueva normalidad
2020;08;Nacional;Cerezas;931.26;5250.7;5.64;;0.02;0.12;2020-08-01;Periodo de recuperación;Nueva normalidad
2020;08;Nacional;Uvas;7799.39;20798.26;2.67;;0.18;0.47;2020-08-01;Periodo de recuperación;Nueva normalidad
2020;08;Nacional;Kiwi;7943.37;30698.2;3.86;;0.18;0.69;2020-08-01;Periodo de recuperación;Nueva normalidad
2020;08;Nacional;Patatas frescas;74085.89;66028.82;0.89;;1.67;1.49;2020-08-01;Periodo de recuperación;Nueva normalidad
2020;08;Nacional;Hortalizas frescas;217270.54;409019.27;1.88;;4.9;9.23;2020-08-01;Periodo de recuperación;Nueva normalidad
2020;08;Nacional;Frutas frescas;401113.71;594976.88;1.48;;9.04;13.42;2020-08-01;Periodo de recuperación;Nueva normalidad
2020;09;Nacional;Omates;64894.57;115161.0;1.77;;1.46;2.6;2020-09-01;Periodo de recuperación;Nueva normalidad
2020;09;Nacional;Cebollas;29660.96;36335.52;1.23;;0.67;0.82;2020-09-01;Periodo de recuperación;Nueva normalidad
2020;09;Nacional;Lechuga/esc /endivia;15879.52;43313.25;2.73;;0.36;0.98;2020-09-01;Periodo de recuperación;Nueva normalidad
2020;09;Nacional;Pimientos;27633.09;59697.46;2.16;;0.62;1.35;2020-09-01;Periodo de recuperación;Nueva normalidad
2020;09;Nacional;Judias verdes;6688.37;25314.37;3.78;;0.15;0.57;2020-09-01;Periodo de recuperación;Nueva normalidad
2020;09;Nacional;Coles;5498.32;6273.87;1.14;;0.12;0.14;2020-09-01;Periodo de recuperación;Nueva normalidad
2020;09;Nacional;Naranjas;26007.96;47716.38;1.83;;0.59;1.08;2020-09-01;Periodo de recuperación;Nueva normalidad
2020;09;Nacional;Mandarinas;5970.46;12196.5;2.04;;0.13;0.28;2020-09-01;Periodo de recuperación;Nueva normalidad
2020;09;Nacional;Limones;9375.09;18656.68;1.99;;0.21;0.42;2020-09-01;Periodo de recuperación;Nueva normalidad
2020;09;Nacional;Platanos;44651.93;73126.22;1.64;;1.01;1.65;2020-09-01;Periodo de recuperación;Nueva normalidad
2020;09;Nacional;Manzanas;36432.66;58578.08;1.61;;0.82;1.32;2020-09-01;Periodo de recuperación;Nueva normalidad
2020;09;Nacional;Peras;20333.21;34857.81;1.71;;0.46;0.79;2020-09-01;Periodo de recuperación;Nueva normalidad
2020;09;Nacional;Melocotones;25601.73;55878.9;2.18;;0.58;1.26;2020-09-01;Periodo de recuperación;Nueva normalidad
2020;09;Nacional;Albaricoques;290.57;528.15;1.82;;0.01;0.01;2020-09-01;Periodo de recuperación;Nueva normalidad
2020;09;Nacional;Fresas/freson;1381.92;5657.11;4.09;;0.03;0.13;2020-09-01;Periodo de recuperación;Nueva normalidad
2020;09;Nacional;Melon;77570.51;72800.62;0.94;;1.75;1.64;2020-09-01;Periodo de recuperación;Nueva normalidad
2020;09;Nacional;Sandia;51830.72;45308.76;0.87;;1.17;1.02;2020-09-01;Periodo de recuperación;Nueva normalidad
2020;09;Nacional;Ciruelas;12767.94;24875.1;1.95;;0.29;0.56;2020-09-01;Periodo de recuperación;Nueva normalidad
2020;09;Nacional;Cerezas;402.31;1152.25;2.86;;0.01;0.03;2020-09-01;Periodo de recuperación;Nueva normalidad
2020;09;Nacional;Uvas;21201.95;52061.69;2.46;;0.48;1.17;2020-09-01;Periodo de recuperación;Nueva normalidad
2020;09;Nacional;Kiwi;8909.03;35924.77;4.03;;0.2;0.81;2020-09-01;Periodo de recuperación;Nueva normalidad
2020;09;Nacional;Patatas frescas;84453.33;75146.3;0.89;;1.9;1.7;2020-09-01;Periodo de recuperación;Nueva normalidad
2020;09;Nacional;Hortalizas frescas;244130.14;477824.67;1.96;;5.5;10.78;2020-09-01;Periodo de recuperación;Nueva normalidad
2020;09;Nacional;Frutas frescas;385879.27;652149.54;1.69;;8.7;14.71;2020-09-01;Periodo de recuperación;Nueva normalidad
2020;10;Nacional;Omates;52238.0;96244.33;1.84;;1.18;2.17;2020-10-01;Segunda ola;Vuelta al trabajo
2020;10;Nacional;Cebollas;32327.0;40006.25;1.24;;0.73;0.9;2020-10-01;Segunda ola;Vuelta al trabajo
2020;10;Nacional;Lechuga/esc /endivia;16010.76;45169.75;2.82;;0.36;1.02;2020-10-01;Segunda ola;Vuelta al trabajo
2020;10;Nacional;Pimientos;26486.91;50703.32;1.91;;0.6;1.14;2020-10-01;Segunda ola;Vuelta al trabajo
2020;10;Nacional;Judias verdes;8567.84;29662.35;3.46;;0.19;0.67;2020-10-01;Segunda ola;Vuelta al trabajo
2020;10;Nacional;Coles;8010.26;8841.25;1.1;;0.18;0.2;2020-10-01;Segunda ola;Vuelta al trabajo
2020;10;Nacional;Naranjas;39240.26;64232.3;1.64;;0.88;1.45;2020-10-01;Segunda ola;Vuelta al trabajo
2020;10;Nacional;Mandarinas;32852.15;56137.96;1.71;;0.74;1.27;2020-10-01;Segunda ola;Vuelta al trabajo
2020;10;Nacional;Limones;11153.38;20670.52;1.85;;0.25;0.47;2020-10-01;Segunda ola;Vuelta al trabajo
2020;10;Nacional;Platanos;55264.94;93993.44;1.7;;1.25;2.12;2020-10-01;Segunda ola;Vuelta al trabajo
2020;10;Nacional;Manzanas;51560.58;80253.44;1.56;;1.16;1.81;2020-10-01;Segunda ola;Vuelta al trabajo
2020;10;Nacional;Peras;26084.68;44372.81;1.7;;0.59;1.0;2020-10-01;Segunda ola;Vuelta al trabajo
2020;10;Nacional;Melocotones;13165.82;32898.48;2.5;;0.3;0.74;2020-10-01;Segunda ola;Vuelta al trabajo
2020;10;Nacional;Albaricoques;155.39;205.96;1.33;;0.0;0.0;2020-10-01;Segunda ola;Vuelta al trabajo
2020;10;Nacional;Fresas/freson;1218.29;4844.54;3.98;;0.03;0.11;2020-10-01;Segunda ola;Vuelta al trabajo
2020;10;Nacional;Melon;39737.51;44238.72;1.11;;0.9;1.0;2020-10-01;Segunda ola;Vuelta al trabajo
2020;10;Nacional;Sandia;9421.45;9490.5;1.01;;0.21;0.21;2020-10-01;Segunda ola;Vuelta al trabajo
2020;10;Nacional;Ciruelas;7142.77;14346.21;2.01;;0.16;0.32;2020-10-01;Segunda ola;Vuelta al trabajo
2020;10;Nacional;Cerezas;220.04;632.4;2.87;;0.0;0.01;2020-10-01;Segunda ola;Vuelta al trabajo
2020;10;Nacional;Uvas;25329.51;60093.95;2.37;;0.57;1.36;2020-10-01;Segunda ola;Vuelta al trabajo
2020;10;Nacional;Kiwi;12491.2;45432.94;3.64;;0.28;1.02;2020-10-01;Segunda ola;Vuelta al trabajo
2020;10;Nacional;Patatas frescas;95916.0;83644.14;0.87;;2.16;1.89;2020-10-01;Segunda ola;Vuelta al trabajo
2020;10;Nacional;Hortalizas frescas;251090.91;496897.93;1.98;;5.66;11.21;2020-10-01;Segunda ola;Vuelta al trabajo
2020;10;Nacional;Frutas frescas;379017.2;712633.15;1.88;;8.54;16.08;2020-10-01;Segunda ola;Vuelta al trabajo
2020;11;Nacional;Omates;48644.85;87551.48;1.8;;1.1;1.97;2020-11-01;Segunda ola;Vuelta al trabajo
2020;11;Nacional;Cebollas;29522.24;36553.32;1.24;;0.67;0.82;2020-11-01;Segunda ola;Vuelta al trabajo
2020;11;Nacional;Lechuga/esc /endivia;15583.43;41557.28;2.67;;0.35;0.94;2020-11-01;Segunda ola;Vuelta al trabajo
2020;11;Nacional;Pimientos;19530.12;37862.19;1.94;;0.44;0.85;2020-11-01;Segunda ola;Vuelta al trabajo
2020;11;Nacional;Judias verdes;6589.62;21713.5;3.3;;0.15;0.49;2020-11-01;Segunda ola;Vuelta al trabajo
2020;11;Nacional;Coles;8192.86;9311.09;1.14;;0.18;0.21;2020-11-01;Segunda ola;Vuelta al trabajo
2020;11;Nacional;Naranjas;60360.94;70234.89;1.16;;1.36;1.58;2020-11-01;Segunda ola;Vuelta al trabajo
2020;11;Nacional;Mandarinas;49106.58;72536.43;1.48;;1.11;1.64;2020-11-01;Segunda ola;Vuelta al trabajo
2020;11;Nacional;Limones;9798.4;16479.61;1.68;;0.22;0.37;2020-11-01;Segunda ola;Vuelta al trabajo
2020;11;Nacional;Platanos;54888.95;88693.86;1.62;;1.24;2.0;2020-11-01;Segunda ola;Vuelta al trabajo
2020;11;Nacional;Manzanas;43081.7;67602.74;1.57;;0.97;1.52;2020-11-01;Segunda ola;Vuelta al trabajo
2020;11;Nacional;Peras;23814.58;40425.63;1.7;;0.54;0.91;2020-11-01;Segunda ola;Vuelta al trabajo
2020;11;Nacional;Melocotones;1740.22;4549.97;2.61;;0.04;0.1;2020-11-01;Segunda ola;Vuelta al trabajo
2020;11;Nacional;Albaricoques;85.1;145.17;1.71;;0.0;0.0;2020-11-01;Segunda ola;Vuelta al trabajo
2020;11;Nacional;Fresas/freson;938.76;4223.57;4.5;;0.02;0.1;2020-11-01;Segunda ola;Vuelta al trabajo
2020;11;Nacional;Melon;12929.44;19804.29;1.53;;0.29;0.45;2020-11-01;Segunda ola;Vuelta al trabajo
2020;11;Nacional;Sandia;637.46;860.28;1.35;;0.01;0.02;2020-11-01;Segunda ola;Vuelta al trabajo
2020;11;Nacional;Ciruelas;2198.18;4372.42;1.99;;0.05;0.1;2020-11-01;Segunda ola;Vuelta al trabajo
2020;11;Nacional;Cerezas;95.29;538.92;5.66;;0.0;0.01;2020-11-01;Segunda ola;Vuelta al trabajo
2020;11;Nacional;Uvas;15918.49;42755.62;2.69;;0.36;0.96;2020-11-01;Segunda ola;Vuelta al trabajo
2020;11;Nacional;Kiwi;12253.15;41949.06;3.42;;0.28;0.95;2020-11-01;Segunda ola;Vuelta al trabajo
2020;11;Nacional;Patatas frescas;89679.98;76899.34;0.86;;2.02;1.73;2020-11-01;Segunda ola;Vuelta al trabajo
2020;11;Nacional;Hortalizas frescas;238554.47;472592.86;1.98;;5.38;10.66;2020-11-01;Segunda ola;Vuelta al trabajo
2020;11;Nacional;Frutas frescas;341351.65;597092.66;1.75;;7.7;13.47;2020-11-01;Segunda ola;Vuelta al trabajo
