;ccaa;producto;volumen_miles_de_kg_predicted;lower volumen_miles_de_kg;upper volumen_miles_de_kg;valor_miles_de_€_predicted;lower valor_miles_de_€;upper valor_miles_de_€;precio_medio_kg_predicted;lower precio_medio_kg;upper precio_medio_kg
2020-02-01 00:00:00;Nacional;Patatas;107378.9;107378.9;107378.9;103172.87;103172.87;103172.87;0.96;0.96;0.96
2020-03-01 00:00:00;Nacional;Patatas;112736.76916750829;98944.69436291492;126528.84397210166;100311.76405179765;89357.30403408848;111266.22406950683;0.9599797158363826;0.8987767924401782;1.0211826392325871
2020-04-01 00:00:00;Nacional;Patatas;118559.96992852828;98557.37865327955;138562.56120377703;101089.84753749601;89931.18724811649;112248.50782687553;0.9599835621938702;0.8866506750415037;1.0333164493462366
2020-05-01 00:00:00;Nacional;Patatas;124603.83984334671;99470.61235626962;149737.0673304238;101089.84753749601;88567.02184394382;113612.6732310482;0.9599931754172522;0.8762696611338578;1.0437166897006465
2020-06-01 00:00:00;Nacional;Patatas;131065.2860310406;101279.55291388105;160851.01914820014;101089.84753749601;87337.51583525706;114842.17923973496;0.9599874058580125;0.867027514776849;1.0529472969391758
2020-02-01 00:00:00;Andalucia;Patatas;20944.89;20944.89;20944.89;19284.73;19284.73;19284.73;0.92;0.92;0.92
2020-03-01 00:00:00;Andalucia;Patatas;21400.64507515796;18211.20862745289;24590.081522863034;19094.23559098639;17037.980670813915;21150.490511158867;0.9296802887950701;0.8739153906044494;0.9854451869856908
2020-04-01 00:00:00;Andalucia;Patatas;21894.581043310103;17332.699879733795;26456.462206886412;19057.463217798813;16701.33783005334;21413.588605544286;0.929680288812681;0.8625227289264256;0.9968378486989365
2020-05-01 00:00:00;Andalucia;Patatas;22401.00158520447;16749.79913413362;28052.20403627532;19057.463217798813;16634.258817111073;21480.667618486554;0.9546376892695977;0.8777575759144481;1.0315178026247471
2020-06-01 00:00:00;Andalucia;Patatas;22917.23551368752;16316.417850073121;29518.053177301917;19057.463217798813;16568.987320337455;21545.93911526017;0.9546376892498137;0.8691335033340044;1.040141875165623
2020-02-01 00:00:00;Aragon;Patatas;2410.9;2410.9;2410.9;2291.49;2291.49;2291.49;0.95;0.95;0.95
2020-03-01 00:00:00;Aragon;Patatas;2056.29134754478;2056.2801725384275;2056.3025225511324;2130.898987930889;1623.8954789431323;2637.9024969186453;0.9498825354988462;0.8717657906928046;1.0279992803048879
2020-04-01 00:00:00;Aragon;Patatas;1925.1352960861002;1925.1199478027263;1925.150644369474;2455.8452882812544;1739.7977179747031;3171.8928585878057;0.9498390441098525;0.8622495406331604;1.0374285475865446
2020-05-01 00:00:00;Aragon;Patatas;1682.7890102250417;1682.7707433181622;1682.8072771319212;2455.8452882812544;1739.77862933001;3171.9119472324987;0.9500565010548315;0.8539231747860776;1.0461898273235855
2020-06-01 00:00:00;Aragon;Patatas;1298.5498693110546;1298.5293597883751;1298.5703788337341;2455.8452882812544;1739.7595411941613;3171.9310353683477;0.9499695182768385;0.8459920605290365;1.0539469760246405
2020-02-01 00:00:00;Asturias;Patatas;3131.25;3131.25;3131.25;2661.32;2661.32;2661.32;0.85;0.85;0.85
2020-03-01 00:00:00;Asturias;Patatas;6434.657362215951;6434.337970034957;6434.976754396946;2365.640190052931;1771.4159988345032;2959.8643812713585;0.894602440793822;0.8069408145815138;0.9822640670061302
2020-04-01 00:00:00;Asturias;Patatas;3576.336359163578;3576.0012968270335;3576.6714215001225;2287.041608172845;1677.9187905730862;2896.164425772604;0.8796032214706954;0.7755363757094207;0.98367006723197
2020-05-01 00:00:00;Asturias;Patatas;6188.657089497835;6188.320492162452;6188.993686833218;2287.041608172845;1677.9185944048713;2896.1646219408185;0.9296006193161123;0.8113836321149281;1.0478176065172964
2020-06-01 00:00:00;Asturias;Patatas;8890.572561759778;8890.235810494876;8890.90931302468;2287.041608172845;1677.9183982367197;2896.1648181089704;0.9196011396930168;0.7887554147374459;1.0504468646485876
2020-02-01 00:00:00;Baleares;Patatas;2412.16;2412.16;2412.16;2595.27;2595.27;2595.27;1.08;1.08;1.08
2020-03-01 00:00:00;Baleares;Patatas;1381.688539888194;1381.2075507793647;1382.1695289970235;2786.440810701315;1897.9484793768997;3674.9331420257304;1.0740016932590282;0.9693193491689498;1.1786840373491065
2020-04-01 00:00:00;Baleares;Patatas;757.1749004136468;756.5540468945456;757.795753932748;2740.2411782367762;1845.2486695958414;3635.233686877711;1.0440047903756873;0.9289684402405131;1.1590411405108616
2020-05-01 00:00:00;Baleares;Patatas;971.2458463478131;970.5471942185331;971.944498477093;2740.2411782367762;1837.6825694431163;3642.799787030436;1.0290063390724606;0.9044738913343598;1.1535387868105613
2020-06-01 00:00:00;Baleares;Patatas;646.7717318631604;646.0257449869956;647.5177187393252;2740.2411782367762;1830.179370395298;3650.3029860782544;0.9940099524365821;0.8606559152766101;1.127363989596554
2020-02-01 00:00:00;Canarias;Patatas;5300.63;5300.63;5300.63;5029.25;5029.25;5029.25;0.95;0.95;0.95
2020-03-01 00:00:00;Canarias;Patatas;-1495.2116382895356;-3033.930176743719;43.50690016464819;5058.733359561741;3740.2718320122312;6377.194887111251;0.9911089023541455;0.8903764473638476;1.0918413573444434
2020-04-01 00:00:00;Canarias;Patatas;-390.9754829005517;-2478.3453734781997;1696.3944076770965;5058.627500212581;3737.3062696298057;6379.948730795357;1.0161066649315493;0.9113811819402656;1.120832147922833
2020-05-01 00:00:00;Canarias;Patatas;-9946.904712084133;-12402.263345493597;-7491.546078674669;5058.627500212581;3737.306269275672;6379.94873114949;0.9911089023401268;0.8825371468687885;1.0996806578114653
2020-06-01 00:00:00;Canarias;Patatas;-9594.006349657297;-12320.438989375967;-6867.573709938626;5058.627500212581;3737.3062689215394;6379.948731503623;0.966111139877445;0.853824785477195;1.078397494277695
2020-02-01 00:00:00;Cantabria;Patatas;1395.11;1395.11;1395.11;1348.73;1348.73;1348.73;0.97;0.97;0.97
2020-03-01 00:00:00;Cantabria;Patatas;2919.6621495184995;2919.180751409676;2920.143547627323;1318.84136699985;727.7316036039787;1909.951130395721;0.9718564627936092;0.8400252701096165;1.1036876554776018
2020-04-01 00:00:00;Cantabria;Patatas;-58.26664121752128;-58.93092622567136;-57.60235620937121;1294.0070896381735;702.0702078643324;1885.9439714120147;0.9727927068339651;0.7863253449766532;1.159260068691277
2020-05-01 00:00:00;Cantabria;Patatas;1443.9458844736298;1443.1517052865725;1444.7400636606872;1294.0070896381735;692.7147354395294;1895.2994438368178;0.9751333169338138;0.7467461660002128;1.2035204678674147
2020-06-01 00:00:00;Cantabria;Patatas;1338.6307423924243;1337.7351937629132;1339.5262910219353;1294.0070896381735;683.5026110048412;1904.511568271506;0.9734948898633641;0.7097690769721927;1.2372207027545354
2020-02-01 00:00:00;Castilla la mancha;Patatas;3806.07;3806.07;3806.07;3755.71;3755.71;3755.71;0.99;0.99;0.99
2020-03-01 00:00:00;Castilla la mancha;Patatas;2632.493464840623;2632.204532381177;2632.7823973000686;3986.2927458291983;3228.9240358604497;4743.6614557979465;0.9295213012464949;0.8596319130841343;0.9994106894088555
2020-04-01 00:00:00;Castilla la mancha;Patatas;3446.493842215221;3446.173605305209;3446.8140791252326;4003.8532976799333;3224.7787946200674;4782.927800739799;0.9395025176606617;0.8536972201123211;1.0253078152090023
2020-05-01 00:00:00;Castilla la mancha;Patatas;3874.886691390692;3874.559723875119;3875.2136589062648;4003.8532976799333;3212.8873671321358;4794.8192282277305;0.8995776521527239;0.8003779969268728;0.998777307378575
2020-06-01 00:00:00;Castilla la mancha;Patatas;4006.7853489106155;4006.4568632773594;4007.1138345438717;4003.8532976799333;3201.172087449677;4806.53450791019;0.9245306930585259;0.8135415309457493;1.0355198551713023
2020-02-01 00:00:00;Castilla leon;Patatas;3874.57;3874.57;3874.57;3593.7;3593.7;3593.7;0.93;0.93;0.93
2020-03-01 00:00:00;Castilla leon;Patatas;292.07454291215095;291.7482271083988;292.4008587159031;3949.8533368422363;3017.415871137684;4882.290802546789;0.8980022638589772;0.8377149436634009;0.9582895840545534
2020-04-01 00:00:00;Castilla leon;Patatas;1121.1313337703593;1120.769382104791;1121.4932854359276;4014.7226667788564;2837.0062791498895;5192.439054407823;0.9229956868637595;0.8627083532674247;0.9832830204600944
2020-05-01 00:00:00;Castilla leon;Patatas;2830.0368616003248;2829.6671880355225;2830.406535165127;4014.7226667788564;2837.0000031574496;5192.445330400264;0.8830062101422324;0.8227188631460206;0.9432935571384441
2020-06-01 00:00:00;Castilla leon;Patatas;-561.9380364707833;-562.3094659466005;-561.5666069949662;4014.7226667788564;2836.9937271984545;5192.451606359258;0.9030009484905177;0.8427135880944321;0.9632883088866033
2020-02-01 00:00:00;Cataluña;Patatas;20132.05;20132.05;20132.05;19982.76;19982.76;19982.76;0.99;0.99;0.99
2020-03-01 00:00:00;Cataluña;Patatas;21442.37337819579;18265.69515985616;24619.051596535417;18810.16966069742;16321.721647238159;21298.617674156678;0.9960951346483503;0.947244491429613;1.0449457778670876
2020-04-01 00:00:00;Cataluña;Patatas;22915.864761347937;18273.017786322052;27558.71173637382;19015.85198013835;16478.14917486561;21553.554785411092;1.0110415867434073;0.9561968176512029;1.0658863558356118
2020-05-01 00:00:00;Cataluña;Patatas;24439.301395886774;18558.72632559277;30319.87646618078;19015.85198013835;16346.187801578351;21685.516158698352;1.0259880388383589;0.9657426070561207;1.0862334706205972
2020-06-01 00:00:00;Cataluña;Patatas;26084.042496814436;19057.018616518933;33111.066377109935;19015.85198013835;16220.448945747112;21811.25501452959;1.0160237374289798;0.9508234659228011;1.0812240089351586
2020-02-01 00:00:00;Extremadura;Patatas;1842.81;1842.81;1842.81;1659.61;1659.61;1659.61;0.9;0.9;0.9
2020-03-01 00:00:00;Extremadura;Patatas;3397.525620576927;3397.0456173393695;3398.0056238144844;2163.8097691335392;1422.8497871114305;2904.769751155648;0.9152199228568909;0.829979785267289;1.0004600604464928
2020-04-01 00:00:00;Extremadura;Patatas;443.7833236098586;443.02978632622046;444.53686089349674;2179.8719760402937;1415.2562912807905;2944.4876607997967;0.9501327571763988;0.8541105679517839;1.0461549464010136
2020-05-01 00:00:00;Extremadura;Patatas;2730.950277165965;2729.919768305685;2731.980786026245;2179.8719760402937;1396.3996108560382;2963.344341224549;0.9551203049480108;0.8494101323518986;1.060830477544123
2020-06-01 00:00:00;Extremadura;Patatas;845.9625617036604;844.6263055490668;847.298817858254;2179.8719760402937;1377.9862306659425;2981.757721414645;0.9202074706216301;0.805625533314252;1.0347894079290083
2020-02-01 00:00:00;Galicia;Patatas;6339.73;6339.73;6339.73;6267.65;6267.65;6267.65;0.99;0.99;0.99
2020-03-01 00:00:00;Galicia;Patatas;78656.78772597421;78384.67064619952;78928.9048057489;6646.787749342126;3609.9459689906603;9683.629529693591;0.9599960833935091;0.8012373109671899;1.1187548558198284
2020-04-01 00:00:00;Galicia;Patatas;-174724.67930420412;-175853.9978273214;-173595.36078108684;6686.017629634894;3531.829834736212;9840.205424533575;0.9400005196594309;0.781241666041183;1.0987593732776788
2020-05-01 00:00:00;Galicia;Patatas;814565.5449286588;810008.6983858382;819122.3914714793;6686.017629634894;3524.0660228732554;9847.969236396531;0.8400227032662;0.6812637684721179;0.9987816380602821
2020-06-01 00:00:00;Galicia;Patatas;-3213826.223762124;-3232182.48994157;-3195469.9575826777;6686.017629634894;3516.3212275299215;9855.714031739866;0.9200049566449072;0.7612459406750327;1.0787639726147817
2020-02-01 00:00:00;La rioja;Patatas;419.44;419.44;419.44;391.21;391.21;391.21;0.93;0.93;0.93
2020-03-01 00:00:00;La rioja;Patatas;390.4729853860391;390.39544745188647;390.55052332019176;478.0731972608195;199.11944679916445;757.0269477224745;1.0211880929801074;0.9012549193487045;1.1411212666115103
2020-04-01 00:00:00;La rioja;Patatas;418.1956910809721;418.11764619774726;418.27373596419693;459.46887157069386;173.10326827132474;745.834474870063;1.0361875207116433;0.9162169631902901;1.1561580782329965
2020-05-01 00:00:00;La rioja;Patatas;417.6666299584575;417.58857844649856;417.7446814704165;459.46887157069386;173.10305416693615;745.8346889744516;1.0061886648167226;0.8861807350524802;1.126196594580965
2020-06-01 00:00:00;La rioja;Patatas;373.23664525362443;373.1585936547075;373.3146968525414;459.46887157069386;173.10284006270763;745.8349030786801;0.9961890455832616;0.8761437552107761;1.1162343359557472
2020-02-01 00:00:00;Madrid;Patatas;13866.06;13866.06;13866.06;13081.7;13081.7;13081.7;0.94;0.94;0.94
2020-03-01 00:00:00;Madrid;Patatas;-23576.821838061886;-25026.424334080697;-22127.219342043074;12923.042008402546;11328.378030480753;14517.70598632434;0.957042510051898;0.9000397342595742;1.0140452858442217
2020-04-01 00:00:00;Madrid;Patatas;-22049.433551016547;-23528.772926428395;-20570.0941756047;12924.50595961379;11214.892512813072;14634.11940641451;0.9570425100545359;0.890239260503301;1.0238457596057708
2020-05-01 00:00:00;Madrid;Patatas;-18994.135885143303;-20474.694917314107;-17513.5768529725;12924.50595961379;11104.08145596404;14744.930463263541;0.9768816202131174;0.901542176008083;1.052221064418152
2020-06-01 00:00:00;Madrid;Patatas;-30997.70903562308;-32478.318598990743;-29517.099472255417;12924.50595961379;10999.639052657612;14849.37286656997;0.9818413977485485;0.8988390510609852;1.0648437444361118
2020-02-01 00:00:00;Murcia;Patatas;2913.89;2913.89;2913.89;2714.73;2714.73;2714.73;0.93;0.93;0.93
2020-03-01 00:00:00;Murcia;Patatas;-15224.913812070143;-15225.737967768959;-15224.089656371327;2772.8259261608987;2228.369244968915;3317.282607352882;0.9309810277437668;0.8447898348456488;1.0171722206418847
2020-04-01 00:00:00;Murcia;Patatas;-21925.170163835228;-21926.237584765735;-21924.10274290472;2793.6490409178878;2223.6889230567676;3363.609158779008;0.9309786186111468;0.82039937535419;1.0415578618681036
2020-05-01 00:00:00;Murcia;Patatas;-20486.861484611458;-20488.066111153243;-20485.656858069673;2793.6490409178878;2223.688919406911;3363.6091624288647;0.931000351943726;0.8005142747348457;1.0614864291526063
2020-06-01 00:00:00;Murcia;Patatas;-28937.780561323554;-28939.069869612853;-28936.491253034255;2793.6490409178878;2223.688915757055;3363.6091660787206;0.9310027692752704;0.7832683330342826;1.078737205516258
2020-02-01 00:00:00;Navarra;Patatas;1167.8;1167.8;1167.8;1166.33;1166.33;1166.33;1.0;1.0;1.0
2020-03-01 00:00:00;Navarra;Patatas;1405.6921310152397;1405.3938157463533;1405.9904462841262;1262.8526082948251;304.54498085081843;2221.160235738832;0.9912709741446247;0.9174672247826042;1.0650747235066451
2020-04-01 00:00:00;Navarra;Patatas;-1017.7776001705338;-1018.2399200638921;-1017.3152802771755;1263.6803934633585;304.9819984500315;2222.3787884766857;1.0062396728756215;0.923276058656975;1.089203287094268
2020-05-01 00:00:00;Navarra;Patatas;-1917.826554447597;-1918.449939692652;-1917.2031692025419;1263.6803934633585;304.95622856322575;2222.4045583634916;1.006239672901068;0.9150315090760504;1.0974478367260858
2020-06-01 00:00:00;Navarra;Patatas;-3860.307123037129;-3861.103200071312;-3859.5110460029455;1263.6803934633585;304.93045936907924;2222.4303275576376;0.9513544438699792;0.8525875617057532;1.0501213260342053
2020-02-01 00:00:00;Pais vasco;Patatas;5570.95;5570.95;5570.95;5249.31;5249.31;5249.31;0.94;0.94;0.94
2020-03-01 00:00:00;Pais vasco;Patatas;-12241.163842136335;-12243.364190521168;-12238.963493751502;5090.722577857461;4326.494183163502;5854.95097255142;0.9660362057173199;0.8730219676097943;1.0590504438248454
2020-04-01 00:00:00;Pais vasco;Patatas;-22163.886993698456;-22166.8875937098;-22160.886393687113;5126.2785245405985;4360.896286232753;5891.660762848444;0.9660362058265992;0.8655690465464794;1.066503365106719
2020-05-01 00:00:00;Pais vasco;Patatas;-25123.033988914776;-25126.581038347413;-25119.48693948214;5126.2785245405985;4337.903360514196;5914.653688567001;1.0059978260511095;0.8985936748453239;1.113401977256895
2020-06-01 00:00:00;Pais vasco;Patatas;-29662.49123897365;-29666.448180350482;-29658.534297596816;5126.2785245405985;4315.562280846057;5936.99476823514;0.9860170159345156;0.87209751234249;1.0999365195265411
2020-02-01 00:00:00;Valencia;Patatas;11850.59;11850.59;11850.59;12099.36;12099.36;12099.36;1.02;1.02;1.02
2020-03-01 00:00:00;Valencia;Patatas;12954.630001737316;11396.696926760897;14512.563076713735;11386.000820007153;10113.32461196699;12658.677028047317;0.9937342569271642;0.9514255110277018;1.0360430028266268
2020-04-01 00:00:00;Valencia;Patatas;14174.292142835347;11867.09991770361;16481.484367967085;11603.742917139225;10223.917515700678;12983.568318577773;0.9887348334794419;0.9315220273806567;1.045947639578227
2020-05-01 00:00:00;Valencia;Patatas;15492.735453452788;12529.882284331745;18455.588622573832;11603.742917139225;10025.804720514425;13181.681113764025;0.9737365631248833;0.9047685967650744;1.0427045294846924
2020-06-01 00:00:00;Valencia;Patatas;16944.25074813482;13352.41366980681;20536.087826462826;11603.742917139225;9849.929994880978;13357.555839397472;0.9937342569197345;0.914741500378908;1.072727013460561
2020-02-01 00:00:00;Nacional;Patatas frescas;77091.23;77091.23;77091.23;69748.38;69748.38;69748.38;0.9;0.9;0.9
2020-03-01 00:00:00;Nacional;Patatas frescas;74319.78744629957;64513.94972545982;84125.62516713931;66987.53461129175;57899.65431420629;76075.4149083772;0.9;0.8367300652468449;0.9632699347531551
2020-04-01 00:00:00;Nacional;Patatas frescas;75610.38247235704;64707.75907901584;86513.00586569824;65832.18641885833;56623.85298056298;75040.51985715367;0.9;0.8105228001816271;0.9894771998183729
2020-05-01 00:00:00;Nacional;Patatas frescas;74817.96617116846;61675.210504296;87960.72183804092;84086.55164652741;74810.99722752513;93362.10606552969;0.9;0.7904132584159674;1.0095867415840325
2020-06-01 00:00:00;Nacional;Patatas frescas;75093.9440981264;60642.94970582698;89544.93849042583;67672.9432183175;55536.66073167083;79809.22570496415;0.9;0.7734601304936898;1.0265398695063104
2020-07-01 00:00:00;Nacional;Patatas frescas;74822.16010461525;58902.087333164214;90742.23287606628;76506.73607814977;64244.655178453264;88768.81697784628;0.9;0.7585241249599688;1.0414758750400313
2020-08-01 00:00:00;Nacional;Patatas frescas;74831.43797455645;57701.25247039556;91961.62347871735;79339.15470555777;66928.36485499016;91749.94455612538;0.9;0.7450209437955856;1.0549790562044143
2020-09-01 00:00:00;Nacional;Patatas frescas;74696.72640011128;56376.47773037187;93016.97506985068;69145.8832634821;54974.49226117476;83317.27426578944;0.9;0.7326034871758687;1.0673965128241314
2020-10-01 00:00:00;Nacional;Patatas frescas;74636.00705933319;55231.25783089505;94040.75628777134;71827.7295197267;57513.1943435022;86142.26469595119;0.9;0.7210456003632544;1.0789543996367457
2020-11-01 00:00:00;Nacional;Patatas frescas;74537.49080757632;54093.30143576366;94981.68017938899;75155.07006715343;60626.369613715215;89683.77052059164;0.9;0.7101901957405345;1.0898098042594655
2020-02-01 00:00:00;Andalucia;Patatas frescas;14563.76;14563.76;14563.76;12368.04;12368.04;12368.04;0.85;0.85;0.85
2020-03-01 00:00:00;Andalucia;Patatas frescas;14304.427596745012;11973.79733647107;16635.057857018954;14551.892658522002;12995.366480891837;16108.418836152166;0.85;0.7715506431941138;0.9284493568058861
2020-04-01 00:00:00;Andalucia;Patatas frescas;14423.166031706736;11826.070871373748;17020.261192039725;13584.893808898969;11674.732087573933;15495.055530224005;0.85;0.7390558556456698;0.9609441443543302
2020-05-01 00:00:00;Andalucia;Patatas frescas;14349.951149874989;11220.484943824911;17479.417355925067;14439.676319600856;12522.623599366083;16356.729039835629;0.85;0.7141217281911059;0.9858782718088941
2020-06-01 00:00:00;Andalucia;Patatas frescas;14374.206015335662;10929.359465565925;17819.052565105398;14530.74343674848;12410.336148716338;16651.150724780622;0.85;0.6931012863882278;1.0068987136117722
2020-02-01 00:00:00;Aragon;Patatas frescas;1894.17;1894.17;1894.17;1652.71;1652.71;1652.71;0.87;0.87;0.87
2020-03-01 00:00:00;Aragon;Patatas frescas;1869.265156544186;1240.9089638615626;2497.62134922681;1445.9974648165207;1207.1496093466385;1684.845320286403;0.87;0.7565501039363104;0.9834498960636896
2020-04-01 00:00:00;Aragon;Patatas frescas;1863.789975338494;1155.013452608504;2572.566498068484;1810.3448598131272;1556.0935004785852;2064.596219147669;0.87;0.7095576183369121;1.0304423816630879
2020-05-01 00:00:00;Aragon;Patatas frescas;1849.2534880509784;1001.1172905016103;2697.3896856003466;1835.6223395708473;1574.8902804603276;2096.354398681367;0.87;0.6734990159042812;1.0665009840957187
2020-06-01 00:00:00;Aragon;Patatas frescas;1839.0997077537363;902.7028121144579;2775.496603393015;1881.5940607049915;1520.6287847909775;2242.5593366190055;0.87;0.6431002078726208;1.0968997921273793
2020-02-01 00:00:00;Asturias;Patatas frescas;2488.8;2488.8;2488.8;1995.11;1995.11;1995.11;0.8;0.8;0.8
2020-03-01 00:00:00;Asturias;Patatas frescas;2161.131642138595;1316.1032880266162;3006.159996250574;1677.2377842123735;635.0191183187894;2719.4564501059576;0.8;0.6764917383300868;0.9235082616699133
2020-04-01 00:00:00;Asturias;Patatas frescas;2281.677886840059;1301.9239057005686;3261.4318679795488;1344.519276067901;200.7137140237187;2488.3248381120834;0.8;0.6253329412812837;0.9746670587187164
2020-05-01 00:00:00;Asturias;Patatas frescas;2218.959655075707;1051.3755738624118;3386.543736289002;1870.6623177766842;706.1663526464347;3035.158282906934;0.8;0.5860774156331987;1.0139225843668014
2020-06-01 00:00:00;Asturias;Patatas frescas;2231.2541698903797;929.9498541602377;3532.5584856205214;1591.4287556101253;380.6669752190094;2802.1905360012415;0.8;0.5529834766601737;1.0470165233398263
2020-02-01 00:00:00;Baleares;Patatas frescas;1504.53;1504.53;1504.53;1506.96;1506.96;1506.96;1.0;1.0;1.0
2020-03-01 00:00:00;Baleares;Patatas frescas;1554.5826030658313;719.3326435073185;2389.832562624344;1028.4399399724362;160.36312617497663;1896.5167537698958;1.0;0.8902264626981546;1.1097735373018454
2020-04-01 00:00:00;Baleares;Patatas frescas;1489.6527074325322;594.211981290622;2385.0934335744423;1554.9211013434565;633.3135324638927;2476.5286702230205;1.0;0.8447567747580615;1.1552432252419385
2020-05-01 00:00:00;Baleares;Patatas frescas;1494.1355352995072;406.0154782308382;2582.255592368176;1135.5907803082155;167.25487785125927;2103.926682765172;1.0;0.8098666560666465;1.1901333439333535
2020-06-01 00:00:00;Baleares;Patatas frescas;1457.5047633204576;287.6543052194004;2627.355221421515;1275.573166484818;42.15006193818044;2508.9962710314558;1.0;0.7804529253963094;1.2195470746036907
2020-02-01 00:00:00;Canarias;Patatas frescas;4086.39;4086.39;4086.39;3865.18;3865.18;3865.18;0.95;0.95;0.95
2020-03-01 00:00:00;Canarias;Patatas frescas;3627.9654025280206;2037.6548579320197;5218.2759471240215;4898.589545675925;2953.4509105099787;6843.728180841872;0.95;0.8382177580742376;1.0617822419257623
2020-04-01 00:00:00;Canarias;Patatas frescas;3778.4003020661585;1992.443341371665;5564.357262760652;3416.412615226173;1343.4703350570321;5489.354895395314;0.95;0.7919160374361165;1.1080839625638834
2020-05-01 00:00:00;Canarias;Patatas frescas;3639.408513174386;1507.483688768295;5771.333337580477;5171.253570447834;3085.890658454877;7256.6164824407915;0.95;0.7563874776006236;1.1436125223993763
2020-06-01 00:00:00;Canarias;Patatas frescas;3639.215403605923;1293.7849598530288;5984.645847358817;3539.766233309624;1372.8360743283806;5706.696392290867;0.95;0.7264355161484752;1.1735644838515247
2020-02-01 00:00:00;Cantabria;Patatas frescas;1102.53;1102.53;1102.53;990.29;990.29;990.29;0.9;0.9;0.9
2020-03-01 00:00:00;Cantabria;Patatas frescas;796.9523095212307;-84.0212112864433;1677.9258303289048;1415.2090424911714;556.8739813941417;2273.5441035882013;0.9;0.7316103089799827;1.0683896910200175
2020-04-01 00:00:00;Cantabria;Patatas frescas;893.0960310916266;-103.31639877545581;1889.508460958709;1074.455418846875;215.12228952300484;1933.7885481707453;0.9;0.6618610151956765;1.1381389848043235
2020-05-01 00:00:00;Cantabria;Patatas frescas;813.0929122731359;-362.11758862097463;1988.3034131672464;843.8302439366216;-22.136783988839852;1709.797271862083;0.9;0.6083404996825053;1.1916595003174948
2020-06-01 00:00:00;Cantabria;Patatas frescas;811.9728583744306;-476.6294723634833;2100.5751891123446;1152.2370696620044;178.9122287939814;2125.5619105300275;0.9;0.5632206179599653;1.2367793820400348
2020-02-01 00:00:00;Castilla la mancha;Patatas frescas;2485.19;2485.19;2485.19;2281.76;2281.76;2281.76;0.92;0.92;0.92
2020-03-01 00:00:00;Castilla la mancha;Patatas frescas;2557.756718517192;1845.0555054086121;3270.457931625772;2509.4796402154666;1728.2765755241385;3290.6827049067947;0.92;0.8120298789732404;1.0279701210267596
2020-04-01 00:00:00;Castilla la mancha;Patatas frescas;2481.910219045694;1717.8890890521384;3245.931349039249;2617.4138932100186;1792.9178696983568;3441.9099167216805;0.92;0.7673071905128921;1.072692809487108
2020-05-01 00:00:00;Castilla la mancha;Patatas frescas;2496.235932939907;1563.6571304802078;3428.814735399606;2994.2176586269543;2131.518882512269;3856.9164347416395;0.92;0.7329902646822917;1.1070097353177084
2020-06-01 00:00:00;Castilla la mancha;Patatas frescas;2456.1753207217257;1452.1217023641125;3460.228939079339;2656.044780680174;1608.0840601838506;3704.005501176497;0.92;0.7040597579464809;1.1359402420535192
2020-02-01 00:00:00;Castilla leon;Patatas frescas;2706.66;2706.66;2706.66;2366.16;2366.16;2366.16;0.87;0.87;0.87
2020-03-01 00:00:00;Castilla leon;Patatas frescas;2714.0792378815086;1639.0992877652182;3789.059187997799;2584.5981781942032;1743.842199753028;3425.354156635379;0.87;0.7445214790501911;0.9954785209498089
2020-04-01 00:00:00;Castilla leon;Patatas frescas;2680.7860787510376;1269.0159615019252;4092.55619600015;2808.2058260838794;1965.7645685959653;3650.6470835717937;0.87;0.6925465738862636;1.0474534261137365
2020-05-01 00:00:00;Castilla leon;Patatas frescas;2653.457597234059;965.0205608294302;4341.894633638688;3141.345435618498;2258.575945335014;4024.114925901982;0.87;0.6526648264563351;1.087335173543665
2020-06-01 00:00:00;Castilla leon;Patatas frescas;2625.638270545993;705.867911421537;4545.408629670448;3001.4224084797847;1962.6594475056286;4040.185369453941;0.87;0.619042958100382;1.120957041899618
2020-02-01 00:00:00;Cataluña;Patatas frescas;14234.3;14234.3;14234.3;13210.09;13210.09;13210.09;0.93;0.93;0.93
2020-03-01 00:00:00;Cataluña;Patatas frescas;13392.424255170466;11472.92908084913;15311.919429491803;12593.82234065522;10766.99455785685;14420.650123453592;0.93;0.8759464605805557;0.9840535394194444
2020-04-01 00:00:00;Cataluña;Patatas frescas;13951.294314481285;11907.411865610848;15995.176763351723;11321.96411926714;9492.855284700438;13151.072953833844;0.93;0.8535567514587531;1.006443248541247
2020-05-01 00:00:00;Cataluña;Patatas frescas;13620.324187218997;11098.294023576853;16142.354350861142;14019.696578400977;12165.247230575842;15874.145926226112;0.93;0.8363765233965953;1.0236234766034047
2020-06-01 00:00:00;Cataluña;Patatas frescas;13854.67762828708;11146.389763514999;16562.96549305916;11859.339045857374;9757.044950215426;13961.633141499322;0.93;0.8218929211611113;1.0381070788388889
2020-02-01 00:00:00;Extremadura;Patatas frescas;1321.94;1321.94;1321.94;1080.57;1080.57;1080.57;0.82;0.82;0.82
2020-03-01 00:00:00;Extremadura;Patatas frescas;1397.6074193010327;459.27590052142443;2335.938938080641;1966.986086728576;1027.333841529588;2906.638331927564;0.82;0.702411840160427;0.9375881598395729
2020-04-01 00:00:00;Extremadura;Patatas frescas;1338.8641005943784;215.3308134160311;2462.397387772726;1863.6508279981263;919.8289504024558;2807.4727055937965;0.82;0.6537052295803806;0.9862947704196193
2020-05-01 00:00:00;Extremadura;Patatas frescas;1324.1301620539748;-1.73456850980142;2649.9948926177512;1831.5870097517623;844.6217368611797;2818.552282642345;0.82;0.6163313327893294;1.0236686672106705
2020-06-01 00:00:00;Extremadura;Patatas frescas;1295.8320473139145;-184.87506978382817;2776.539164411657;1625.6984650892068;639.6556243832953;2611.7413057951185;0.82;0.584823680320854;1.055176319679146
2020-02-01 00:00:00;Galicia;Patatas frescas;4937.02;4937.02;4937.02;4769.51;4769.51;4769.51;0.97;0.97;0.97
2020-03-01 00:00:00;Galicia;Patatas frescas;4768.662189179602;1502.7201478884863;8034.604230470718;3943.2962240332563;-713.5817454919743;8600.174193558487;0.97;0.7509667779014081;1.1890332220985917
2020-04-01 00:00:00;Galicia;Patatas frescas;4688.216214428436;890.7762560999299;8485.656172756942;4846.953447825871;-59.85331484875951;9753.760210500503;0.97;0.6602402466978932;1.2797597533021068
2020-05-01 00:00:00;Galicia;Patatas frescas;4577.091848812055;95.81384890902245;9058.369848715087;7810.995236030095;2683.3224870823924;12938.667984977797;0.97;0.5906233307797206;1.3493766692202793
2020-06-01 00:00:00;Galicia;Patatas frescas;4480.872078383407;-485.68175962993337;9447.425916396747;5158.989091154078;-120.82797669589672;10438.806159004052;0.97;0.5319335558028162;1.4080664441971837
2020-02-01 00:00:00;La rioja;Patatas frescas;296.54;296.54;296.54;254.91;254.91;254.91;0.86;0.86;0.86
2020-03-01 00:00:00;La rioja;Patatas frescas;306.7828801888455;-2.5867219259423564;616.1524823036334;233.5081421605221;-145.55256664958213;612.5688509706264;0.86;0.6411019290587469;1.078898070941253
2020-04-01 00:00:00;La rioja;Patatas frescas;282.218758522598;-55.851441523150584;620.2889585683466;515.1432997234176;130.54090745304944;899.7456919937858;0.86;0.5504313792975719;1.169568620702428
2020-05-01 00:00:00;La rioja;Patatas frescas;276.47429204314676;-123.35102473258593;676.2996088188795;299.007323345337;-89.68449859218947;687.6991452828635;0.86;0.48085741945093313;1.2391425805490668
2020-06-01 00:00:00;La rioja;Patatas frescas;261.7627202865855;-169.50513597260903;693.0305765457799;231.09985247746965;-177.49587934529836;639.6955843002377;0.86;0.4222038581174937;1.2977961418825061
2020-02-01 00:00:00;Madrid;Patatas frescas;9465.08;9465.08;9465.08;8636.74;8636.74;8636.74;0.91;0.91;0.91
2020-03-01 00:00:00;Madrid;Patatas frescas;9258.53653063158;7586.617728308359;10930.4553329548;7844.163699505373;6396.711953326229;9291.615445684518;0.91;0.829290793896382;0.990709206103618
2020-04-01 00:00:00;Madrid;Patatas frescas;9255.76963237435;7196.320557570025;11315.218707178674;8140.130011466425;6655.072948794834;9625.187074138015;0.91;0.7958599461198981;1.024140053880102
2020-05-01 00:00:00;Madrid;Patatas frescas;9197.115506001566;6749.022298041997;11645.208713961136;9313.58677234117;7823.606767727837;10803.566776954503;0.91;0.7702075543899856;1.0497924456100145
2020-06-01 00:00:00;Madrid;Patatas frescas;9154.17023885292;6390.780822145945;11917.559655559893;8075.348994521341;6240.711857239312;9909.98613180337;0.91;0.748581587792764;1.071418412207236
2020-02-01 00:00:00;Murcia;Patatas frescas;2061.39;2061.39;2061.39;1699.79;1699.79;1699.79;0.82;0.82;0.82
2020-03-01 00:00:00;Murcia;Patatas frescas;2030.7950235199448;1314.683672951744;2746.9063740881456;1661.130436097426;1156.37888997174;2165.8819822231117;0.82;0.7172532338986869;0.922746766101313
2020-04-01 00:00:00;Murcia;Patatas frescas;2021.1122646789263;1239.3325542268649;2802.8919751309877;1628.978467954538;1098.4543421901935;2159.5025937188825;0.82;0.6746941298895468;0.9653058701104531
2020-05-01 00:00:00;Murcia;Patatas frescas;2000.0749952895965;1055.2934825698312;2944.8565080093617;1621.2775049260056;1079.58137133876;2162.973638513251;0.82;0.6420373807991301;0.9979626192008698
2020-06-01 00:00:00;Murcia;Patatas frescas;1985.545630965051;957.8049624146784;3013.2862995154237;1811.8836285921573;1177.2960351349602;2446.4712220493543;0.82;0.6145064677973738;1.025493532202626
2020-02-01 00:00:00;Navarra;Patatas frescas;964.47;964.47;964.47;871.88;871.88;871.88;0.9;0.9;0.9
2020-03-01 00:00:00;Navarra;Patatas frescas;839.0859460526424;-284.047285215353;1962.2191773206378;1065.4768832442683;-0.9175294180427045;2131.8712959065792;0.9;0.7604561107093861;1.039543889290614
2020-04-01 00:00:00;Navarra;Patatas frescas;836.888490761273;-366.0794447566743;2039.8564262792204;994.210904276342;-129.58698328380592;2118.0087918364898;0.9;0.7026551392189241;1.097344860781076
2020-05-01 00:00:00;Navarra;Patatas frescas;769.1014725778423;-656.5044584601876;2194.707403615872;906.9977923574786;-216.90306734814385;2030.898652063101;0.9;0.6583028938628901;1.14169710613711
2020-06-01 00:00:00;Navarra;Patatas frescas;741.9191225165097;-776.8006685769614;2260.6389136099806;894.9195707116153;-294.21285181095345;2084.051993234184;0.9;0.6209122214187721;1.179087778581228
2020-02-01 00:00:00;Pais vasco;Patatas frescas;4608.67;4608.67;4608.67;4121.7;4121.7;4121.7;0.89;0.89;0.89
2020-03-01 00:00:00;Pais vasco;Patatas frescas;4443.938455152719;3556.9311378075413;5330.9457724978965;3687.4905223502565;2761.8774026520828;4613.103642048431;0.89;0.779642185486815;1.000357814513185
2020-04-01 00:00:00;Pais vasco;Patatas frescas;4556.134432288192;3559.513616267829;5552.755248308556;4496.552552839849;3464.682154895998;5528.422950783701;0.89;0.7339304820015993;1.0460695179984008
2020-05-01 00:00:00;Pais vasco;Patatas frescas;4532.127167820453;3330.381961589317;5733.872374051589;4462.5697566059725;3411.6547631270987;5513.484750084846;0.89;0.6988546582509014;1.0811453417490986
2020-06-01 00:00:00;Pais vasco;Patatas frescas;4575.325177327522;3245.783790238399;5904.866564416646;4218.494153973855;3168.2613208296516;5268.726987118058;0.89;0.6692843709736299;1.1107156290263702
2020-02-01 00:00:00;Valencia;Patatas frescas;8369.79;8369.79;8369.79;8076.97;8076.97;8076.97;0.97;0.97;0.97
2020-03-01 00:00:00;Valencia;Patatas frescas;8100.157123446908;6742.877102240578;9457.437144653239;8039.644691330464;6453.5700624682595;9625.71932019267;0.97;0.89499977384356;1.04500022615644
2020-04-01 00:00:00;Valencia;Patatas frescas;8145.125080399575;6443.4624446846665;9846.787716114484;7230.871212645537;5309.780564536708;9151.961860754365;0.97;0.8639336629885133;1.0760663370114867
2020-05-01 00:00:00;Valencia;Patatas frescas;8114.062491570778;6085.819467701209;10142.305515440346;9594.212951801805;7544.212613537734;11644.213290065876;0.97;0.8400957977178898;1.0999042022821102
2020-06-01 00:00:00;Valencia;Patatas frescas;8101.424548508254;5802.48633804778;10400.362758968728;7737.0353333053845;5200.957948460455;10273.112718150314;0.97;0.81999954768712;1.12000045231288
2020-02-01 00:00:00;Nacional;Patatas congeladas;3482.97;3482.97;3482.97;4581.69;4581.69;4581.69;1.32;1.32;1.32
2020-03-01 00:00:00;Nacional;Patatas congeladas;3631.2367292927993;3082.3415555962547;4180.131902989344;4702.288745349999;3970.397187715585;5434.180302984412;1.3138939474129874;1.2848212099469907;1.342966684878984
2020-04-01 00:00:00;Nacional;Patatas congeladas;3618.5196761268307;3002.296111843634;4234.743240410027;4639.053203985604;3802.674581283318;5475.431826687891;1.3120913820432145;1.282085060907359;1.34209770317907
2020-05-01 00:00:00;Nacional;Patatas congeladas;3605.8471596995228;2929.3646691357717;4282.329650263274;4619.347884969859;3653.331959194412;5585.363810745305;1.3205936567455585;1.290234983646411;1.350952329844706
2020-06-01 00:00:00;Nacional;Patatas congeladas;3593.219024037548;2861.795081763054;4324.6429663120425;4589.593050209503;3518.8630525744684;5660.323047844538;1.3268344303656792;1.2961257372873325;1.3575431234440258
2020-02-01 00:00:00;Andalucia;Patatas congeladas;735.84;735.84;735.84;913.58;913.58;913.58;1.24;1.24;1.24
2020-03-01 00:00:00;Andalucia;Patatas congeladas;755.974606455317;568.0645084302976;943.8847044803365;1003.4468417045903;785.4105775394288;1221.4831058697519;1.228820950572343;1.18085381538394;1.276788085760746
2020-04-01 00:00:00;Andalucia;Patatas congeladas;749.581380075846;561.7255957474401;937.4371644042519;935.3553842283737;717.1175168551966;1153.593251601551;1.237696784618125;1.1833772300393253;1.2920163391969248
2020-05-01 00:00:00;Andalucia;Patatas congeladas;743.2422207816848;555.4398506931107;931.0445908702588;971.6688933393536;703.9126399837544;1239.425146694953;1.241451718236266;1.1870321006447677;1.2958713358277645
2020-06-01 00:00:00;Andalucia;Patatas congeladas;736.9566713311307;549.2068306757242;924.7065119865372;939.0526598112667;662.0199364905336;1216.0853831319998;1.2389578689316616;1.1844379525235305;1.2934777853397927
2020-02-01 00:00:00;Aragon;Patatas congeladas;64.1;64.1;64.1;78.91;78.91;78.91;1.23;1.23;1.23
2020-03-01 00:00:00;Aragon;Patatas congeladas;59.30258274892161;33.979642192610946;84.62552330523226;66.1520184451285;25.30800633813002;106.996030552127;1.394105582313108;1.1686064609458866;1.6196047036803296
2020-04-01 00:00:00;Aragon;Patatas congeladas;58.766647904725545;32.08347257446938;85.44982323498171;61.62238399218368;-15.769076627834643;139.013844612202;1.403126041408875;1.1743896480838272;1.631862434733923
2020-05-01 00:00:00;Aragon;Patatas congeladas;58.23555646100058;30.280958543154917;86.19015437884624;61.5826767807456;-51.597944947359125;174.7632985088503;1.3361659994305988;1.058085339788294;1.6142466590729034
2020-06-01 00:00:00;Aragon;Patatas congeladas;57.70926464651523;28.560039657887987;86.85848963514248;64.09299515008938;-84.03288647915555;212.21887677933432;1.314338613996784;0.9945304763468273;1.6341467516467407
2020-02-01 00:00:00;Asturias;Patatas congeladas;82.22;82.22;82.22;106.06;106.06;106.06;1.29;1.29;1.29
2020-03-01 00:00:00;Asturias;Patatas congeladas;70.36896652386918;37.629493600585064;103.10843944715329;90.86739361692476;45.36055803404575;136.37422919980378;1.1956051979036002;0.98593338798505;1.4052770078221504
2020-04-01 00:00:00;Asturias;Patatas congeladas;69.42051515441293;36.695039190333844;102.145991118492;93.69875254524926;42.38748936694986;145.01001572354866;1.0331413272030574;0.8147911222239883;1.2514915321821265
2020-05-01 00:00:00;Asturias;Patatas congeladas;68.48484726103513;35.77299924025103;101.19669528181922;89.12051624992591;28.8104697330485;149.43056276680332;1.1909849074433008;0.8901175439715019;1.4918522709150996
2020-06-01 00:00:00;Asturias;Patatas congeladas;67.56179054469557;34.86321103463112;100.26037005476002;87.71334669476505;21.512111132735598;153.91458225679452;1.34576182608288;1.030403273434789;1.6611203787309712
2020-02-01 00:00:00;Baleares;Patatas congeladas;67.9;67.9;67.9;108.76;108.76;108.76;1.6;1.6;1.6
2020-03-01 00:00:00;Baleares;Patatas congeladas;91.36909826302833;41.055617055728945;141.6825794703277;115.99699446902783;56.59506078819994;175.39892814985572;1.2753587654412868;1.1088864507484033;1.4418310801341703
2020-04-01 00:00:00;Baleares;Patatas congeladas;91.25673402061277;40.94557391169881;141.56789412952674;121.21898111478589;24.853025443515676;217.58493678605612;1.5324393198157173;1.3662501896363297;1.698628449995105
2020-05-01 00:00:00;Baleares;Patatas congeladas;91.14450796192905;40.83566335270618;141.45335257115192;126.09588884100762;-0.5705450810551724;252.76232276307042;1.3404341925568741;1.1581419313853072;1.522726453728441
2020-06-01 00:00:00;Baleares;Patatas congeladas;91.03241991704105;40.725885222067596;141.3389546120145;131.03140732817423;-22.186202499464798;284.24901715581325;1.362251107432562;1.1766788674635416;1.5478233474015826
2020-02-01 00:00:00;Canarias;Patatas congeladas;251.99;251.99;251.99;277.46;277.46;277.46;1.1;1.1;1.1
2020-03-01 00:00:00;Canarias;Patatas congeladas;264.5926642411635;160.18051459292124;369.0048138894058;274.17698082984543;85.88203337362631;462.47192828606455;1.0819591325269111;0.9645485888507904;1.199369676203032
2020-04-01 00:00:00;Canarias;Patatas congeladas;263.8258961427773;159.42483438883306;368.22695789672156;275.291438863962;73.00343276432994;477.5794449635941;1.1939448107593569;1.0251397987769446;1.3627498227417691
2020-05-01 00:00:00;Canarias;Patatas congeladas;263.06135007620134;158.67131321354015;367.4513869388625;276.9528558888438;71.52156460643349;482.3841471712542;1.2280172394768574;1.0590529731825684;1.3969815057711463
2020-06-01 00:00:00;Canarias;Patatas congeladas;262.2990196021675;157.91994497929156;366.6780942250434;278.6907359352933;71.40066570745748;485.98080616312905;1.0955631116234614;0.9264990371400098;1.264627186106913
2020-02-01 00:00:00;Cantabria;Patatas congeladas;42.6;42.6;42.6;68.44;68.44;68.44;1.61;1.61;1.61
2020-03-01 00:00:00;Cantabria;Patatas congeladas;62.023655154743054;10.63557315872557;113.41173715076053;70.96424139876437;-26.266477166810176;168.19495996433892;1.5573660563209542;1.3339606284593106;1.7807714841825977
2020-04-01 00:00:00;Cantabria;Patatas congeladas;62.804686440530304;11.387587867318587;114.22178501374202;74.53027204964252;-33.98514587878557;183.0456899780706;1.412648284422326;1.0959568834161437;1.7293396854285084
2020-05-01 00:00:00;Cantabria;Patatas congeladas;63.59555284273977;12.148719303221476;115.04238638225806;78.41990605257111;-34.91683543237586;191.75664753751806;1.4314809094012049;1.1142763482831848;1.748685470519225
2020-06-01 00:00:00;Cantabria;Patatas congeladas;64.3963782098226;12.919073949654916;115.87368246999029;82.53423608235316;-34.888676389048285;199.95714855375462;1.4478923304566669;1.1301625806599935;1.7656220802533402
2020-02-01 00:00:00;Castilla la mancha;Patatas congeladas;155.14;155.14;155.14;211.64;211.64;211.64;1.36;1.36;1.36
2020-03-01 00:00:00;Castilla la mancha;Patatas congeladas;211.18071445930917;127.08658429706884;295.2748446215495;219.42281534787196;59.80647000294033;379.0391606928036;1.2584597831082305;1.1396335523446857;1.3772860138717753
2020-04-01 00:00:00;Castilla la mancha;Patatas congeladas;209.46078009664558;125.39017042761822;293.53138976567294;216.53030347239863;53.831359516834084;379.2292474279632;1.263810213915562;1.1431992646301123;1.3844211632010117
2020-05-01 00:00:00;Castilla la mancha;Patatas congeladas;207.7548535197755;123.70738920764222;291.8023178319088;214.78019219153626;42.38865677352737;387.17172760954514;1.271227620989599;1.1505754939205317;1.3918797480586662
2020-06-01 00:00:00;Castilla la mancha;Patatas congeladas;206.06282064407625;122.03813243657389;290.0875088515786;212.92734983329825;32.17507960914213;393.6796200574544;1.2864937109878556;1.1658000872967822;1.407187334678929
2020-02-01 00:00:00;Castilla leon;Patatas congeladas;84.57;84.57;84.57;107.13;107.13;107.13;1.27;1.27;1.27
2020-03-01 00:00:00;Castilla leon;Patatas congeladas;80.63640317285804;55.89833233679645;105.37447400891963;104.07486658282805;58.96534846962365;149.18438469603245;1.4052284703034614;1.1808747589699076;1.6295821816370153
2020-04-01 00:00:00;Castilla leon;Patatas congeladas;79.38291665803398;54.081232982012665;104.68460033405529;103.61348899731891;27.49652066097788;179.73045733365996;1.3226270373060782;1.0457243531184304;1.599529721493726
2020-05-01 00:00:00;Castilla leon;Patatas congeladas;78.14891549202288;52.312734818461976;103.98509616558378;104.06549523989707;2.3992845827661995;205.73170589702795;1.3750784894355523;1.0963583641207375;1.6537986147503672
2020-06-01 00:00:00;Castilla leon;Patatas congeladas;76.93409677661732;50.590253247338865;103.27794030589578;104.84279408355576;-18.560645520324243;228.24623368743576;1.2765324332192982;0.9977093758553623;1.555355490583234
2020-02-01 00:00:00;Cataluña;Patatas congeladas;621.06;621.06;621.06;880.27;880.27;880.27;1.42;1.42;1.42
2020-03-01 00:00:00;Cataluña;Patatas congeladas;601.6607355826002;440.7165910493869;762.6048801158134;856.0386360361532;517.9019648391063;1194.1753072332;1.534717258339515;1.4215815751119092;1.6478529415671208
2020-04-01 00:00:00;Cataluña;Patatas congeladas;594.8113215620606;409.58127071619333;780.0413724079278;842.0281106942354;465.9019494113418;1218.154271977129;1.5006181215340457;1.3775128724989891;1.6237233705691023
2020-05-01 00:00:00;Cataluña;Patatas congeladas;588.039882502575;381.81913119812776;794.2606338070223;829.5454751918999;435.7936190743126;1223.2973313094872;1.5264503044529194;1.4033327156811048;1.649567893224734
2020-06-01 00:00:00;Cataluña;Patatas congeladas;581.3455307231632;356.49490022419525;806.1961612221311;817.42239313084;409.38106704903487;1225.4637192126452;1.5303672753895103;1.4072372396025277;1.653497311176493
2020-02-01 00:00:00;Extremadura;Patatas congeladas;104.35;104.35;104.35;113.42;113.42;113.42;1.09;1.09;1.09
2020-03-01 00:00:00;Extremadura;Patatas congeladas;94.55776180530962;30.785522581090937;158.33000102952832;128.04019673951393;56.98437473223797;199.0960187467899;1.0960932852233032;0.9606989319664538;1.2314876384801525
2020-04-01 00:00:00;Extremadura;Patatas congeladas;93.3244530645445;29.578750779765194;157.0701553493238;119.0316925238215;51.61541424506261;186.44797080258041;1.0814875375906434;0.912955593397767;1.2500194817835197
2020-05-01 00:00:00;Extremadura;Patatas congeladas;92.10723026343157;28.38738782020212;155.82707270666103;119.83022141848897;44.5037023398002;195.15674049717774;1.0718581806506873;0.9033265955861367;1.2403897657152378
2020-06-01 00:00:00;Extremadura;Patatas congeladas;90.90588359444583;27.21124091102132;154.60052627787033;116.62896583046867;39.09039788196101;194.16753377897635;1.074404138549729;0.9058729117297449;1.2429353653697128
2020-02-01 00:00:00;Galicia;Patatas congeladas;173.03;173.03;173.03;226.26;226.26;226.26;1.31;1.31;1.31
2020-03-01 00:00:00;Galicia;Patatas congeladas;162.6356798714993;108.55747016323426;216.71388957976433;238.50812205251637;141.69744666158462;335.31879744344815;1.1301341807800864;1.0020921673861498;1.258176194174023
2020-04-01 00:00:00;Galicia;Patatas congeladas;162.74992395387085;108.67023876545412;216.82960914228758;242.36306006591568;132.78252101077484;351.94359912105654;1.1994076132998623;1.0333181950220138;1.3654970315777109
2020-05-01 00:00:00;Galicia;Patatas congeladas;162.864248287454;108.78308558558365;216.94541098932433;244.37147617284813;131.59286440121113;357.1500879444851;1.1965713868573196;1.030306829498154;1.362835944216485
2020-06-01 00:00:00;Galicia;Patatas congeladas;162.9786529286215;108.89601067724817;217.06129517999483;245.9791675248488;132.03665446011541;359.9216805895822;1.1921717669397454;1.0257328297763704;1.3586107041031203
2020-02-01 00:00:00;La rioja;Patatas congeladas;22.38;22.38;22.38;25.78;25.78;25.78;1.15;1.15;1.15
2020-03-01 00:00:00;La rioja;Patatas congeladas;10.859309114087969;1.8396256412007634;19.878992586975173;29.076755612985497;17.37307107759323;40.780440148377764;0.7552741088125752;0.23201157859272303;1.2785366390324273
2020-04-01 00:00:00;La rioja;Patatas congeladas;11.133438425153042;2.102130346830485;20.164746503475598;32.13402734946535;13.126292483180553;51.14176221575015;0.5908446869950574;0.05424061061483776;1.127448763375277
2020-05-01 00:00:00;La rioja;Patatas congeladas;11.414487778588722;2.3709768984045407;20.4579986587729;35.39735960759254;9.988158986099304;60.806560229085775;0.70371833515474;0.046403366263109924;1.3610333040463702
2020-06-01 00:00:00;La rioja;Patatas congeladas;11.702631861976664;2.6463120405117344;20.758951683441595;38.971537921903845;7.464404978617239;70.47867086519045;0.7267086836979999;0.02378334498705925;1.4296340224089406
2020-02-01 00:00:00;Madrid;Patatas congeladas;465.75;465.75;465.75;613.92;613.92;613.92;1.32;1.32;1.32
2020-03-01 00:00:00;Madrid;Patatas congeladas;451.60739226602783;352.79502552320906;550.4197590088465;649.4337693614857;510.5529709066707;788.3145678163007;1.3381133796214457;1.268933948663986;1.4072928105789055
2020-04-01 00:00:00;Madrid;Patatas congeladas;450.8400039450212;352.03393731342436;549.646070576618;633.5286936598275;477.3653852957484;789.6920020239065;1.3376545420256107;1.268266122860802;1.4070429611904194
2020-05-01 00:00:00;Madrid;Patatas congeladas;450.0739195992047;351.2741320859393;548.8737071124701;639.3960808303752;453.95536584459046;824.83679581616;1.3361529077679877;1.2667673402370931;1.4055384752988822
2020-06-01 00:00:00;Madrid;Patatas congeladas;449.3091370128146;350.515607693639;548.1026663319901;636.045455608348;430.8625991801912;841.2283120365048;1.3349319988026014;1.2655492764411351;1.4043147211640676
2020-02-01 00:00:00;Murcia;Patatas congeladas;111.86;111.86;111.86;140.92;140.92;140.92;1.26;1.26;1.26
2020-03-01 00:00:00;Murcia;Patatas congeladas;117.63019735681102;63.52427503349477;171.73611968012727;150.2028953496174;67.05841086266183;233.34737983657294;1.2477157185516812;1.0265795643442928;1.4688518727590696
2020-04-01 00:00:00;Murcia;Patatas congeladas;117.10904714137605;63.01181356460433;171.20628071814778;145.37855049012217;63.120496235217615;227.63660474502672;1.1322535256061526;0.902666111018443;1.361840940193862
2020-05-01 00:00:00;Murcia;Patatas congeladas;116.59020583600967;62.50158556417605;170.6788261078433;143.07430794782212;55.78381524904471;230.36480064659952;1.2491696399411951;0.9826535325005057;1.5156857473818846
2020-06-01 00:00:00;Murcia;Patatas congeladas;116.07366321128946;61.99358144618173;170.15374497639718;140.3880538352164;49.46880500408825;231.30730266634453;1.2190226197927565;0.9525047216488631;1.4855405179366499
2020-02-01 00:00:00;Navarra;Patatas congeladas;35.21;35.21;35.21;85.95;85.95;85.95;2.44;2.44;2.44
2020-03-01 00:00:00;Navarra;Patatas congeladas;35.00888706377711;12.890142698361046;57.12763142919317;80.7150660829704;38.878062437034686;122.5520697289061;0.7971543065948934;0.25779975473142647;1.3365088584583602
2020-04-01 00:00:00;Navarra;Patatas congeladas;36.16744147008244;14.008266838350849;58.326616101814025;88.90509834247801;46.271900408999414;131.5382962759566;1.3523325823598258;0.6540726561352929;2.0505925085843586
2020-05-01 00:00:00;Navarra;Patatas congeladas;37.36433609297118;15.162092207796693;59.56657997814567;92.0457467079068;42.049940596032926;142.0415528197807;1.3588827955910823;0.6603697221696231;2.0573958690125416
2020-06-01 00:00:00;Navarra;Patatas congeladas;38.6008397310424;16.352720809261182;60.84895865282361;97.54680065104205;43.0432062056694;152.0503950964147;1.3874269065097158;0.6886582447304714;2.08619556828896
2020-02-01 00:00:00;Pais vasco;Patatas congeladas;84.15;84.15;84.15;88.64;88.64;88.64;1.05;1.05;1.05
2020-03-01 00:00:00;Pais vasco;Patatas congeladas;94.07639408114545;53.507869265901405;134.6449188963895;107.83892504807724;32.82214793702211;182.85570215913236;1.2096724885865275;1.0239159119114631;1.395429065261592
2020-04-01 00:00:00;Pais vasco;Patatas congeladas;93.95718642787776;53.390595132141854;134.52377772361365;102.17899051483877;26.127671991331525;178.23030903834604;1.1750859357391337;0.9428575002269333;1.407314371251334
2020-05-01 00:00:00;Pais vasco;Patatas congeladas;93.83812982700464;53.27346724562588;134.4027924083834;102.44613946288999;18.91824072115105;185.97403820462893;1.163990233528496;0.9317644602020556;1.3962160068549363
2020-06-01 00:00:00;Pais vasco;Patatas congeladas;93.71922408712203;53.15648542666786;134.2819627475762;101.31141944728023;12.476942053728607;190.14589684083185;1.1458189110144372;0.9135957516427569;1.3780420703861176
2020-02-01 00:00:00;Valencia;Patatas congeladas;380.82;380.82;380.82;534.55;534.55;534.55;1.4;1.4;1.4
2020-03-01 00:00:00;Valencia;Patatas congeladas;395.1748353483909;303.9616897585254;486.3879809382564;534.7861356788048;380.0368824268537;689.535388930756;1.3755809561047039;1.2373531893432215;1.5138087228661863
2020-04-01 00:00:00;Valencia;Patatas congeladas;397.15755899652737;305.92564690734696;488.3894710857078;538.0987436343516;365.38097692969336;710.8165103390099;1.3921198037137097;1.247749924225746;1.5364896832016735
2020-05-01 00:00:00;Valencia;Patatas congeladas;399.1502306289817;307.8993671704425;490.40109408752096;541.9483939441857;362.8096286950106;721.0871591933608;1.4011382670273427;1.2567088313745856;1.5455677026800998
2020-06-01 00:00:00;Valencia;Patatas congeladas;401.1529001581016;309.8828986771306;492.4229016390726;545.9118139057293;362.2201154263506;729.603512385108;1.3723334903450883;1.2278446440238509;1.5168223366663258
2020-02-01 00:00:00;Nacional;Patatas procesadas;5360.94;5360.94;5360.94;28842.8;28842.8;28842.8;5.38;5.38;5.38
2020-03-01 00:00:00;Nacional;Patatas procesadas;5254.610726660328;4558.124296280762;5951.097157039893;28313.433965335236;24246.92533005434;32379.942600616134;5.398243285127128;5.174717824150731;5.621768746103525
2020-04-01 00:00:00;Nacional;Patatas procesadas;5261.6781750545115;4564.72254503624;5958.633805072783;28299.24080968995;24201.488788334955;32396.992831044943;5.378439395084598;5.154914918469755;5.601963871699441
2020-05-01 00:00:00;Nacional;Patatas procesadas;5268.755129162706;4571.329353444453;5966.180904880959;28333.274707465265;24233.698224449574;32432.851190480957;5.393833001817754;5.170309509408869;5.617356494226638
2020-06-01 00:00:00;Nacional;Patatas procesadas;5275.841601770091;4577.9447328085425;5973.73847073164;28371.867490214066;24271.838542493853;32471.89643793428;5.38859364271223;5.165071134353696;5.612116151070764
2020-02-01 00:00:00;Andalucia;Patatas procesadas;1129.06;1129.06;1129.06;6003.1;6003.1;6003.1;5.32;5.32;5.32
2020-03-01 00:00:00;Andalucia;Patatas procesadas;1097.8698260238225;952.1382823599414;1243.6013696877037;5754.856265642523;4757.046182973261;6752.6663483117845;5.212104665223518;5.049615817976662;5.3745935124703745
2020-04-01 00:00:00;Andalucia;Patatas procesadas;1097.9274258741477;952.1955769074565;1243.659274840839;5743.731197688286;4743.499253388813;6743.963141987759;5.10061990204288;4.938138022452186;5.263101781633575
2020-05-01 00:00:00;Andalucia;Patatas procesadas;1097.9850287464549;952.2528744455568;1243.7171830473528;5739.716361205201;4738.844222839409;6740.588499570993;5.139060901969699;4.976585954006118;5.30153584993328
2020-06-01 00:00:00;Andalucia;Patatas procesadas;1098.0426346409024;952.3101749743978;1243.775094307407;5735.91709143226;4734.447424522537;6737.386758341983;5.222491554193184;5.060023502009562;5.384959606376805
2020-02-01 00:00:00;Aragon;Patatas procesadas;90.52;90.52;90.52;559.87;559.87;559.87;6.18;6.18;6.18
2020-03-01 00:00:00;Aragon;Patatas procesadas;112.38394277657818;84.25252221106705;140.5153633420893;676.3100922446131;508.8632591058491;843.756925383377;5.64041599302387;4.977279477297749;6.303552508749991
2020-04-01 00:00:00;Aragon;Patatas procesadas;112.49147195130384;84.3589909977211;140.62395290488658;653.910847077788;484.5936704165582;823.2280237390179;5.777377918671143;5.07392869816352;6.480827139178766
2020-05-01 00:00:00;Aragon;Patatas procesadas;112.59910401015271;84.46556067844706;140.73264734185835;661.5910833394561;491.5296740156052;831.6524926633069;5.764533806220443;5.023279569944193;6.505788042496694
2020-06-01 00:00:00;Aragon;Patatas procesadas;112.70683905156456;84.57223134802378;140.84144675510535;662.7667716076863;492.5937239569351;832.9398192584376;5.801842697478409;5.024922350951348;6.57876304400547
2020-02-01 00:00:00;Asturias;Patatas procesadas;112.05;112.05;112.05;560.16;560.16;560.16;5.0;5.0;5.0
2020-03-01 00:00:00;Asturias;Patatas procesadas;90.90644062904397;72.3549986056259;109.45788265246205;467.988499233606;373.3567775937272;562.6202208734848;4.654478421159948;3.7222012716852415;5.586755570634654
2020-04-01 00:00:00;Asturias;Patatas procesadas;91.00279697005827;72.45058746998502;109.55500647013152;472.8247891742125;378.2557478024886;567.3938305459365;4.42852021239023;3.152381558267521;5.704658866512938
2020-05-01 00:00:00;Asturias;Patatas procesadas;91.09925544403904;72.54627687132273;109.65223401675536;472.7001244544615;378.12080738735824;567.2794415215648;4.331998528451739;2.784802833028353;5.879194223875125
2020-06-01 00:00:00;Asturias;Patatas procesadas;91.19581615924221;72.64206691464105;109.74956540384338;472.8291935788023;378.2494844831057;567.4089026744989;4.151023318754097;2.3719672715840217;5.930079365924173
2020-02-01 00:00:00;Baleares;Patatas procesadas;167.95;167.95;167.95;979.55;979.55;979.55;5.83;5.83;5.83
2020-03-01 00:00:00;Baleares;Patatas procesadas;172.91145830986224;131.95928368093251;213.86363293879197;987.0638126466463;732.385261816942;1241.7423634763504;6.01108396446034;4.9796422349577325;7.042525693962948
2020-04-01 00:00:00;Baleares;Patatas procesadas;174.84608883193778;133.8736949012393;215.81848276263625;1003.1621325623373;746.1846389395664;1260.1396261851082;6.301659353472799;5.269864193108137;7.333454513837462
2020-05-01 00:00:00;Baleares;Patatas procesadas;176.8023650870002;135.80930718564647;217.79542298835392;1017.8618977336988;760.1778559456868;1275.5459395217108;5.999576501731784;4.9674203803621495;7.031732623101419
2020-06-01 00:00:00;Baleares;Patatas procesadas;178.7805292596688;137.76635316571063;219.794705353627;1033.097912085734;775.3609042659097;1290.8349199055583;6.62484309378779;5.592318322350982;7.6573678652245984
2020-02-01 00:00:00;Canarias;Patatas procesadas;192.45;192.45;192.45;886.61;886.61;886.61;4.61;4.61;4.61
2020-03-01 00:00:00;Canarias;Patatas procesadas;167.8586155081981;118.18793432801198;217.52929668838425;810.9769739308184;558.3538366684421;1063.6001111931946;5.427227275647491;4.408050876705572;6.446403674589409
2020-04-01 00:00:00;Canarias;Patatas procesadas;169.38883886701575;116.57526625854466;222.20241147548683;847.2784570833414;557.120976051687;1137.435938114996;5.097173895439039;4.077991955917012;6.116355834961066
2020-05-01 00:00:00;Canarias;Patatas procesadas;170.93301196276397;115.10049755297266;226.76552637255529;837.7673931996906;491.5652364746243;1183.9695499247568;5.457120799676353;4.437933320616516;6.476308278736191
2020-06-01 00:00:00;Canarias;Patatas procesadas;172.49126196325741;113.74372364535704;231.2388002811578;847.0406965942989;460.8707000047494;1233.2106931838484;5.372067837496119;4.352874819153614;6.391260855838624
2020-02-01 00:00:00;Cantabria;Patatas procesadas;50.0;50.0;50.0;290.0;290.0;290.0;5.8;5.8;5.8
2020-03-01 00:00:00;Cantabria;Patatas procesadas;56.532868068561925;34.962817633042434;78.10291850408142;303.038324567697;219.55281274524373;386.5238363901502;5.7410995651300265;4.243423277619162;7.238775852640891
2020-04-01 00:00:00;Cantabria;Patatas procesadas;57.102877728801566;35.523364581927524;78.68239087567561;310.3615585988762;223.13944107018094;397.5836761275714;5.538898279515072;4.0395172274948425;7.038279331535302
2020-05-01 00:00:00;Cantabria;Patatas procesadas;57.67863468302906;36.089471316049966;79.26779805000815;316.3347816115397;228.50283358819087;404.16672963488855;5.825797099229595;4.324681136822882;7.326913061636308
2020-06-01 00:00:00;Cantabria;Patatas procesadas;58.26019688006613;36.66119215299891;79.85920160713336;322.04542013416494;233.99066424968305;410.10017601864683;5.3733082733700535;3.870426754164498;6.876189792575609
2020-02-01 00:00:00;Castilla la mancha;Patatas procesadas;233.15;233.15;233.15;1262.31;1262.31;1262.31;5.41;5.41;5.41
2020-03-01 00:00:00;Castilla la mancha;Patatas procesadas;237.9082870482481;187.6140740602488;288.2025000362474;1325.5909949272307;967.1680282128359;1684.0139616416254;5.874317905905691;5.373026687728213;6.375609124083169
2020-04-01 00:00:00;Castilla la mancha;Patatas procesadas;238.83089437206257;188.52879777318702;289.1329909709381;1329.3392882374567;971.0630330872511;1687.6155433876622;5.746803922348002;5.245399477623409;6.248208367072595
2020-05-01 00:00:00;Castilla la mancha;Patatas procesadas;239.757079563149;189.44703933942145;290.06711978687656;1337.342567767597;978.5344650004572;1696.150670534737;6.084452546236705;5.582933257618751;6.58597183485466
2020-06-01 00:00:00;Castilla la mancha;Patatas procesadas;240.68685649646142;190.36881218643455;291.00490080648825;1345.0931846391836;985.856954066274;1704.3294152120932;5.687264949755967;5.185629177046835;6.1889007224651
2020-02-01 00:00:00;Castilla leon;Patatas procesadas;216.67;216.67;216.67;1120.41;1120.41;1120.41;5.17;5.17;5.17
2020-03-01 00:00:00;Castilla leon;Patatas procesadas;209.38463668394326;171.7150532608574;247.05422010702912;1081.5063880358123;857.3637026422;1305.6490734294246;5.190868439332945;4.761437859757712;5.620299018908178
2020-04-01 00:00:00;Castilla leon;Patatas procesadas;210.55162610321534;172.8733806083043;248.22987159812638;1088.218602205107;864.1160954570112;1312.3211089532026;5.246099133102358;4.816667563384758;5.675530702819957
2020-05-01 00:00:00;Castilla leon;Patatas procesadas;211.72511964965867;174.0381172834663;249.41212201585103;1091.4400159392808;867.2007262060133;1315.6793056725483;5.191330377102021;4.761897817130033;5.6207629370740095
2020-06-01 00:00:00;Castilla leon;Patatas procesadas;212.90515357353354;175.20929852101156;250.60100862605552;1094.9413984232317;870.6283311156733;1319.2544657307901;5.391560387865876;4.962126837468573;5.82099393826318
2020-02-01 00:00:00;Cataluña;Patatas procesadas;1055.34;1055.34;1055.34;5892.4;5892.4;5892.4;5.58;5.58;5.58
2020-03-01 00:00:00;Cataluña;Patatas procesadas;1037.853596943866;821.1710249495057;1254.5361689382262;5879.548585861965;4456.492379414683;7302.604792309247;5.595800807023028;5.300917464576991;5.890684149469064
2020-04-01 00:00:00;Cataluña;Patatas procesadas;1039.9792297495135;823.2790077996934;1256.6794516993336;5897.393537430731;4469.000895953094;7325.786178908368;5.435892419339554;5.141022636118619;5.73076220256049
2020-05-01 00:00:00;Cataluña;Patatas procesadas;1042.1092160736512;825.3912732427239;1258.8271589045785;5916.780222251145;4487.595305594588;7345.965138907701;5.5409831218410766;5.246126849459793;5.8358393942223605
2020-06-01 00:00:00;Cataluña;Patatas procesadas;1044.2435648327407;827.5078299157623;1260.9792997497193;5936.30241720705;4506.472280207943;7366.132554206157;5.446090097913747;5.151247288139513;5.740932907687982
2020-02-01 00:00:00;Extremadura;Patatas procesadas;83.3;83.3;83.3;465.62;465.62;465.62;5.59;5.59;5.59
2020-03-01 00:00:00;Extremadura;Patatas procesadas;105.81291216736199;74.57844231269253;137.04738202203143;574.6089264257714;420.7127958684414;728.5050569831014;5.374608814424479;4.892212952763845;5.857004676085113
2020-04-01 00:00:00;Extremadura;Patatas procesadas;105.60097979379776;74.36884794501975;136.83311164257577;559.7736441369727;405.31913025211384;714.2281580218316;5.565984041632811;5.083509314812972;6.04845876845265
2020-05-01 00:00:00;Extremadura;Patatas procesadas;105.38947189896723;74.15966887387395;136.6192749240605;561.1810295022514;406.6210741920729;715.7409848124298;5.477477981096391;4.994923518882831;5.960032443309951
2020-06-01 00:00:00;Extremadura;Patatas procesadas;105.17838763268315;73.95090428446201;136.4058709809043;560.4582960424165;405.91303209114756;715.0035599936854;5.384064429662844;4.901429352260426;5.866699507065262
2020-02-01 00:00:00;Galicia;Patatas procesadas;245.93;245.93;245.93;1271.88;1271.88;1271.88;5.17;5.17;5.17
2020-03-01 00:00:00;Galicia;Patatas procesadas;217.63182568489762;172.69349778060334;262.57015358919193;1174.1598215438096;925.4230084890887;1422.8966345985305;4.910972929199666;4.422279041808539;5.399666816590792
2020-04-01 00:00:00;Galicia;Patatas procesadas;217.63250843709773;172.69417088701607;262.5708459871794;1156.6820874469106;903.3333478838474;1410.0308270099738;4.859185176875897;4.370617853545859;5.347752500205935
2020-05-01 00:00:00;Galicia;Patatas procesadas;217.63319119143975;172.69484399551226;262.57153838736724;1152.097611761588;898.4230674172659;1405.7721561059102;4.68278823309495;4.194344213395115;5.171232252794785
2020-06-01 00:00:00;Galicia;Patatas procesadas;217.63387394792372;172.69551710609193;262.5722307897555;1149.5875456233318;895.8906350218958;1403.2844562247678;4.896612579361903;4.408288686026969;5.384936472696836
2020-02-01 00:00:00;La rioja;Patatas procesadas;20.1;20.1;20.1;110.51;110.51;110.51;5.5;5.5;5.5
2020-03-01 00:00:00;La rioja;Patatas procesadas;19.89420295200053;12.42156706490621;27.36683883909485;110.68769415045233;66.80814302296858;154.56724527793608;6.903306091773241;5.602213254394728;8.204398929151754
2020-04-01 00:00:00;La rioja;Patatas procesadas;20.01542037620469;12.540870448497556;27.489970303911825;110.12018162640463;64.79475898648042;155.44560426632884;6.152140790754684;4.850947190425144;7.4533343910842245
2020-05-01 00:00:00;La rioja;Patatas procesadas;20.13737639063869;12.660889525396392;27.613863255880986;109.71652829045007;60.82294920360554;158.6101073772946;5.901000668596847;4.599705751356378;7.202295585837316
2020-06-01 00:00:00;La rioja;Patatas procesadas;20.260075495608735;12.781628527909145;27.738522463308325;109.27937085007065;57.599907884257995;160.9588338158833;5.784884745788375;4.483487952858676;7.086281538718074
2020-02-01 00:00:00;Madrid;Patatas procesadas;787.05;787.05;787.05;3831.05;3831.05;3831.05;4.87;4.87;4.87
2020-03-01 00:00:00;Madrid;Patatas procesadas;752.7831416992125;611.4766873995716;894.0895959988534;3869.6747350043875;3189.262170705004;4550.087299303771;5.037147190483324;4.694649130985717;5.379645249980932
2020-04-01 00:00:00;Madrid;Patatas procesadas;755.538425340973;614.0104269513891;897.066423730557;3891.2099787745537;3205.58159781417;4576.8383597349375;5.045181050085517;4.598682227735463;5.491679872435572
2020-05-01 00:00:00;Madrid;Patatas procesadas;758.3037936771509;616.5529765414778;900.054610812824;3911.9144778424316;3224.407783994222;4599.421171690641;5.163212065269282;4.632245214406758;5.694178916131806
2020-06-01 00:00:00;Madrid;Patatas procesadas;761.0792836190318;619.104367214158;903.0542000239057;3932.6772120377304;3243.4167591914315;4621.93766488403;5.186291914961494;4.58213807298143;5.7904457569415575
2020-02-01 00:00:00;Murcia;Patatas procesadas;148.13;148.13;148.13;874.03;874.03;874.03;5.9;5.9;5.9
2020-03-01 00:00:00;Murcia;Patatas procesadas;144.48689463793366;119.45019523539455;169.52359404047277;849.7259184973586;684.3317121999545;1015.1201247947628;5.586269412219823;5.061789901270778;6.1107489231688685
2020-04-01 00:00:00;Murcia;Patatas procesadas;144.0042320111839;118.97055542626676;169.03790859610103;855.0507391536423;688.0735017001493;1022.0279766071353;5.797351045017354;5.273011477502933;6.321690612531776
2020-05-01 00:00:00;Murcia;Patatas procesadas;143.52318173281938;118.49250816504289;168.55385530059587;854.8894369355454;687.6069044610967;1022.1719694099941;5.51845601612806;4.9942559785853184;6.042656053670802
2020-06-01 00:00:00;Murcia;Patatas procesadas;143.043738416744;118.01604819301734;168.07142864047063;855.7447479916912;688.4753656886019;1023.0141302947804;5.934582088698851;5.410521168214121;6.4586430091835805
2020-02-01 00:00:00;Navarra;Patatas procesadas;33.62;33.62;33.62;208.49;208.49;208.49;6.2;6.2;6.2
2020-03-01 00:00:00;Navarra;Patatas procesadas;38.05945864081464;7.2512129167607355;68.86770436486854;256.17426893938983;127.9323550796741;384.41618279910557;7.1643428719877065;6.090851593681716;8.237834150293697
2020-04-01 00:00:00;Navarra;Patatas procesadas;37.28764436112124;6.497093038888384;68.0781956833541;256.47198973906126;128.0531115804343;384.8908678976882;7.412311639274652;6.337992275231461;8.486631003317843
2020-05-01 00:00:00;Navarra;Patatas procesadas;36.53148183538368;5.757924105656926;67.30503956511043;255.28366914176127;126.88378664251158;383.6835516410109;6.37212220401161;5.296940377608067;7.447304030415154
2020-06-01 00:00:00;Navarra;Patatas procesadas;35.79065365900304;5.033416109592899;66.54789120841318;254.05433901457926;125.67758456249254;382.43109346666597;7.2638155148844055;6.187735449416397;8.339895580352414
2020-02-01 00:00:00;Pais vasco;Patatas procesadas;175.63;175.63;175.63;1038.98;1038.98;1038.98;5.92;5.92;5.92
2020-03-01 00:00:00;Pais vasco;Patatas procesadas;187.24268525737597;138.15222001832768;236.33315049642425;1031.6745866942838;715.9156670352247;1347.4335063533429;5.491564276160122;4.577441672079492;6.405686880240752
2020-04-01 00:00:00;Pais vasco;Patatas procesadas;185.1830660193135;136.11038615264835;234.25574588597863;1018.4727942105965;702.4914344218303;1334.4541539993627;5.535756207973828;4.621829896038614;6.449682519909041
2020-05-01 00:00:00;Pais vasco;Patatas procesadas;183.14610203958574;134.0908246667438;232.20137941242768;1005.421336300278;689.26657748388;1321.5760951166758;5.104967401784466;4.191236919640605;6.018697883928327
2020-06-01 00:00:00;Pais vasco;Patatas procesadas;181.13154411643703;132.0932944720334;230.16979376084066;992.5370708336118;676.2135500032518;1308.8605916639717;5.8891785192588895;4.9756434025128575;6.802713636004921
2020-02-01 00:00:00;Valencia;Patatas procesadas;620.0;620.0;620.0;3487.83;3487.83;3487.83;5.63;5.63;5.63
2020-03-01 00:00:00;Valencia;Patatas procesadas;600.2282636477663;516.4279273203667;684.0285999751659;3243.1649205633316;2761.1673338797073;3725.162507246956;5.2157750770525375;4.857581878651617;5.573968275453458
2020-04-01 00:00:00;Valencia;Patatas procesadas;600.1142494847202;516.314521489921;683.9139774795193;3257.0567685209003;2775.4003915761414;3738.713145465659;5.357695923271205;4.999561991119737;5.7158298554226725
2020-05-01 00:00:00;Valencia;Patatas procesadas;600.0002569788171;516.2011370899469;683.7993768676873;3260.6977840687673;2778.9519885353493;3742.4435796021853;5.304626175250759;4.946551400362112;5.662700950139405
2020-06-01 00:00:00;Valencia;Patatas procesadas;599.8862861259433;516.0877741164132;683.6847981354734;3264.7506034479766;2782.9467651151763;3746.554441780777;5.346563902917004;4.9885481763053905;5.7045796295286175
2020-02-01 00:00:00;Nacional;Hortalizas frescas;226022.12;226022.12;226022.12;430847.66;430847.66;430847.66;1.91;1.91;1.91
2020-03-01 00:00:00;Nacional;Hortalizas frescas;55060.575051160966;45271.731950337045;64849.418151984886;427486.8497291307;369947.80060813983;485025.89885012154;1.9112329432009536;1.8768514577472777;1.9456144286546295
2020-04-01 00:00:00;Nacional;Hortalizas frescas;121116.32496069327;111865.60370410053;130367.046217286;429559.681345856;372019.6412271352;487099.7214645768;1.925846936287832;1.8915006744170162;1.960193198158648
2020-05-01 00:00:00;Nacional;Hortalizas frescas;197823.32026098974;188497.74439422146;207148.89612775802;431642.5638703788;374101.52313749085;489183.6046032668;1.9069148498536879;1.8725448032419592;1.9412848964654166
2020-06-01 00:00:00;Nacional;Hortalizas frescas;56502.30608749442;44286.37104018954;68718.2411347993;433735.5460383258;376193.4949816869;491277.59709496476;1.8910010859348214;1.8566254535594642;1.9253767183101786
2020-07-01 00:00:00;Nacional;Hortalizas frescas;234566.13459490007;222528.3609250034;246603.90826479674;435838.67682163656;378295.60563761735;493381.74800565577;1.899601815169985;1.8652190381745304;1.9339845921654395
2020-08-01 00:00:00;Nacional;Hortalizas frescas;215474.71855900285;203278.5425033656;227670.8946146401;437952.0054297096;380407.90421972785;495496.1066396914;1.8928565130422619;1.858466736865431;1.9272462892190927
2020-09-01 00:00:00;Nacional;Hortalizas frescas;51939.87502710911;38093.374154511606;65786.37589970662;440075.58131055406;382530.4400801582;497620.72254094994;1.9031993890160357;1.8688026018057564;1.937596176226315
2020-10-01 00:00:00;Nacional;Hortalizas frescas;197407.34825884303;183559.34226383062;211255.35425385545;442209.45415194624;384663.26280989026;499755.6454940022;1.925233950165191;1.8908301546564645;1.9596377456739174
2020-11-01 00:00:00;Nacional;Hortalizas frescas;205558.66475758547;191491.48135376204;219625.8481614089;444353.67388259247;386806.4222399024;501900.92552528257;1.9411415666316756;1.9067307640426019;1.9755523692207493
2020-02-01 00:00:00;Andalucia;Hortalizas frescas;35909.61;35909.61;35909.61;65579.62;65579.62;65579.62;1.83;1.83;1.83
2020-03-01 00:00:00;Andalucia;Hortalizas frescas;6799.032037262907;1727.3335244993532;11870.73055002646;65643.38652575306;55320.821484538865;75965.95156696724;1.8332617168338043;1.7761797590867785;1.8903436745808302
2020-04-01 00:00:00;Andalucia;Hortalizas frescas;-49948.45579267766;-62891.38440645608;-37005.52717889924;65817.3251299199;55494.20911669961;76140.4411431402;1.862218308942556;1.8051537123431103;1.9192829055420015
2020-05-01 00:00:00;Andalucia;Hortalizas frescas;-67908.06410016985;-86383.94770882404;-49432.18049151567;65991.72462801104;55668.05474867907;76315.39450734301;1.7615480498030234;1.7044774598797425;1.8186186397263042
2020-06-01 00:00:00;Andalucia;Hortalizas frescas;-57739.84778596762;-74582.59530259018;-40897.10026934506;66166.58624128043;55842.35958668415;76490.8128958767;1.7468352029826728;1.6897595992994352;1.8039108066659104
2020-02-01 00:00:00;Aragon;Hortalizas frescas;8111.96;8111.96;8111.96;15456.25;15456.25;15456.25;1.91;1.91;1.91
2020-03-01 00:00:00;Aragon;Hortalizas frescas;7352.58553617631;4656.0330118262455;10049.138060526373;14827.926418877649;10505.286399213252;19150.566438542046;1.879892385759014;1.791138531273095;1.968646240244933
2020-04-01 00:00:00;Aragon;Hortalizas frescas;8389.910840603203;2799.626065770225;13980.19561543618;14870.572608716326;10388.878524079455;19352.266693353195;1.848631861764349;1.7576855097548016;1.9395782137738962
2020-05-01 00:00:00;Aragon;Hortalizas frescas;2288.8699664438846;-12415.82868941906;16993.56862230683;14913.341452084322;10277.177770392229;19549.505133776416;1.8644155183658535;1.7732139539751381;1.9556170827565689
2020-06-01 00:00:00;Aragon;Hortalizas frescas;19688.292981278813;-14017.075588562046;53393.66155111967;14956.233301742066;10169.735766738639;19742.730836745493;1.8818880469055075;1.7906089060733288;1.9731671877376862
2020-02-01 00:00:00;Asturias;Hortalizas frescas;4150.62;4150.62;4150.62;8402.14;8402.14;8402.14;2.02;2.02;2.02
2020-03-01 00:00:00;Asturias;Hortalizas frescas;4021.787881507946;3743.631767575253;4299.94399544064;8055.4707946490025;6171.292218764207;9939.649370533798;1.9901117808666986;1.9127640857539403;2.0674594759794567
2020-04-01 00:00:00;Asturias;Hortalizas frescas;3965.93941438964;3685.079597430229;4246.799231349051;8087.882055162753;6201.02618501593;9974.737925309575;1.9953144626404367;1.9177998782216106;2.0728290470592627
2020-05-01 00:00:00;Asturias;Hortalizas frescas;4329.66514983105;4019.77299052972;4639.55730913238;8120.4237226800005;6230.8728101373335;10009.974635222668;1.9821603950694622;1.903117383726661;2.0612034064122633
2020-06-01 00:00:00;Asturias;Hortalizas frescas;4117.459421803239;3770.6631451660614;4464.255698440416;8153.096321894518;6260.832521210619;10045.360122578417;1.9875320257779987;1.9088217806067522;2.066242270949245
2020-02-01 00:00:00;Baleares;Hortalizas frescas;6075.36;6075.36;6075.36;12393.89;12393.89;12393.89;2.04;2.04;2.04
2020-03-01 00:00:00;Baleares;Hortalizas frescas;5815.883676471969;5258.189008624205;6373.578344319733;12669.498977841698;11241.87804860337;14097.119907080027;2.1052590334147503;2.026814039295322;2.1837040275341786
2020-04-01 00:00:00;Baleares;Hortalizas frescas;5421.485303183596;4515.436582769967;6327.534023597226;12795.068707849668;11366.779357793426;14223.35805790591;2.089307674312739;2.0118551021644273;2.1667602464610503
2020-05-01 00:00:00;Baleares;Hortalizas frescas;6315.50955343985;4122.838646066677;8508.180460813022;12921.882982501578;11492.912218352283;14350.853746650873;2.1055299909596394;2.0279146192332456;2.1831453626860333
2020-06-01 00:00:00;Baleares;Hortalizas frescas;5149.696604537432;806.8809071811302;9492.512301893734;13049.954136707845;11620.288718836802;14479.619554578889;2.086546247330077;2.0089489068654585;2.1641435877946957
2020-02-01 00:00:00;Canarias;Hortalizas frescas;8804.97;8804.97;8804.97;17081.78;17081.78;17081.78;1.94;1.94;1.94
2020-03-01 00:00:00;Canarias;Hortalizas frescas;15224.9274232741;13629.636804666075;16820.218041882126;16987.874764897322;14488.566875122739;19487.182654671906;1.967231216064382;1.8927553163427668;2.041707115785997
2020-04-01 00:00:00;Canarias;Hortalizas frescas;18741.278028819033;17128.17114042593;20354.384917212137;16938.165868380525;14439.089387008731;19437.24234975232;2.0100370508043426;1.9329297116907258;2.0871443899179596
2020-05-01 00:00:00;Canarias;Hortalizas frescas;20935.751983986298;18562.45953162191;23309.044436350687;16888.602427044385;14389.75602303244;19387.448831056332;1.9758783443916788;1.8899089093885297;2.0618477793948276
2020-06-01 00:00:00;Canarias;Hortalizas frescas;14697.631572990158;12298.425298686701;17096.837847293613;16839.18401526671;14340.56636510817;19337.80166542525;2.015923794937535;1.923887503723337;2.1079600861517327
2020-02-01 00:00:00;Cantabria;Hortalizas frescas;1907.87;1907.87;1907.87;3745.43;3745.43;3745.43;1.96;1.96;1.96
2020-03-01 00:00:00;Cantabria;Hortalizas frescas;1488.1096604346203;-1398.0885560117808;4374.307876881021;4536.106673092163;2825.333414800635;6246.879931383691;1.9475462954296394;1.7549542357989578;2.140138355060321
2020-04-01 00:00:00;Cantabria;Hortalizas frescas;3118.4522850521744;431.59764896951674;5805.306921134832;4564.781605050671;2852.825040348753;6276.738169752589;1.9332087276225847;1.7411077607340577;2.1253096945111114
2020-05-01 00:00:00;Cantabria;Hortalizas frescas;1894.4465216958422;-906.4606725305964;4695.353715922281;4593.637805171963;2880.483759210876;6306.79185113305;1.9994028993983903;1.792579458070621;2.2062263407261598
2020-06-01 00:00:00;Cantabria;Hortalizas frescas;2019.1305517835083;-2076.035605922827;6114.296709489844;4622.676419340079;2908.3105569647023;6337.042281715455;1.9847340175985995;1.7691691952622024;2.2002988399349963
2020-02-01 00:00:00;Castilla la mancha;Hortalizas frescas;8235.5;8235.5;8235.5;15188.65;15188.65;15188.65;1.84;1.84;1.84
2020-03-01 00:00:00;Castilla la mancha;Hortalizas frescas;12531.871888029355;9953.44536747603;15110.29840858268;14494.8334843485;11449.490522480048;17540.176446216956;1.8284034404376521;1.7357922894949644;1.9210145913803398
2020-04-01 00:00:00;Castilla la mancha;Hortalizas frescas;13838.413979164085;10275.545816291124;17401.282142037046;14488.90402052556;11439.94434503061;17537.86369602051;1.8187899449907603;1.7083337035727137;1.9292461864088069
2020-05-01 00:00:00;Castilla la mancha;Hortalizas frescas;12012.617232266977;8692.828690160888;15332.405774373066;14482.976982293869;11430.407831434568;17535.54613315317;1.824532371621127;1.7068477229358132;1.9422170203064408
2020-06-01 00:00:00;Castilla la mancha;Hortalizas frescas;11524.915667935808;8213.583574701497;14836.247761170118;14477.052368661176;11420.88095264076;17533.22378468159;1.8191004222114642;1.6981211239278142;1.9400797204951141
2020-02-01 00:00:00;Castilla leon;Hortalizas frescas;9141.38;9141.38;9141.38;17397.69;17397.69;17397.69;1.9;1.9;1.9
2020-03-01 00:00:00;Castilla leon;Hortalizas frescas;11114.498110497198;8440.885254129396;13788.110966864999;22405.539377353212;11005.604537034855;33805.474217671566;1.876024121665786;1.7964203150193323;1.9556279283122397
2020-04-01 00:00:00;Castilla leon;Hortalizas frescas;12288.614774452277;9372.802024857647;15204.427524046907;22699.899248442598;11296.453764116892;34103.3447327683;1.8768936995457328;1.781283339956869;1.9725040591345966
2020-05-01 00:00:00;Castilla leon;Hortalizas frescas;12582.64610682664;9469.340172297618;15695.952041355662;22998.126365584332;11591.078510591402;34405.17422057726;1.8721310464466414;1.766256421568921;1.978005671324362
2020-06-01 00:00:00;Castilla leon;Hortalizas frescas;13192.996557381455;9669.94017481446;16716.05293994845;23300.271535948472;11889.52721672335;34711.015855173595;1.8585458896853786;1.7440538297887014;1.9730379495820558
2020-02-01 00:00:00;Cataluña;Hortalizas frescas;46808.55;46808.55;46808.55;92078.64;92078.64;92078.64;1.97;1.97;1.97
2020-03-01 00:00:00;Cataluña;Hortalizas frescas;36540.877700365534;32770.435474230246;40311.31992650082;84351.28100618163;72280.40234042774;96422.15967193551;1.980527071006561;1.9165655813658535;2.0444885606472685
2020-04-01 00:00:00;Cataluña;Hortalizas frescas;41167.62364051148;37850.24061803715;44485.00666298582;84700.13795792137;72320.25112499078;97080.02479085195;1.9921016660544066;1.9166052202363917;2.067598111872422
2020-05-01 00:00:00;Cataluña;Hortalizas frescas;50866.7560700055;47389.99387793743;54343.518262073565;85050.43769951949;72366.60117932834;97734.27421971064;1.999855401071425;1.9036844211601107;2.096026380982739
2020-06-01 00:00:00;Cataluña;Hortalizas frescas;24341.124245528168;18612.52558530632;30069.722905750015;85402.18619801367;72419.0831998765;98385.28919615084;2.0047984982266125;1.89895402495558;2.110642971497645
2020-02-01 00:00:00;Extremadura;Hortalizas frescas;4680.96;4680.96;4680.96;8270.34;8270.34;8270.34;1.77;1.77;1.77
2020-03-01 00:00:00;Extremadura;Hortalizas frescas;5593.762366019657;4240.693581220054;6946.83115081926;7874.285700266031;3541.0772731407324;12207.49412739133;1.816488758814226;1.7467891615677413;1.8861883560607107
2020-04-01 00:00:00;Extremadura;Hortalizas frescas;5557.223638246372;4232.674976432273;6881.77230006047;7661.850764721821;949.4530471101825;14374.24848233346;1.79568303467108;1.726255148637349;1.8651109207048109
2020-05-01 00:00:00;Extremadura;Hortalizas frescas;6050.2836020857685;4552.0568588976275;7548.5103452739095;7455.146965125364;-907.6898852286258;15817.983815479354;1.803573215115171;1.7341380374485582;1.873008392781784
2020-06-01 00:00:00;Extremadura;Hortalizas frescas;6045.118664284367;4312.9814012862425;7777.255927282491;7254.019685103569;-2415.180103282877;16923.219473490015;1.7904159894187146;1.7209809721382863;1.859851006699143
2020-02-01 00:00:00;Galicia;Hortalizas frescas;10253.11;10253.11;10253.11;19522.57;19522.57;19522.57;1.9;1.9;1.9
2020-03-01 00:00:00;Galicia;Hortalizas frescas;16104.793573753283;12891.846201834125;19317.74094567244;19279.520571422632;11068.344069019551;27490.697073825715;1.855465827080985;1.7615474013838501;1.9493842527781198
2020-04-01 00:00:00;Galicia;Hortalizas frescas;37030.414841109174;24173.661440257678;49887.168241960666;19025.03076827;7158.908931383357;30891.152605156643;1.8495619387657742;1.7483753027200375;1.950748574811511
2020-05-01 00:00:00;Galicia;Hortalizas frescas;108982.58889273735;61502.294392783406;156462.8833926913;18773.900232256237;4204.693299927696;33343.10716458478;1.8549164141705075;1.7520569428109338;1.957775885530081
2020-06-01 00:00:00;Galicia;Hortalizas frescas;351733.96068269736;184078.2356183627;519389.68574703205;18526.084621032172;1737.8530220501452;35314.316220014196;1.8942251723000236;1.7907892937144474;1.9976610508855999
2020-02-01 00:00:00;La rioja;Hortalizas frescas;1693.49;1693.49;1693.49;3363.56;3363.56;3363.56;1.99;1.99;1.99
2020-03-01 00:00:00;La rioja;Hortalizas frescas;1705.8968592363476;1535.3235283065144;1876.4701901661808;2793.494435920792;1692.7332264531185;3894.2556453884654;1.9706800463732195;1.831867328424641;2.109492764321798
2020-04-01 00:00:00;La rioja;Hortalizas frescas;1497.1443589877156;1332.8443242521057;1661.4443937233254;2803.3696480200897;1700.8756319705703;3905.863664069609;2.096688491601801;1.9573780323321073;2.2359989508714944
2020-05-01 00:00:00;La rioja;Hortalizas frescas;2039.73055392941;1825.912109830028;2253.548998028792;2813.2797697339374;1709.0434223803825;3917.5161170874926;2.04338362336056;1.904016868428868;2.182750378292252
2020-06-01 00:00:00;La rioja;Hortalizas frescas;1672.3743121324749;1460.3415809528044;1884.4070433121453;2823.224924470438;1717.2366795237137;3929.213169417162;2.0754238589935765;1.936060896361538;2.2147868216256152
2020-02-01 00:00:00;Madrid;Hortalizas frescas;32557.52;32557.52;32557.52;62128.03;62128.03;62128.03;1.91;1.91;1.91
2020-03-01 00:00:00;Madrid;Hortalizas frescas;106515.51605670764;103326.12282276983;109704.90929064545;54051.13556082423;40972.955948113675;67129.31517353478;1.9011542813179143;1.851873925387724;1.9504346372481045
2020-04-01 00:00:00;Madrid;Hortalizas frescas;-61344.49772031754;-65481.81095932013;-57207.184481314944;54117.586185811575;41039.16663091841;67196.00574070474;1.8902951712658351;1.8379728584151473;1.942617484116523
2020-05-01 00:00:00;Madrid;Hortalizas frescas;8034.816531298231;3397.2966498420274;12672.336412754434;54184.11850539267;41105.45842240124;67262.77858838408;1.89228327208227;1.8394062878292625;1.9451602563352774
2020-06-01 00:00:00;Madrid;Hortalizas frescas;9936.318071119873;4760.4279736977005;15112.208168542045;54250.73262000308;41171.831421577735;67329.63381842843;1.8841076482879053;1.831105009090398;1.9371102874854127
2020-02-01 00:00:00;Murcia;Hortalizas frescas;7524.1;7524.1;7524.1;14303.15;14303.15;14303.15;1.9;1.9;1.9
2020-03-01 00:00:00;Murcia;Hortalizas frescas;9143.209256494516;8552.15081866729;9734.267694321741;14348.494729619808;12458.155187728298;16238.834271511318;1.8492732100072875;1.7733151270777083;1.9252312929368667
2020-04-01 00:00:00;Murcia;Hortalizas frescas;8153.786600534659;7545.909766328509;8761.663434740807;14472.843854512581;11840.93196717797;17104.75574184719;1.8644394950477245;1.774709287889239;1.9541697022062101
2020-05-01 00:00:00;Murcia;Hortalizas frescas;8807.040821700348;7854.097989209391;9759.983654191305;14598.270632856324;11382.852275353891;17813.688990358754;1.8752292864361009;1.7721334741573276;1.9783250987148742
2020-06-01 00:00:00;Murcia;Hortalizas frescas;9598.233631403753;8594.026579058866;10602.44068374864;14724.784403976597;11008.567925131816;18441.00088282138;1.8380903143724754;1.7233072641552483;1.9528733645897025
2020-02-01 00:00:00;Navarra;Hortalizas frescas;2848.53;2848.53;2848.53;5684.16;5684.16;5684.16;2.0;2.0;2.0
2020-03-01 00:00:00;Navarra;Hortalizas frescas;7154.709219540255;2164.2959264197216;12145.122512660788;7513.367321689276;2698.4049792585574;12328.329664119994;1.96966487785106;1.7533451175288377;2.185984638173282
2020-04-01 00:00:00;Navarra;Hortalizas frescas;12324.57840755271;8110.576242060296;16538.580573045125;7653.226739389963;2834.6170747805454;12471.83640399938;1.8783436294014584;1.6647372679967383;2.0919499908061785
2020-05-01 00:00:00;Navarra;Hortalizas frescas;-2174.083980005322;-7802.280849605329;3454.112889594686;7795.68960450405;2973.298481954298;12618.080727053803;1.9084308519872524;1.6943867703297624;2.1224749336447424
2020-06-01 00:00:00;Navarra;Hortalizas frescas;12643.357577163732;7464.135616504644;17822.57953782282;7940.804379541576;3114.4928388838935;12767.11592019926;1.8635676842103344;1.649569713897742;2.077565654522927
2020-02-01 00:00:00;Pais vasco;Hortalizas frescas;11843.44;11843.44;11843.44;22699.01;22699.01;22699.01;1.92;1.92;1.92
2020-03-01 00:00:00;Pais vasco;Hortalizas frescas;9984.170336395748;7867.156157278796;12101.1845155127;21997.342113491042;18550.6546366267;25444.029590355385;2.0858504186107703;1.9617641864495194;2.209936650772021
2020-04-01 00:00:00;Pais vasco;Hortalizas frescas;14061.969359676095;9049.565239003052;19074.37348034914;22088.269190170915;18626.673596934783;25549.864783407047;2.0167379653032347;1.8931403887624219;2.1403355418440477
2020-05-01 00:00:00;Pais vasco;Hortalizas frescas;10474.561137361725;-589.8367907838165;21538.959065507268;22179.572118316428;18703.009631778557;25656.1346048543;2.0468362655176824;1.921318884519548;2.172353646515817
2020-06-01 00:00:00;Pais vasco;Hortalizas frescas;5316.582428708656;-16656.448173329467;27289.613030746783;22271.252451527776;18779.66403847342;25762.840864582133;2.057840182121574;1.9327358392972216;2.1829445249459263
2020-02-01 00:00:00;Valencia;Hortalizas frescas;25475.15;25475.15;25475.15;47552.74;47552.74;47552.74;1.87;1.87;1.87
2020-03-01 00:00:00;Valencia;Hortalizas frescas;28202.487193681052;26541.616212964764;29863.35817439734;48258.39581319955;40897.396026727394;55619.39559967171;1.9134553095045934;1.852156211502495;1.9747544075066918
2020-04-01 00:00:00;Valencia;Hortalizas frescas;16912.104326497243;15212.1219642799;18612.086688714586;48409.72899216974;40533.383163200844;56286.07482113863;1.9457020503256455;1.8840889962745533;2.0073151043767377
2020-05-01 00:00:00;Valencia;Hortalizas frescas;25286.63735765304;23304.3133143565;27268.961400949578;48561.53673583838;40198.60328884684;56924.47018282992;1.9187045270357594;1.8553922212844953;1.9820168327870236
2020-06-01 00:00:00;Valencia;Hortalizas frescas;22510.00299313031;20208.773219176015;24811.232767084606;48713.820532389735;39888.28234084451;57539.35872393496;1.8938966338539065;1.8290881907803966;1.9587050769274164
2020-02-01 00:00:00;Nacional;Tomates;43416.49;43416.49;43416.49;76777.66;76777.66;76777.66;1.77;1.77;1.77
2020-03-01 00:00:00;Nacional;Tomates;44897.85764576381;31190.611043923076;58605.10424760455;83427.45771256743;64408.60054738114;102446.31487775371;1.7684333930251246;1.6914362120550426;1.8454305739952066
2020-04-01 00:00:00;Nacional;Tomates;42239.81071563778;27566.078061668195;56913.54336960737;79072.97428864482;57811.95908370738;100333.98949358227;1.7965768638999353;1.7166360877077358;1.8765176400921348
2020-05-01 00:00:00;Nacional;Tomates;56138.93896666039;41348.452619327436;70929.42531399334;92939.92862820049;70339.20531902219;115540.65193737879;1.6537612639252763;1.5709814984503974;1.7365410294001553
2020-06-01 00:00:00;Nacional;Tomates;60751.99236675208;43297.10260314178;78206.88213036238;100229.10502845634;76475.38465230729;123982.82540460539;1.6450151224114509;1.5594905564195893;1.7305396884033124
2020-07-01 00:00:00;Nacional;Tomates;70599.9445739399;51862.21176246822;89337.67738541157;119881.41886801281;95048.21045446488;144714.62728156077;1.692136272790364;1.6039522988194022;1.7803202467613257
2020-08-01 00:00:00;Nacional;Tomates;67388.19513908665;48294.362911525655;86482.02736664764;112638.68614692685;86774.70193196829;138502.6703618854;1.6785807873212675;1.5878152923466835;1.7693462822958514
2020-09-01 00:00:00;Nacional;Tomates;66366.38262236462;45975.60272623893;86757.16251849031;113604.16395023365;86749.62687164836;140458.70102881893;1.663766353312809;1.5704907565096184;1.7570419501159997
2020-10-01 00:00:00;Nacional;Tomates;55638.23053965356;34086.444473789175;77190.01660551794;101544.84035052729;73735.13866285421;129354.54203820036;1.7409027720857613;1.6451828746356167;1.8366226695359058
2020-11-01 00:00:00;Nacional;Tomates;45490.36358400108;23389.220121704915;67591.50704629725;81583.39579274323;52850.28812750838;110316.50345797809;1.7304780332027752;1.632374716974725;1.8285813494308254
2020-02-01 00:00:00;Andalucia;Tomates;8004.06;8004.06;8004.06;12221.03;12221.03;12221.03;1.53;1.53;1.53
2020-03-01 00:00:00;Andalucia;Tomates;9248.799216284773;7961.257961167417;10536.340471402129;14974.957356438763;12081.812988080539;17868.101724796987;1.5481188661008274;1.4379140921802582;1.6583236400213965
2020-04-01 00:00:00;Andalucia;Tomates;9674.576849278748;8214.876322837192;11134.277375720305;15429.012820094458;11685.262403596287;19172.76323659263;1.5442476637762304;1.4340426260709556;1.6544527014815051
2020-05-01 00:00:00;Andalucia;Tomates;12148.306964393416;10442.01855115906;13854.595377627771;17263.45983808063;12870.154453242296;21656.765222918966;1.5644305543801493;1.4542252528961497;1.674635855864149
2020-06-01 00:00:00;Andalucia;Tomates;14561.593095095592;12663.585420110117;16459.600770081066;20093.18840749423;15140.00461544251;25046.372199545953;1.541817225197268;1.431611659935175;1.652022790459361
2020-02-01 00:00:00;Aragon;Tomates;1276.98;1276.98;1276.98;2284.26;2284.26;2284.26;1.79;1.79;1.79
2020-03-01 00:00:00;Aragon;Tomates;1236.9176982884962;503.4794699155834;1970.355926661409;2314.9097366377346;543.7793818265475;4086.040091448922;1.668006854809113;1.5053277692269071;1.8306859403913187
2020-04-01 00:00:00;Aragon;Tomates;1133.9813959599405;397.34222997943675;1870.6205619404443;2136.0456281124907;-412.26951621291073;4684.360772437893;1.8525605892934827;1.6898815036386734;2.015239674948292
2020-05-01 00:00:00;Aragon;Tomates;1394.9295760364398;588.180462620549;2201.6786894523307;2758.663763628638;-381.1836194522407;5898.511146709518;1.7867390663647171;1.6240599806404947;1.9494181520889395
2020-06-01 00:00:00;Aragon;Tomates;1565.5900117736442;663.6770121254035;2467.503011421885;2858.8640442094566;-777.568226008816;6495.296314427729;1.618977321784059;1.4562982359904237;1.7816564075776944
2020-02-01 00:00:00;Asturias;Tomates;790.55;790.55;790.55;1543.92;1543.92;1543.92;1.95;1.95;1.95
2020-03-01 00:00:00;Asturias;Tomates;643.7033727186924;359.4728932158099;927.933852221575;1544.9260365276423;931.2632920770263;2158.588780978258;1.9732874424217701;1.8040135336029215;2.1425613512406185
2020-04-01 00:00:00;Asturias;Tomates;640.2587406673283;334.87095570587366;945.6465256287829;1474.3193938306933;838.1812596286771;2110.4575280327094;1.9915267954265334;1.8222528864460175;2.160800704407049
2020-05-01 00:00:00;Asturias;Tomates;1043.072367617698;736.6772278922901;1349.467507343106;1934.0482380173046;1275.8488188288472;2592.247657205762;1.8867819297758635;1.7175080208533289;2.056055838698398
2020-06-01 00:00:00;Asturias;Tomates;926.8811164868965;564.3030129565293;1289.4592200172638;1855.6682415953908;1176.1244389641115;2535.21204422667;1.8644650044825555;1.6951910954178222;2.033738913547289
2020-02-01 00:00:00;Baleares;Tomates;1177.59;1177.59;1177.59;2194.02;2194.02;2194.02;1.86;1.86;1.86
2020-03-01 00:00:00;Baleares;Tomates;1258.198030128966;1068.8334491365179;1447.562611121414;2177.7251934585283;1644.7375257578024;2710.7128611592543;1.9010345434673144;1.728125332511388;2.0739437544232406
2020-04-01 00:00:00;Baleares;Tomates;1162.9322642485959;920.7599675288754;1405.1045609683163;2494.1906770255227;1961.1096790724193;3027.271674978626;2.022087874577359;1.8447979743409153;2.1993777748138026
2020-05-01 00:00:00;Baleares;Tomates;1249.2570977955866;1005.6565390824994;1492.8576565086737;2472.691317844566;1934.018136688071;3011.364499001061;1.8430078202516191;1.6614428946468913;2.024572745856347
2020-06-01 00:00:00;Baleares;Tomates;1661.5686790319105;1405.641678723569;1917.495679340252;3074.3375085182693;2531.064786593619;3617.6102304429196;1.780923679950626;1.5951820968469694;1.9666652630542827
2020-02-01 00:00:00;Canarias;Tomates;1819.85;1819.85;1819.85;2773.47;2773.47;2773.47;1.52;1.52;1.52
2020-03-01 00:00:00;Canarias;Tomates;1757.5207790173451;1492.5825831432867;2022.4589748914036;3070.4738437991687;2505.230445257477;3635.71724234086;1.5476801361486225;1.4522801248407726;1.6430801474564725
2020-04-01 00:00:00;Canarias;Tomates;1748.455570816109;1483.4586276111397;2013.4525140210783;2774.4261303450603;2206.660180859171;3342.1920798309498;1.5309235599398499;1.4077712151170176;1.654075904762682
2020-05-01 00:00:00;Canarias;Tomates;1832.1207608694385;1546.3349286074617;2117.9065931314153;2874.6850421741415;2300.0811308744537;3449.288953473829;1.5435732208706616;1.3978617322602784;1.6892847094810448
2020-06-01 00:00:00;Canarias;Tomates;1839.5220995226064;1512.4221178274238;2166.622081217789;3174.3436666963125;2593.325105036819;3755.362228355806;1.5465838363682518;1.3813652666167073;1.7118024061197963
2020-02-01 00:00:00;Cantabria;Tomates;320.75;320.75;320.75;620.69;620.69;620.69;1.94;1.94;1.94
2020-03-01 00:00:00;Cantabria;Tomates;290.5646066975852;4.202650132870588;576.9265632622999;741.0707749985007;-222.78551448607925;1704.9270644830808;1.985311120337589;1.6363129719299891;2.334309268745189
2020-04-01 00:00:00;Cantabria;Tomates;292.78549039267494;-62.72707657468635;648.2980573600362;671.8123464317383;-290.5499430892386;1634.174635952715;1.9580638494757094;1.5156877619642763;2.4004399369871425
2020-05-01 00:00:00;Cantabria;Tomates;297.1609243942794;-76.92840258984342;671.2502513784023;703.3703376286211;-261.70976517171005;1668.4504404289523;2.032851469840418;1.5136275316604757;2.5520754080203605
2020-06-01 00:00:00;Cantabria;Tomates;280.49295888305505;-131.04721204242082;692.0331298085309;1058.4366817038265;91.76077279702236;2025.1125906106306;1.9489989295392076;1.3629183948374874;2.535079464240928
2020-02-01 00:00:00;Castilla la mancha;Tomates;1981.83;1981.83;1981.83;3317.17;3317.17;3317.17;1.67;1.67;1.67
2020-03-01 00:00:00;Castilla la mancha;Tomates;1917.4079386041542;1341.3557729534552;2493.460104254853;3820.608682648015;1253.2761502118133;6387.941215084216;1.660245093639103;1.4978627602331251;1.822627427045081
2020-04-01 00:00:00;Castilla la mancha;Tomates;1941.1667855939568;1272.206656117946;2610.1269150699673;3698.7970788942976;575.6487124104915;6821.945445378104;1.6988811235550187;1.5286932037343601;1.8690690433756774
2020-05-01 00:00:00;Castilla la mancha;Tomates;2052.3612329956522;1351.2124038375077;2753.5100621537968;3871.639108197813;369.61127813688427;7373.666938258742;1.5722560562736807;1.3946051798325294;1.749906932714832
2020-06-01 00:00:00;Castilla la mancha;Tomates;2051.849027792686;1265.4246175417368;2838.273438043635;3960.2790442062615;135.97558697579143;7784.582501436731;1.537268615180524;1.3524558998613005;1.7220813304997473
2020-02-01 00:00:00;Castilla leon;Tomates;1739.26;1739.26;1739.26;3104.71;3104.71;3104.71;1.79;1.79;1.79
2020-03-01 00:00:00;Castilla leon;Tomates;1822.9014864227552;981.976437580267;2663.8265352652434;3322.600246961628;-102.029975847056;6747.230469770311;1.8228443169086215;1.6729511037932108;1.9727375300240322
2020-04-01 00:00:00;Castilla leon;Tomates;1680.4400361880225;785.5482962494739;2575.331776126571;3025.31152138224;-745.1904623279434;6795.813505092423;1.8367514792991064;1.5056368868824133;2.1678660717157996
2020-05-01 00:00:00;Castilla leon;Tomates;2052.8045519887646;1115.080325443554;2990.528778533975;3813.996066436988;-199.69034115433942;7827.6824740283155;1.817301415579024;1.3736734504723351;2.2609293806857127
2020-06-01 00:00:00;Castilla leon;Tomates;2177.0637517332334;1100.1790119908587;3253.948491475608;3818.7744080838675;-417.0926766473749;8054.64149281511;1.7625466752032322;1.2296539380299674;2.295439412376497
2020-02-01 00:00:00;Cataluña;Tomates;8838.71;8838.71;8838.71;17349.67;17349.67;17349.67;1.96;1.96;1.96
2020-03-01 00:00:00;Cataluña;Tomates;8529.772809237742;7445.206611044856;9614.339007430628;17584.43829084359;14474.594205144658;20694.282376542524;1.9976107842849526;1.9249892822840884;2.0702322862858167
2020-04-01 00:00:00;Cataluña;Tomates;8881.968773706942;7779.003477050391;9984.934070363492;17242.295820184176;13972.001488003756;20512.590152364595;2.015592918016332;1.8554880543349808;2.1756977816976835
2020-05-01 00:00:00;Cataluña;Tomates;11044.210773524046;9780.748922352726;12307.672624695366;20623.92115028897;16990.08130435231;24257.760996225632;1.9249747609402852;1.710514387411079;2.1394351344694913
2020-06-01 00:00:00;Cataluña;Tomates;10865.7101244569;9512.400365747353;12219.019883166447;20152.623393305228;16248.246485191017;24057.000301419437;1.9195378521239548;1.6619472143578362;2.177128489890073
2020-02-01 00:00:00;Extremadura;Tomates;958.44;958.44;958.44;1418.15;1418.15;1418.15;1.48;1.48;1.48
2020-03-01 00:00:00;Extremadura;Tomates;909.9948732303235;-122.77562441847522;1942.7653708791222;586.06383520339;-1506.6012687652253;2678.728939172005;1.6578476872137975;1.4249167076110907;1.8907786668165043
2020-04-01 00:00:00;Extremadura;Tomates;911.1097177189778;-233.28303044089841;2055.502465878854;94.1718033380024;-4624.632728055844;4812.9763347318485;1.632278835387739;1.3993460156580804;1.8652116551173978
2020-05-01 00:00:00;Extremadura;Tomates;1181.8217564823212;-89.28538813916089;2452.9289011038036;-294.0606357865846;-8254.584814220614;7666.463542647445;1.6481060989856444;1.415171439194341;1.8810407587769478
2020-06-01 00:00:00;Extremadura;Tomates;2045.9510103319126;623.8473905303374;3468.054630133488;275.07703782620297;-11472.244484653578;12022.398560305983;1.6026025609293022;1.3696660610908897;1.8355390607677147
2020-02-01 00:00:00;Galicia;Tomates;1414.16;1414.16;1414.16;2868.46;2868.46;2868.46;2.03;2.03;2.03
2020-03-01 00:00:00;Galicia;Tomates;1882.3350543307731;1235.6602919542092;2529.009816707337;3330.053861294874;884.7855057568463;5775.322216832901;2.0057367629291596;1.7912525876059164;2.2202209382524027
2020-04-01 00:00:00;Galicia;Tomates;1685.581484389669;1037.8690448952575;2333.2939238840804;3265.804524757137;702.7482182897552;5828.86083122452;1.905175537976483;1.6593236107120588;2.151027465240907
2020-05-01 00:00:00;Galicia;Tomates;2039.8217492513083;1181.6862408948614;2897.9572576077553;3362.060356439246;676.7448641492742;6047.375848729218;1.7948520159168797;1.5212046537855333;2.068499378048226
2020-06-01 00:00:00;Galicia;Tomates;1989.1185535033285;1123.5906171898;2854.646489816857;3424.540634989835;622.4801858926799;6226.601084086989;1.748358157002665;1.4494893104106243;2.0472270035947053
2020-02-01 00:00:00;La rioja;Tomates;136.41;136.41;136.41;289.26;289.26;289.26;2.12;2.12;2.12
2020-03-01 00:00:00;La rioja;Tomates;128.4965023916156;-167.44041717173093;424.4334219549621;255.19672136122966;-277.8236149479273;788.2170576703866;1.8436850400242264;1.4939720880860161;2.1933979919624367
2020-04-01 00:00:00;La rioja;Tomates;112.16733409234212;-356.440138622648;580.7748068073322;316.69961178519526;-356.2695297850234;989.6687533554139;1.9159676196017714;1.5662236295466538;2.265711609656889
2020-05-01 00:00:00;La rioja;Tomates;102.80046203264905;-489.70868356896676;695.3096076342649;353.15705338260966;-411.8548103092962;1118.1689170745155;2.0141003129219577;1.664325287537663;2.3638753383062525
2020-06-01 00:00:00;La rioja;Tomates;62.836678290875454;-629.8210386994733;755.4943952812243;400.57246824653873;-438.92915751117084;1240.0740940042483;1.717550787088809;1.367744729128839;2.067356845048779
2020-02-01 00:00:00;Madrid;Tomates;6764.18;6764.18;6764.18;11989.13;11989.13;11989.13;1.77;1.77;1.77
2020-03-01 00:00:00;Madrid;Tomates;6708.061775259265;5331.523501148953;8084.600049369577;12539.43864103032;9783.862419236288;15295.014862824351;1.74383871568437;1.6483945433830771;1.8392828879856629
2020-04-01 00:00:00;Madrid;Tomates;5869.8264847895425;4473.346820209693;7266.306149369392;10780.203112999916;7411.656525489453;14148.74970051038;1.7760728795407852;1.6806287072217299;1.8715170518598405
2020-05-01 00:00:00;Madrid;Tomates;8840.59948517997;7369.78234782568;10311.41662253426;13778.226385206819;10127.835552019085;17428.617218394553;1.63255788435358;1.5371137120173883;1.7280020566897716
2020-06-01 00:00:00;Madrid;Tomates;9597.039125913805;7887.796376986282;11306.281874841328;14767.888199595682;10967.83142742744;18567.94497176392;1.632032672727868;1.5365885003745403;1.7274768450811957
2020-02-01 00:00:00;Murcia;Tomates;1704.94;1704.94;1704.94;3054.09;3054.09;3054.09;1.79;1.79;1.79
2020-03-01 00:00:00;Murcia;Tomates;1768.7270219881693;1606.9959162527316;1930.458127723607;2611.8387738254683;2025.8509190470386;3197.826628603898;1.6675262056090387;1.521870211283105;1.8131821999349724
2020-04-01 00:00:00;Murcia;Tomates;1759.2908556527218;1493.8524467670902;2024.7292645383534;2698.3436547307297;2063.9286434755522;3332.758665985907;1.6379715333667615;1.4828424213978317;1.7931006453356912
2020-05-01 00:00:00;Murcia;Tomates;1829.3117298571758;1500.7978956667507;2157.825564047601;2802.161081894222;2138.4474462984863;3465.874717489958;1.6190491991010105;1.4549930682397187;1.7831053299623023
2020-06-01 00:00:00;Murcia;Tomates;1869.9517417518273;1495.8711799915923;2244.0323035120623;2833.929508218886;2144.0273431310757;3523.8316733066963;1.5925270360417314;1.4200051917260452;1.7650488803574176
2020-02-01 00:00:00;Navarra;Tomates;337.67;337.67;337.67;612.13;612.13;612.13;1.81;1.81;1.81
2020-03-01 00:00:00;Navarra;Tomates;265.6332229561285;-576.875016492675;1108.141462404932;769.3692507726278;-1287.7688741502188;2826.5073756954744;1.5895891177000223;1.402018456679953;1.7771597787200917
2020-04-01 00:00:00;Navarra;Tomates;329.3774953833277;-919.8800959971582;1578.6350867638134;736.0765801276631;-1456.3702272766527;2928.5233875319786;1.845727486586922;1.658156778220464;2.03329819495338
2020-05-01 00:00:00;Navarra;Tomates;259.77664327603844;-1180.6917807760226;1700.2450673280994;877.5079750518288;-1399.3565614363897;3154.3725115400475;1.7612226278406822;1.5736518721267674;1.948793383554597
2020-06-01 00:00:00;Navarra;Tomates;204.36837269745314;-1387.4740610309786;1796.210806425885;1060.7457258392528;-1293.4071157531089;3414.8985674316145;1.800828895645653;1.6132580925902098;1.9883996987010963
2020-02-01 00:00:00;Pais vasco;Tomates;1823.4;1823.4;1823.4;3423.11;3423.11;3423.11;1.88;1.88;1.88
2020-03-01 00:00:00;Pais vasco;Tomates;1704.7163797092696;1185.0273623679668;2224.4053970505724;3629.346189699302;2224.6722603684348;5034.02011903017;1.922456763736322;1.695051171991881;2.1498623554807628
2020-04-01 00:00:00;Pais vasco;Tomates;1685.455855747818;1117.080231381898;2253.831480113738;3449.427478489552;1972.5926263968277;4926.262330582276;1.9363945714464932;1.7089888119535024;2.163800330939484
2020-05-01 00:00:00;Pais vasco;Tomates;1973.623296665225;1355.8004867704976;2591.4461065599526;3796.621811896682;2187.8896165176893;5405.354007275675;2.0276854015077794;1.8002794743078305;2.2550913287077283
2020-06-01 00:00:00;Pais vasco;Tomates;2094.796187746154;1399.6389678057758;2789.953407686532;4396.818698718892;2678.7705679715714;6114.866829466213;1.9757230741835068;1.748316979282253;2.2031291690847605
2020-02-01 00:00:00;Valencia;Tomates;4327.7;4327.7;4327.7;7714.38;7714.38;7714.38;1.78;1.78;1.78
2020-03-01 00:00:00;Valencia;Tomates;5073.262462669771;3825.1137645301114;6321.41116080943;8697.52188977907;5586.349541953909;11808.69423760423;1.7500303124069039;1.6420477150542583;1.8580129097595495
2020-04-01 00:00:00;Valencia;Tomates;4142.198281747788;2879.8505408918973;5404.546022603679;7701.408426640757;4452.008046343857;10950.808806937657;1.7461037699929052;1.6381211721608886;1.8540863678249218
2020-05-01 00:00:00;Valencia;Tomates;6067.986572212861;4535.259260409747;7600.713884015974;9822.959531966015;5769.536754653402;13876.382309278628;1.7477520737435044;1.639769475437169;1.8557346720498398
2020-06-01 00:00:00;Valencia;Tomates;6375.24703324375;4769.934669353669;7980.55939713383;10501.56051966569;6210.593373137397;14792.527666193984;1.7366841100747419;1.6287015112940875;1.8446667088553963
2020-02-01 00:00:00;Nacional;Cebollas;26921.73;26921.73;26921.73;32968.26;32968.26;32968.26;1.22;1.22;1.22
2020-03-01 00:00:00;Nacional;Cebollas;26784.42315627748;23900.14886157437;29668.69745098059;35012.92965229284;30292.580572611234;39733.278731974446;1.2413056082792342;1.1355111102134683;1.347100106345
2020-04-01 00:00:00;Nacional;Cebollas;26418.917346815826;23044.788470550808;29793.046223080844;35962.54123876202;30196.683502912154;41728.39897461189;1.2666324598746372;1.0970533417617863;1.4362115779874882
2020-05-01 00:00:00;Nacional;Cebollas;26692.888314527805;23195.496018705813;30190.280610349797;35589.44311503854;28940.493165906082;42238.393064171;1.2476602562421146;1.0282100233308717;1.4671104891533575
2020-06-01 00:00:00;Nacional;Cebollas;26487.528812145083;22664.560956744794;30310.496667545372;34743.41437367193;27315.631701697916;42171.19704564594;1.245270526503902;0.9844288583102754;1.5061121946975284
2020-07-01 00:00:00;Nacional;Cebollas;26641.459447829133;22669.605001504508;30613.313894153758;36157.39980125292;28025.033883631764;44289.76571887407;1.2334928748314267;0.9367771253985497;1.5302086242643036
2020-08-01 00:00:00;Nacional;Cebollas;26526.07817582967;22305.566022325704;30746.590329333634;35903.4474497248;27122.855475712175;44684.03942373743;1.2170146063355733;0.8882700861887668;1.54575912648238
2020-09-01 00:00:00;Nacional;Cebollas;26612.564130162627;22234.173348922075;30990.95491140318;32541.70065024207;23157.553624001288;41925.84767648285;1.224075154011387;0.8661457100462994;1.5820045979764745
2020-10-01 00:00:00;Nacional;Cebollas;26547.73714249588;21962.478305402798;31132.995979588963;32869.17121843398;22918.008703123895;42820.33373374406;1.2123064585875085;0.8273960967599094;1.5972168204151076
2020-11-01 00:00:00;Nacional;Cebollas;26596.329290924576;21852.967802388936;31339.690779460216;32520.594621675642;22033.02791618474;43008.16132716654;1.2099527117657196;0.7998320161977976;1.6200734073336416
2020-02-01 00:00:00;Andalucia;Cebollas;4506.42;4506.42;4506.42;5102.97;5102.97;5102.97;1.13;1.13;1.13
2020-03-01 00:00:00;Andalucia;Cebollas;4551.4255153922595;4063.5485673223975;5039.3024634621215;5373.243749901552;4756.856492242993;5989.631007560111;1.0665559356354741;0.9523753674690383;1.18073650380191
2020-04-01 00:00:00;Andalucia;Cebollas;4548.063986403518;3920.1939157569414;5175.934057050095;5753.213729003548;4796.9197924176615;6709.5076655894345;1.0070401603950005;0.8187576460938506;1.1953226746961505
2020-05-01 00:00:00;Andalucia;Cebollas;4548.788359796377;3658.915594867934;5438.66112472482;5573.115560368072;4369.345260477754;6776.88586025839;1.0521907318448416;0.8046105775991654;1.2997708860905177
2020-06-01 00:00:00;Andalucia;Cebollas;4548.632265110286;3486.498117225682;5610.766412994891;5503.587728971662;4095.174516648972;6912.000941294352;1.097237534143648;0.8001524866038214;1.3943225816834746
2020-02-01 00:00:00;Aragon;Cebollas;769.13;769.13;769.13;958.33;958.33;958.33;1.25;1.25;1.25
2020-03-01 00:00:00;Aragon;Cebollas;793.9132245960794;596.4207087665715;991.4057404255874;970.6249754322442;647.9594203119987;1293.2905305524898;1.2490621717095922;0.9660357836133315;1.532088559805853
2020-04-01 00:00:00;Aragon;Cebollas;798.2895389053189;599.3644397867458;997.2146380238919;970.147272470452;620.4913506138353;1319.8031943270687;1.347517534488488;1.0334225651330309;1.661612503843945
2020-05-01 00:00:00;Aragon;Cebollas;795.4629939254114;435.4172514543592;1155.5087363964635;973.4749998822593;598.7678249873229;1348.1821747771958;1.2705374933983236;0.8913852885303905;1.6496896982662568
2020-06-01 00:00:00;Aragon;Cebollas;797.2885841273246;426.68300997390725;1167.894158280742;989.6657904146157;591.4803183716384;1387.8512624575928;1.4391583703015416;1.02246131161127;1.8558554289918132
2020-02-01 00:00:00;Asturias;Cebollas;722.57;722.57;722.57;954.39;954.39;954.39;1.32;1.32;1.32
2020-03-01 00:00:00;Asturias;Cebollas;609.946436512206;470.49788461805633;749.3949884063557;981.5170065597478;765.5501340222099;1197.4838790972856;1.3354620157369634;1.1718648579564392;1.4990591735174876
2020-04-01 00:00:00;Asturias;Cebollas;669.7722649668934;516.898360032545;822.6461699012418;892.5955490137626;676.6097642066214;1108.5813338209036;1.3629680249591145;1.164789768501639;1.56114628141659
2020-05-01 00:00:00;Asturias;Cebollas;643.0653716224572;489.29842514053723;796.8323181043771;919.4454377620035;703.440742341121;1135.450133182886;1.394012319996795;1.1579729933694265;1.6300516466241637
2020-06-01 00:00:00;Asturias;Cebollas;654.9876160866742;500.3079370946928;809.6672950786556;1001.764710191963;785.741105812766;1217.7883145711598;1.4352635158536602;1.1690799270012486;1.7014471047060717
2020-02-01 00:00:00;Baleares;Cebollas;778.45;778.45;778.45;974.71;974.71;974.71;1.25;1.25;1.25
2020-03-01 00:00:00;Baleares;Cebollas;800.9293147552874;646.2125361962289;955.6460933143458;1061.15994130225;844.6489565951128;1277.6709260093871;1.1916781725598626;0.9946053916984453;1.38875095342128
2020-04-01 00:00:00;Baleares;Cebollas;727.9063994822988;549.6520101016856;906.1607888629119;1082.6006111960232;866.0851605068096;1299.1160618852368;1.1523735482731714;0.9202500911315397;1.3844970054148031
2020-05-01 00:00:00;Baleares;Cebollas;758.7647358855938;578.7767881944752;938.7526835767125;1058.9013122721765;842.3813956930029;1275.4212288513502;1.2583343114499344;0.9815517633517097;1.535116859548159
2020-06-01 00:00:00;Baleares;Cebollas;745.7244878755125;564.5186281383222;926.9303476127028;1046.982231270437;830.4578488934139;1263.5066136474602;1.2598594817466493;0.9496197912713236;1.570099172221975
2020-02-01 00:00:00;Canarias;Cebollas;1204.77;1204.77;1204.77;1503.35;1503.35;1503.35;1.25;1.25;1.25
2020-03-01 00:00:00;Canarias;Cebollas;1222.7362006132792;873.7027015297929;1571.7696996967654;1649.9944873454754;1244.5689005568306;2055.42007413412;1.2785696625638956;1.1317996334703997;1.4253396916573915
2020-04-01 00:00:00;Canarias;Cebollas;1211.0232635346154;790.8970012479431;1631.1495258212876;1760.5506056450301;1332.7282563475878;2188.3729549424725;1.3877199588394267;1.2031936231136906;1.5722462945651627
2020-05-01 00:00:00;Canarias;Cebollas;1221.1707312962776;759.4199801337643;1682.921482458791;1649.3108364372627;1200.2072640913632;2098.414408783162;1.317922244592929;1.0977247949310496;1.5381196942548085
2020-06-01 00:00:00;Canarias;Cebollas;1212.3795031625975;697.2885184105252;1727.4704879146698;1603.9043958961843;1134.4833963346878;2073.3253954576808;1.3328741071246941;1.0829693109917198;1.5827789032576685
2020-02-01 00:00:00;Cantabria;Cebollas;257.66;257.66;257.66;330.27;330.27;330.27;1.28;1.28;1.28
2020-03-01 00:00:00;Cantabria;Cebollas;417.7809094944255;84.8836261776732;750.6781928111777;319.66900285355996;-14.359772126690132;653.69777783381;1.361267368171602;1.074008812180526;1.6485259241626782
2020-04-01 00:00:00;Cantabria;Cebollas;388.9033676169522;56.00540776081766;721.8013274730868;325.79126364588313;-8.258962595899163;659.8414898876654;1.4396958860080808;1.0805674649842503;1.7988243070319114
2020-05-01 00:00:00;Cantabria;Cebollas;394.48081093422246;55.957545885373065;733.0040759830719;257.1373589056536;-76.93431722024206;591.2090350315493;1.3938399186482489;0.9655069322128499;1.8221729050836477
2020-06-01 00:00:00;Cantabria;Cebollas;393.4035767953421;51.23748266991697;735.5696709207672;447.61217000365616;113.51904537080065;781.7052946365117;1.3590537488591619;0.8733609182369886;1.8447465794813351
2020-02-01 00:00:00;Castilla la mancha;Cebollas;736.96;736.96;736.96;806.47;806.47;806.47;1.09;1.09;1.09
2020-03-01 00:00:00;Castilla la mancha;Cebollas;759.0156935072595;373.5892733039768;1144.4421137105421;815.9876455170137;593.9398184218378;1038.0354726121896;1.1950655520398903;1.0151886293399877;1.374942474739793
2020-04-01 00:00:00;Castilla la mancha;Cebollas;774.0274435733118;318.29671046577675;1229.7581766808466;817.4264772419448;543.8728127280939;1090.9801417557956;1.2568207754279508;1.0281695621883093;1.4854719886675922
2020-05-01 00:00:00;Castilla la mancha;Cebollas;776.6208173910084;303.1190530512681;1250.1225817307486;816.4554664496808;499.6621943932436;1133.248738506118;1.1825205953961166;0.9093367928524199;1.4557043979398134
2020-06-01 00:00:00;Castilla la mancha;Cebollas;777.0688389560305;291.25222188557854;1262.8854560264824;817.0644658721935;462.26262389347556;1171.8663078509114;1.1573708889114798;0.8468161285489391;1.4679256492740205
2020-02-01 00:00:00;Castilla leon;Cebollas;1026.99;1026.99;1026.99;1272.94;1272.94;1272.94;1.24;1.24;1.24
2020-03-01 00:00:00;Castilla leon;Cebollas;1468.7169210001196;376.0653267849257;2561.3685152153134;1670.755774033878;391.19501620453593;2950.31653186322;1.2849998868608032;1.1414947891585976;1.428504984563009
2020-04-01 00:00:00;Castilla leon;Cebollas;1274.2213150076109;183.82207181246417;2364.620558202758;1727.758632225579;448.1947769291912;3007.3224875219667;1.3599996988849934;1.1578937137216911;1.5621056840482956
2020-05-01 00:00:00;Castilla leon;Cebollas;1462.3857857110947;371.2042091745466;2553.567362247643;1754.6223338549723;475.0553810990368;3034.189286610908;1.3349997615203366;1.087810032758755;1.5821894902819182
2020-06-01 00:00:00;Castilla leon;Cebollas;1280.346361969635;191.23131169328644;2369.4614122459834;1684.8076414020647;405.23759119407964;2964.3776916100496;1.3349997615739455;1.0497653467813892;1.6202341763665018
2020-02-01 00:00:00;Cataluña;Cebollas;5553.74;5553.74;5553.74;6909.85;6909.85;6909.85;1.24;1.24;1.24
2020-03-01 00:00:00;Cataluña;Cebollas;5110.582475662202;4416.39998884576;5804.7649624786445;8057.258257098891;7318.515568685711;8796.00094551207;1.1996238162037747;1.1359838215509532;1.2632638108565961
2020-04-01 00:00:00;Cataluña;Cebollas;4978.215624969028;4258.06151505687;5698.369734881186;8263.607447594019;7224.297387228567;9302.91750795947;1.178178036275951;1.058913373985129;1.297442698566773
2020-05-01 00:00:00;Cataluña;Cebollas;5077.3000859502135;4355.323574119972;5799.276597780455;8007.463052410973;6736.797855173815;9278.128249648133;1.1981818055316784;1.0271113779643486;1.3692522330990082
2020-06-01 00:00:00;Cataluña;Cebollas;5003.129473319341;4269.538134260591;5736.720812378091;7204.907487914466;5738.9556860592165;8670.859289769716;1.2261087505209023;1.0079512125540129;1.4442662884877917
2020-02-01 00:00:00;Extremadura;Cebollas;607.81;607.81;607.81;676.56;676.56;676.56;1.11;1.11;1.11
2020-03-01 00:00:00;Extremadura;Cebollas;660.4880277070391;301.1555041384167;1019.8205512756615;780.5109672100842;254.29992439334524;1306.7220100268232;1.07879482681487;0.8711693312824765;1.2864203223472634
2020-04-01 00:00:00;Extremadura;Cebollas;683.8368676549409;289.7404873234676;1077.9332479864142;684.4554553417296;99.66308862922972;1269.2478220542293;0.9845661116522137;0.7319043850829496;1.2372278382214779
2020-05-01 00:00:00;Extremadura;Cebollas;691.6818590314705;291.93317843938706;1091.4305396235538;615.4090934303301;-22.608275258120102;1253.4264621187804;1.040862401548412;0.7399195344422875;1.3418052686545365
2020-06-01 00:00:00;Extremadura;Cebollas;694.3177026037913;293.2943334054668;1095.341071802116;1049.2720007404087;362.14012596595103;1736.4038755148663;0.9504650906286424;0.6107956489799145;1.2901345322773703
2020-02-01 00:00:00;Galicia;Cebollas;1456.1;1456.1;1456.1;1990.35;1990.35;1990.35;1.37;1.37;1.37
2020-03-01 00:00:00;Galicia;Cebollas;1605.4474380143304;403.7536635217475;2807.1412125069132;2030.671682767565;654.0768266962662;3407.266538838864;1.3235473196854262;1.1859097739699096;1.4611848654009427
2020-04-01 00:00:00;Galicia;Cebollas;1669.0489453049518;364.1815950943803;2973.9162955155234;2669.629807581823;1265.9313878379933;4073.3282273256527;1.3003153576025;1.1406005462151332;1.4600301689898667
2020-05-01 00:00:00;Galicia;Cebollas;1696.236149839214;366.5531042364039;3025.919195442024;2612.8110919863584;1182.5226212851887;4043.0995626875283;1.292531679831681;1.1017714645907681;1.483291895072594
2020-06-01 00:00:00;Galicia;Cebollas;1707.8576368428216;370.7855817214265;3044.9296919642165;2928.651291347621;1472.2581558069262;4385.044426888316;1.2936767183461428;1.080689580830033;1.5066638558622527
2020-02-01 00:00:00;La rioja;Cebollas;146.6;146.6;146.6;267.9;267.9;267.9;1.83;1.83;1.83
2020-03-01 00:00:00;La rioja;Cebollas;136.67729143649623;62.685934850140626;210.66864802285184;232.16059825655236;69.77700801700627;394.54418849609846;1.2617156788498107;0.86525535612015;1.6581760015794713
2020-04-01 00:00:00;La rioja;Cebollas;146.26811625415047;69.26699144873045;223.2692410595705;233.82822505818285;71.44429539136394;396.21215472500177;1.7096914211156744;1.3128412476440625;2.1065415945872865
2020-05-01 00:00:00;La rioja;Cebollas;138.28230447341153;61.09163841868856;215.4729705281345;233.76553397228312;71.38126487890088;396.14980306566537;1.2656803957691807;0.7164742268697599;1.8148865646686014
2020-06-01 00:00:00;La rioja;Cebollas;144.93170022506771;65.4988627868204;224.36453766331505;235.7026995057592;73.31809098652315;398.08730802499525;1.4920126141517565;0.9417767387617354;2.0422484895417776
2020-02-01 00:00:00;Madrid;Cebollas;3318.14;3318.14;3318.14;3967.32;3967.32;3967.32;1.2;1.2;1.2
2020-03-01 00:00:00;Madrid;Cebollas;3224.5527717247496;2574.758695819288;3874.3468476302114;4208.489453517373;3617.43844958741;4799.540457447335;1.2299999215834694;1.0968682124957312;1.3631316306712076
2020-04-01 00:00:00;Madrid;Cebollas;3318.814085284016;2599.4273565498097;4038.2008140182224;4137.547164619085;3354.0312097344477;4921.063119503723;1.314999737887227;1.137600262322736;1.4923992134517179
2020-05-01 00:00:00;Madrid;Cebollas;3269.89519721423;2542.157335093159;3997.633059335301;4124.673835356338;3187.41548576912;5061.9321849435555;1.2799998139811586;1.0663056403479743;1.493693987614343
2020-06-01 00:00:00;Madrid;Cebollas;3295.2826814283094;2560.4986772912243;4030.0666855653944;3985.184972752604;2916.068900390428;5054.30104511478;1.2449998900980295;1.0004472834109546;1.4895524967851044
2020-02-01 00:00:00;Murcia;Cebollas;811.42;811.42;811.42;1042.88;1042.88;1042.88;1.29;1.29;1.29
2020-03-01 00:00:00;Murcia;Cebollas;829.1249267198434;623.5754229827514;1034.6744304569354;1073.2839686677812;892.3655353849485;1254.2024019506139;1.2690563307447864;1.109516290620889;1.4285963708686837
2020-04-01 00:00:00;Murcia;Cebollas;790.4376502785467;544.9514765477368;1035.9238240093566;1157.9926730175607;891.5440872043919;1424.4412588307296;1.2822621596316086;1.0765063776028772;1.48801794166034
2020-05-01 00:00:00;Murcia;Cebollas;800.2030944668671;554.7305566245703;1045.675632309164;1254.7673189586578;924.2250096211685;1585.3096282961471;1.2483601783614282;1.0020353662435129;1.4946849904793436
2020-06-01 00:00:00;Murcia;Cebollas;797.7381005730762;550.7042432056703;1044.771957940482;1023.8016785401113;639.71628745828;1407.8870696219426;1.2376292379210572;0.957020554257208;1.5182379215849062
2020-02-01 00:00:00;Navarra;Cebollas;325.32;325.32;325.32;436.46;436.46;436.46;1.34;1.34;1.34
2020-03-01 00:00:00;Navarra;Cebollas;419.58363847039845;-260.2611013438567;1099.4283782846537;550.0487158004871;-153.46673120545051;1253.5641628064247;1.2083197882452679;0.7090598905210235;1.7075796859695123
2020-04-01 00:00:00;Navarra;Cebollas;428.67581993133734;-261.71341611366955;1119.0650559763442;554.3439551620513;-149.17687716341845;1257.864787487521;1.1776225930602011;0.6109580143933725;1.7442871717270299
2020-05-01 00:00:00;Navarra;Cebollas;422.78328254833144;-267.7714922295856;1113.3380573262484;556.9778746183244;-146.54834298545416;1260.504092222103;1.243683131254661;0.5641046618250685;1.9232616006842536
2020-06-01 00:00:00;Navarra;Cebollas;426.6021677035928;-266.75692460937574;1119.9612600165613;556.5861104294414;-146.94549241142374;1260.1177132703065;1.2628230769821922;0.5092983325883182;2.0163478213760664
2020-02-01 00:00:00;Pais vasco;Cebollas;1661.01;1661.01;1661.01;2248.97;2248.97;2248.97;1.35;1.35;1.35
2020-03-01 00:00:00;Pais vasco;Cebollas;1461.1976029514124;1203.6138513507285;1718.7813545520962;2298.1968193818075;1856.5455617750176;2739.8480769885973;1.3428827091003634;1.2155819795335845;1.4701834386671424
2020-04-01 00:00:00;Pais vasco;Cebollas;1405.8553104858013;1130.8504665989458;1680.8601543726568;2357.154353837971;1770.9064146355793;2943.4022930403626;1.322557491534224;1.1381528620494454;1.5069621210190025
2020-05-01 00:00:00;Pais vasco;Cebollas;1380.6770770288701;1100.9099802141122;1660.444173843628;2325.6297914219035;1623.976416105827;3027.28316673798;1.3352773657302128;1.1074987278135455;1.5630560036468801
2020-06-01 00:00:00;Pais vasco;Cebollas;1369.222122566952;1087.8953208021203;1650.5489243317838;2228.313158179166;1427.7207075740935;3028.905608784238;1.3327336849359983;1.0686031855108276;1.596864184361169
2020-02-01 00:00:00;Valencia;Cebollas;3038.61;3038.61;3038.61;3524.54;3524.54;3524.54;1.16;1.16;1.16
2020-03-01 00:00:00;Valencia;Cebollas;3065.960878894596;2587.0780841884034;3544.843673600789;3517.2633973025;2846.3368572682457;4188.189937336754;1.2099999619268242;1.1053857896463462;1.3146141342073023
2020-04-01 00:00:00;Valencia;Cebollas;2961.177744702299;2424.974325086221;3497.381164318377;3509.2945718857973;2829.614005631704;4188.975138139891;1.2699999096431354;1.1079195866660654;1.4320802326202053
2020-05-01 00:00:00;Valencia;Cebollas;3012.585968532655;2470.3322102699412;3554.8397267953687;3548.2021763549646;2859.8789077052447;4236.525445004685;1.2249999500477564;1.0188948607337214;1.4311050393617915
2020-06-01 00:00:00;Valencia;Cebollas;2987.3643000097236;2440.295631790511;3534.4329682289363;3480.834823283073;2783.976034010968;4177.693612555178;1.1899999813663131;0.9474030760063533;1.432596886726273
2020-02-01 00:00:00;Nacional;Ajos;2615.42;2615.42;2615.42;11657.82;11657.82;11657.82;4.46;4.46;4.46
2020-03-01 00:00:00;Nacional;Ajos;2608.739835382634;1024.5153931644554;4192.964277600812;11501.996143705537;6844.172177202745;16159.82011020833;4.483030953040129;-1955.4810101540143;1964.4470720600943
2020-04-01 00:00:00;Nacional;Ajos;2539.8621121864185;557.9561161737081;4521.768108199129;11479.136160853895;6799.036502802743;16159.235818905048;4.5061808356030975;-1965.5789488246253;1974.5913104958315
2020-05-01 00:00:00;Nacional;Ajos;2493.547484865152;506.4105101611058;4480.684459569198;11465.716657291146;6784.689955667803;16146.74335891449;4.529450261772272;-1975.729029119569;1984.7879296431138
2020-06-01 00:00:00;Nacional;Ajos;2467.470699563397;475.26340385253684;4459.677995274257;11452.979557562207;6771.823856562095;16134.135258562317;4.552839848719275;-1985.9315230901668;1995.0372027876053
2020-02-01 00:00:00;Andalucia;Ajos;546.94;546.94;546.94;2223.92;2223.92;2223.92;4.07;4.07;4.07
2020-03-01 00:00:00;Andalucia;Ajos;533.6978219105634;442.80544710379786;624.590196717329;1992.6895339073578;1178.6171442941845;2806.761923520531;4.094991088620719;-1955.8690410187573;1964.0590231959986
2020-04-01 00:00:00;Andalucia;Ajos;512.174826345985;383.7019135683031;640.647739123667;2001.429117043027;1187.704939692066;2815.153294393988;4.1201356301166205;-1967.8787415837166;1976.11901284395
2020-05-01 00:00:00;Andalucia;Ajos;551.0540439776996;422.57508799069217;679.5329999647071;1997.430439048115;1182.8070115654905;2812.0538665307395;4.1454345674825746;-1979.962161772173;1988.2530309071383
2020-06-01 00:00:00;Andalucia;Ajos;619.8685336177186;491.3850636625034;748.3520035729339;1994.1141862928907;1178.7185769228065;2809.509795662975;4.170888848334594;-1992.1197778548067;2000.461555551476
2020-02-01 00:00:00;Aragon;Ajos;75.57;75.57;75.57;375.09;375.09;375.09;4.96;4.96;4.96
2020-03-01 00:00:00;Aragon;Ajos;73.67586573122102;47.818629590758086;99.53310187168395;238.59503059513204;-1068.0783898554798;1545.268451045744;4.992663735372056;-1954.971821634302;1964.9571491050463
2020-04-01 00:00:00;Aragon;Ajos;70.08726328936305;42.79376266465577;97.38076391407033;217.52001428462023;-1162.9971478825241;1598.0371764517645;5.0255426927903395;-1967.8460739823834;1977.8971593679642
2020-05-01 00:00:00;Aragon;Ajos;64.73884922490362;37.437445482816294;92.04025296699095;177.75650816015312;-1299.8109001228145;1655.3239164431207;5.058638135819295;-1980.8052823651901;1990.9225586368289
2020-06-01 00:00:00;Aragon;Ajos;74.38750371954193;47.07812310183561;101.69688433724824;149.74339774066317;-1382.086175762685;1681.5729712440111;5.091951527120951;-1993.8498325096034;2004.0337355638453
2020-02-01 00:00:00;Asturias;Ajos;76.13;76.13;76.13;329.3;329.3;329.3;4.33;4.33;4.33
2020-03-01 00:00:00;Asturias;Ajos;60.64797154245057;47.05836622906765;74.2375768558335;329.25868674944564;227.90514313874434;430.61223036014695;4.351900216166821;-1955.612373313471;1964.3161737458045
2020-04-01 00:00:00;Asturias;Ajos;61.7820385314347;45.15431297842483;78.40976408444457;328.72605383941834;224.0188588462599;433.4332488325768;4.373910920699365;-1965.5032528655493;1974.2510747069482
2020-05-01 00:00:00;Asturias;Ajos;67.90433736105173;51.27871994823455;84.52995477386891;328.083574927038;223.03750205028433;433.12964780379167;4.396033021761281;-1975.4443125859937;1984.2363786295161
2020-06-01 00:00:00;Asturias;Ajos;63.39540273029579;46.77182628909456;80.01897917149702;327.4173692598695;222.32449902280206;432.5102394969369;4.418267010642649;-1985.43565130923;1994.2721853305154
2020-02-01 00:00:00;Baleares;Ajos;48.49;48.49;48.49;253.98;253.98;253.98;5.24;5.24;5.24
2020-03-01 00:00:00;Baleares;Ajos;72.76679351272968;43.41894578778452;102.11464123767483;287.91591849792366;160.11263208441574;415.7192049114316;5.190401933321033;-1954.7749459834704;1965.1557498501124
2020-04-01 00:00:00;Baleares;Ajos;61.21854684915291;25.336629241410265;97.10046445689555;299.5061884713871;166.26092767420008;432.7514492685741;5.141275258539517;-1936.2726616508835;1946.5552121679625
2020-05-01 00:00:00;Baleares;Ajos;75.24074269142271;39.361361445105814;111.1201239377396;305.6845402789611;171.6045515820222;439.7645289759;5.092613081773821;-1917.94620066003;1928.1314268235776
2020-06-01 00:00:00;Baleares;Ajos;50.1821604506654;14.305235492885949;86.05908540844484;310.58937454975967;176.22501619764057;444.95373290187877;5.0444114925722;-1899.79320310613;1909.8820260912744
2020-02-01 00:00:00;Canarias;Ajos;81.84;81.84;81.84;348.11;348.11;348.11;4.25;4.25;4.25
2020-03-01 00:00:00;Canarias;Ajos;87.2263626034181;51.8923735188121;122.5603516880241;366.00910097903517;222.49230787921846;509.5258940788519;4.276680803270806;-1955.6874048813902;1964.240766487932
2020-04-01 00:00:00;Canarias;Ajos;94.31064864748915;55.371395523847035;133.24990177113125;368.7983641170566;218.06389311754813;519.5328351165651;4.303529103883082;-1967.9649348615906;1976.571993069357
2020-05-01 00:00:00;Canarias;Ajos;86.36837721322404;47.4444750869755;125.29227933947257;367.163320944999;215.54812727952222;518.7785146104758;4.330545956861229;-1980.3195013165816;1988.980593230304
2020-06-01 00:00:00;Canarias;Ajos;104.77731595042935;65.8686260852787;143.68600581558002;364.2490747801606;212.5325461031462;515.965603457175;4.357732417230711;-1992.751627697728;2001.4670925321893
2020-02-01 00:00:00;Cantabria;Ajos;26.43;26.43;26.43;128.27;128.27;128.27;4.85;4.85;4.85
2020-03-01 00:00:00;Cantabria;Ajos;26.387496056152532;-9.164254041567627;61.93924615387269;134.8600459958017;26.149510584402222;243.5705814072012;4.841616291473857;-1955.1233729266635;1964.8066055096112
2020-04-01 00:00:00;Cantabria;Ajos;19.57684652758295;-16.220034681045618;55.37372773621152;132.75025371210455;18.52509578663873;246.97541163757037;4.833247275526281;-1951.7439832810032;1961.4104778320557
2020-05-01 00:00:00;Cantabria;Ajos;26.782782622962543;-9.00638060115083;62.571945847075916;133.8155292939918;18.32590699969822;249.30515158828538;4.824892767558797;-1948.3703145323534;1958.020100067471
2020-06-01 00:00:00;Cantabria;Ajos;20.819534106751156;-14.962213900669788;56.6012821141721;133.72269560306273;18.262037783820034;249.18335342230543;4.8165527007732765;-1945.0024773682796;1954.635582769826
2020-02-01 00:00:00;Castilla la mancha;Ajos;119.02;119.02;119.02;434.16;434.16;434.16;3.65;3.65;3.65
2020-03-01 00:00:00;Castilla la mancha;Ajos;58.113240616629966;28.124584061051507;88.10189717220842;289.7443538991395;114.14749205673613;465.3412157415429;3.6413299270590422;-1956.3228652154376;1963.6055250695558
2020-04-01 00:00:00;Castilla la mancha;Ajos;70.83660016861992;34.776698460166834;106.896501877073;313.14221554087896;135.09663850973382;491.18779257202414;3.6326804138708235;-1951.675887109339;1958.9412479370806
2020-05-01 00:00:00;Castilla la mancha;Ajos;80.48572635197925;44.39383557698405;116.57761712697445;303.5574643925395;125.29514271551565;481.8197860695633;3.624051443797943;-1947.0399330540465;1954.2880359416424
2020-06-01 00:00:00;Castilla la mancha;Ajos;66.3890839971521;30.26655880231334;102.51160919199086;300.53545043892325;122.34445396102794;478.72644691681853;3.615442970745454;-1942.4149911264321;1949.6458770679233
2020-02-01 00:00:00;Castilla leon;Ajos;124.98;124.98;124.98;545.04;545.04;545.04;4.36;4.36;4.36
2020-03-01 00:00:00;Castilla leon;Ajos;109.3345417035581;-661.9321960195939;880.6012794267101;759.7763098901487;-2427.1473231487253;3946.6999429290227;4.412250583925347;-1955.5519121672507;1964.3764133351012
2020-04-01 00:00:00;Castilla leon;Ajos;98.71697859783961;-670.2584915803027;867.6924487759818;745.0329174994623;-2440.4375540395217;3930.503389038446;4.4651273665961275;-1978.9874538169586;1987.9177085501508
2020-05-01 00:00:00;Castilla leon;Ajos;88.52260909609127;-678.4579588215713;855.5031770137539;736.5114512591889;-2449.197431667278;3922.220334185656;4.518637825208659;-2002.7038741518581;2011.7411498022757
2020-06-01 00:00:00;Castilla leon;Ajos;79.32202057564967;-686.030573377818;844.6746145291174;727.9279778400121;-2457.9421025515758;3913.7980582316004;4.572789557618292;-2026.704513219818;2035.8500923350546
2020-02-01 00:00:00;Cataluña;Ajos;424.35;424.35;424.35;2177.86;2177.86;2177.86;5.13;5.13;5.13
2020-03-01 00:00:00;Cataluña;Ajos;305.1877311634409;150.16917363191547;460.20628869496636;2101.5714783948074;1195.8057245308676;3007.3372322587475;5.1598847907964975;-1954.8047669879286;1965.1245365695215
2020-04-01 00:00:00;Cataluña;Ajos;335.62178764196295;128.0556297009156;543.1879455830103;2107.378851796053;1175.6108287381594;3039.1468748539464;5.189943949648754;-1966.1923140864342;1976.5722019857317
2020-05-01 00:00:00;Cataluña;Ajos;413.97342417416894;206.1268032293017;621.8200451190362;2127.9089619890324;1191.3596772234628;3064.458246754602;5.220178160063691;-1977.6464464170301;1988.0868027371573
2020-06-01 00:00:00;Cataluña;Ajos;366.216488077478;158.07231561614242;574.3606605388136;2151.2596490278147;1211.9554984534154;3090.563799602214;5.250588500989532;-1989.1673051826851;1999.6684821846643
2020-02-01 00:00:00;Extremadura;Ajos;76.38;76.38;76.38;312.29;312.29;312.29;4.09;4.09;4.09
2020-03-01 00:00:00;Extremadura;Ajos;89.73133301978599;-40.763460778679345;220.22612681825132;273.3482277911577;-251.30998893643653;798.0064445187519;4.10338676653035;-1955.8608870149417;1964.0676605480023
2020-04-01 00:00:00;Extremadura;Ajos;42.05816322404214;-137.48756596139737;221.60389240948166;195.33235525818782;-564.6450091865316;955.3097197029073;4.116817348590807;-1962.2628019778172;1970.4964366749987
2020-05-01 00:00:00;Extremadura;Ajos;34.767145761751756;-144.79015265227255;214.32444417577605;154.21816702800635;-687.8800737903316;996.3164078463442;4.130291889591707;-1968.6856697754115;1976.946253554595
2020-06-01 00:00:00;Extremadura;Ajos;44.44354618994376;-135.1198397609978;224.0069321408853;115.78552154008294;-777.714830740918;1009.285873821084;4.143810533412773;-1975.1295589904282;1983.4171800572537
2020-02-01 00:00:00;Galicia;Ajos;110.01;110.01;110.01;506.71;506.71;506.71;4.61;4.61;4.61
2020-03-01 00:00:00;Galicia;Ajos;83.17681740624829;-226.55560493482267;392.90923974731925;742.0620761276537;-29.80525111055283;1513.9294033658603;4.633246006251849;-1955.330944630472;1964.5974366429755
2020-04-01 00:00:00;Galicia;Ajos;139.1146132083764;-170.7744804373949;449.0037068541477;742.2056739732117;-30.174455553646908;1514.5858035000701;4.656609239041009;-1965.1908495224907;1974.5040680005727
2020-05-01 00:00:00;Galicia;Ajos;91.02475294078452;-218.6677744360398;400.71728031760887;737.3883974571633;-34.81895771821769;1509.5957526325442;4.680090282361864;-1975.100432156294;1984.4606127210175
2020-06-01 00:00:00;Galicia;Ajos;95.55833116531443;-213.95789778910006;405.0745601197289;732.4977949882518;-39.52802402673524;1504.523614003239;4.70368972930371;-1985.0599837071186;1994.467363165726
2020-02-01 00:00:00;La rioja;Ajos;27.22;27.22;27.22;160.23;160.23;160.23;5.89;5.89;5.89
2020-03-01 00:00:00;La rioja;Ajos;28.917934122990456;-65.0920678278493;122.92793607383022;98.48570114919708;-209.67697535265904;406.64837765105324;5.950372879330654;-1954.0149494236598;1965.915695182321
2020-04-01 00:00:00;La rioja;Ajos;17.441276197424337;-76.12494366183302;111.0074960566817;97.20639137975986;-210.7481027110814;405.1608854706011;6.011364954781726;-1974.0442009203211;1986.0669308298848
2020-05-01 00:00:00;La rioja;Ajos;26.610956271235118;-66.56711682687725;119.78902936934747;95.4220413493144;-212.37654406073574;403.2206267593645;6.072982270217092;-1994.27859531744;2006.4245598578743
2020-06-01 00:00:00;La rioja;Ajos;22.09969286864296;-70.73423353348448;114.93361927077041;93.67506649471734;-213.97269997482772;401.3228329642624;6.135231171588434;-2014.72039330263;2026.990855645807
2020-02-01 00:00:00;Madrid;Ajos;364.19;364.19;364.19;1575.12;1575.12;1575.12;4.32;4.32;4.32
2020-03-01 00:00:00;Madrid;Ajos;368.7908985056657;305.76705389460994;431.8147431167215;1408.2401117632426;893.223426178727;1923.256797347758;4.311145613483621;-1955.653051670691;1964.2753428976582
2020-04-01 00:00:00;Madrid;Ajos;346.65981342632307;279.3493740889595;413.97025276368663;1377.389213790527;850.4988678884976;1904.2795596925566;4.30230943747709;-1951.6446353355461;1960.2492542105003
2020-05-01 00:00:00;Madrid;Ajos;361.1386431613351;293.7811290867154;428.4961572359548;1371.1476414309627;843.2332182159049;1899.0620646460206;4.293491360686793;-1947.6445221072115;1956.2315048285852
2020-06-01 00:00:00;Madrid;Ajos;359.49705989612426;292.0915539270083;426.9025658652402;1369.3585183572748;841.2873411969955;1897.4296955175541;4.2846913575565635;-1943.6526075829313;1952.2219902980444
2020-02-01 00:00:00;Murcia;Ajos;81.2;81.2;81.2;319.46;319.46;319.46;3.93;3.93;3.93
2020-03-01 00:00:00;Murcia;Ajos;58.9198958977608;26.737833233884345;91.10195856163726;259.0840327961383;117.41121302655577;400.7568525657208;3.9453307489241785;-1956.0188363608404;1963.9094978586886
2020-04-01 00:00:00;Murcia;Ajos;59.658882658218225;27.468792399102654;91.8489729173338;253.7183908263518;111.7716247686221;395.6651568840815;3.960721278037249;-1963.6491782607723;1971.5706208168467
2020-05-01 00:00:00;Murcia;Ajos;76.6624092241787;44.482998621406594;108.84181982695081;250.87254555599674;108.9701124223781;392.7749786896154;3.9761718447263243;-1971.3092851647643;1979.2616288542172
2020-06-01 00:00:00;Murcia;Ajos;65.18725209970755;33.01800554669303;97.35649865272207;248.1688219745184;106.31808438341471;390.0195595656221;3.991682683268493;-1978.9992736906472;1986.982639057184
2020-02-01 00:00:00;Navarra;Ajos;35.09;35.09;35.09;215.77;215.77;215.77;6.15;6.15;6.15
2020-03-01 00:00:00;Navarra;Ajos;79.45323190912143;-164.41258820545548;323.3190520236983;401.99802554962656;-233.50158928972365;1037.4976403889768;6.141806716525971;-1953.8253468791388;1966.1089603121907
2020-04-01 00:00:00;Navarra;Ajos;77.10917010853825;-164.95607078112212;319.1744109981986;376.8848215841326;-264.6830618168526;1018.4527049851179;6.133626277968141;-1951.223021531882;1963.4902740878185
2020-05-01 00:00:00;Navarra;Ajos;70.92694284010864;-170.24256936238336;312.0964550426006;397.82813958365887;-246.9063640100877;1042.5626431774053;6.125456687274528;-1948.6242496928708;1960.8751630674196
2020-06-01 00:00:00;Navarra;Ajos;73.34261008218213;-166.98013860838307;313.66535877274737;409.36464524102746;-235.91849776873505;1054.64778825079;6.117297977943599;-1946.0289394222327;1958.2635353781197
2020-02-01 00:00:00;Pais vasco;Ajos;129.98;129.98;129.98;687.87;687.87;687.87;5.29;5.29;5.29
2020-03-01 00:00:00;Pais vasco;Ajos;125.90553100602514;96.26181201459248;155.5492499974578;597.2672337322703;428.92641591386274;765.6080515506778;5.256988989549348;-1954.7073030699007;1965.2212810489996
2020-04-01 00:00:00;Pais vasco;Ajos;124.84372623673623;82.45621012321816;167.23124235025432;553.0366890827988;365.71949944153636;740.3538787240614;5.224184021044279;-1942.5095016274197;1952.9578696695082
2020-05-01 00:00:00;Pais vasco;Ajos;106.26326549855925;52.68417681505808;159.84235418206043;530.1591077069319;338.2353040221567;722.0829113917071;5.191583778498064;-1930.3877500832948;1940.7709176402911
2020-06-01 00:00:00;Pais vasco;Ajos;93.47451143108779;31.190895297149247;155.75812756502634;517.1262410508909;323.9270475683886;710.3254345333933;5.159186969791428;-1918.3416413889502;1928.6600153285328
2020-02-01 00:00:00;Valencia;Ajos;267.6;267.6;267.6;1064.64;1064.64;1064.64;3.98;3.98;3.98
2020-03-01 00:00:00;Valencia;Ajos;258.25285940921987;72.34189592834664;444.1638228900931;1019.8688768362459;452.45542126726605;1587.2823324052258;3.9921438288770803;-1955.9719532032218;1963.9562408609759
2020-04-01 00:00:00;Valencia;Ajos;257.58610738695063;71.12779492973806;444.0444198441632;1013.4361827189337;441.84321245878334;1585.0291529790838;4.00432471116617;-1961.9401529631348;1969.9488023854672
2020-05-01 00:00:00;Valencia;Ajos;243.34246264479015;57.05716229372004;429.6277629958603;1010.5217495689043;438.78459449754905;1582.2589046402595;4.016542759925131;-1967.926562632288;1975.9596481521385
2020-06-01 00:00:00;Valencia;Ajos;271.6440175562435;85.5294762463077;457.7585588661793;1007.9355176040575;436.2421565455518;1579.6288786625632;4.028798088556791;-1973.931237774037;1981.9888339511508
2020-02-01 00:00:00;Nacional;Coles;7565.24;7565.24;7565.24;9222.49;9222.49;9222.49;1.22;1.22;1.22
2020-03-01 00:00:00;Nacional;Coles;5446.033390756457;4179.30796923397;6712.758812278945;8003.9400115065955;6871.810021176014;9136.070001837177;1.1449596388251024;1.0587138963512703;1.2312053812989345
2020-04-01 00:00:00;Nacional;Coles;5141.1419908511325;3871.3427209621814;6410.941260740084;5944.131324377136;4393.108393467053;7495.154255287218;1.190264979637086;1.0986147189045907;1.2819152403695815
2020-05-01 00:00:00;Nacional;Coles;4859.572192122375;3184.4591072186977;6534.685277026052;5740.442653333342;4189.419722423259;7291.465584243424;1.1441885261493299;1.0310208921294102;1.2573561601692496
2020-06-01 00:00:00;Nacional;Coles;4380.8452610023605;2705.7321760982513;6055.95834590647;5070.326437268319;3519.3035063582365;6621.349368178401;1.1501991046013071;1.0288774819959294;1.2715207272066849
2020-07-01 00:00:00;Nacional;Coles;4606.841238819239;2931.7281539151245;6281.954323723354;5111.169402950656;3560.146472040574;6662.1923338607385;1.11793661348534;0.983360241936996;1.2525129850336838
2020-08-01 00:00:00;Nacional;Coles;4417.1373154272915;2742.0242305231577;6092.250400331425;4829.039437644167;3278.016506734085;6380.06236855425;1.1194957097380598;0.9762953060055292;1.2626961134705903
2020-09-01 00:00:00;Nacional;Coles;5167.011956083639;3491.898871179505;6842.125040987774;6124.7019560693325;4573.67902515925;7675.724886979415;1.1567391032887204;1.0033763618095408;1.3101018447679
2020-10-01 00:00:00;Nacional;Coles;6294.3113312049145;4619.198246300795;7969.424416109034;7610.0222823946015;6058.999351484519;9161.045213304684;1.1683338613807603;1.0066867536009807;1.32998096916054
2020-11-01 00:00:00;Nacional;Coles;9306.035413486137;7630.922328582023;10981.148498390252;10347.487528175932;8796.46459726585;11898.510459086014;1.1260109453216194;0.9557319811857327;1.296289909457506
2020-02-01 00:00:00;Andalucia;Coles;819.24;819.24;819.24;1053.93;1053.93;1053.93;1.29;1.29;1.29
2020-03-01 00:00:00;Andalucia;Coles;917.6395455978012;737.1655011983544;1098.113589997248;968.3126740940495;719.513115254279;1217.11223293382;1.1733952256396707;0.902712438753012;1.4440780125263295
2020-04-01 00:00:00;Andalucia;Coles;578.1876509784989;365.75830005400815;790.6170019029897;803.6132751321703;553.5300655561584;1053.6964847081822;1.2468352976569752;0.9596858550142517;1.5339847402996987
2020-05-01 00:00:00;Andalucia;Coles;474.45287986322666;255.57183186931982;693.3339278571335;558.4989970880189;308.415787512007;808.5822066640308;1.1927459143491244;0.8377215855108688;1.5477702431873799
2020-06-01 00:00:00;Andalucia;Coles;312.09171501026447;93.2106840400883;530.9727459804407;414.1633747065322;164.0801651305203;664.2465842825441;1.238803392873653;0.8586826953708854;1.6189240903764208
2020-02-01 00:00:00;Aragon;Coles;312.77;312.77;312.77;401.39;401.39;401.39;1.28;1.28;1.28
2020-03-01 00:00:00;Aragon;Coles;171.79668935232104;36.91473056599142;306.67864813865066;185.72164675292294;-17.036974272246113;388.48026777809196;1.4709471028985739;0.8782434164407193;2.063650789356428
2020-04-01 00:00:00;Aragon;Coles;106.0075367537947;-29.0710809049839;241.0861544125733;82.36405892644265;-120.52962558263414;285.25774343551944;1.7367034306401854;1.0520040339340608;2.42140282734631
2020-05-01 00:00:00;Aragon;Coles;103.09091282496908;-50.04927486833151;256.23110051826967;138.79060951571637;-64.10307499336042;341.6842940247932;1.294923441796825;0.4765907678571144;2.1132561157365357
2020-06-01 00:00:00;Aragon;Coles;49.71897125765806;-103.42121426924115;202.85915678455729;146.397282633828;-56.49640187524878;349.29096714290483;1.4179513995454183;0.5054392805877209;2.3304635185031155
2020-02-01 00:00:00;Asturias;Coles;133.23;133.23;133.23;189.98;189.98;189.98;1.43;1.43;1.43
2020-03-01 00:00:00;Asturias;Coles;149.94287491224313;106.26188565682469;193.62386416766157;89.15192851544396;-73.49682330863783;251.80068033952574;1.1065340344358745;0.5925271005146506;1.6205409683570984
2020-04-01 00:00:00;Asturias;Coles;135.0575679223542;91.3552968887604;178.759838955948;115.82804472002647;-68.75349390717906;300.409583347232;1.0470421217742727;0.4663422781974601;1.6277419653510852
2020-05-01 00:00:00;Asturias;Coles;96.94408100333337;50.86378125571788;143.02438075094886;98.34024905889646;-86.24128956830907;282.921787686102;1.074693388013755;0.3774932811416575;1.7718934948858527
2020-06-01 00:00:00;Asturias;Coles;143.38291544902003;97.30261571232968;189.4632151857104;129.4914065636757;-55.090132063529836;314.0729451908812;0.9689708813052155;0.19719107799035562;1.7407506846200753
2020-02-01 00:00:00;Baleares;Coles;190.63;190.63;190.63;208.28;208.28;208.28;1.09;1.09;1.09
2020-03-01 00:00:00;Baleares;Coles;272.06010397609987;185.26956887496118;358.85063907723855;517.374901208987;340.8034491047689;693.9463533132051;1.0480959876833618;0.7991076107227466;1.297084364643977
2020-04-01 00:00:00;Baleares;Coles;170.56494252331333;88.74163020949186;252.3882548371348;153.7979406183783;-49.304100800861505;356.8999820376181;1.1098152924488045;0.8259975799552765;1.3936330049423327
2020-05-01 00:00:00;Baleares;Coles;215.83662674216404;115.62316729877168;316.05008618555644;256.8433645146668;53.74132309542699;459.9454059339066;1.080751341556768;0.740704979956983;1.4207977031565528
2020-06-01 00:00:00;Baleares;Coles;130.83298367334538;30.619523220230406;231.04644412646036;152.65939115377614;-50.44265026546367;355.76143257301595;0.9564027337213943;0.5788025750182502;1.3340028924245384
2020-02-01 00:00:00;Canarias;Coles;188.76;188.76;188.76;272.41;272.41;272.41;1.44;1.44;1.44
2020-03-01 00:00:00;Canarias;Coles;325.9242853962845;212.74377595301684;439.1047948395522;320.0389524925051;167.29038141226886;472.7875235727413;1.5553975285912798;1.3069543213841748;1.8038407357983848
2020-04-01 00:00:00;Canarias;Coles;273.255226328407;157.86264841173215;388.64780424508183;273.1444654768327;120.13612713357355;426.15280382009183;1.6052514914053284;1.1976995099760201;2.0128034728346367
2020-05-01 00:00:00;Canarias;Coles;293.59375105634814;152.84237066620187;434.3451314464944;358.2941580360787;205.2858196928196;511.30249637933787;1.5471047519931755;1.0128202088083973;2.081389295177954
2020-06-01 00:00:00;Canarias;Coles;276.13478051593546;135.38339982512267;416.8861612067483;277.64855148857316;124.64021314531402;430.6568898318323;1.6364517766142364;0.9965148001666632;2.2763887530618097
2020-02-01 00:00:00;Cantabria;Coles;11.38;11.38;11.38;14.06;14.06;14.06;1.24;1.24;1.24
2020-03-01 00:00:00;Cantabria;Coles;220.5614413788355;97.09390806674158;344.02897469092943;115.75968503484836;0.3113532690556866;231.20801680064102;1.1965206771752668;-2.2613103410862765;4.65435169543681
2020-04-01 00:00:00;Cantabria;Coles;-8.71796248318643;-244.36702161491513;226.93109664854228;45.19956293433514;-112.88389034765831;203.2830162163286;1.0961245181293122;-2.9898525447335516;5.182101580992176
2020-05-01 00:00:00;Cantabria;Coles;38.02619564411787;-209.24567296011546;285.2980642483512;43.638510525300035;-114.44494275669342;201.7219638072935;1.08935213197734;-3.7814905745808822;5.960194838535562
2020-06-01 00:00:00;Cantabria;Coles;5.2900211415442495;-241.98187644354832;252.56191872663683;20.73124903817099;-137.35220424382246;178.81470232016446;0.7366843803111938;-4.72716507779419;6.200533838416577
2020-02-01 00:00:00;Castilla la mancha;Coles;265.06;265.06;265.06;292.77;292.77;292.77;1.1;1.1;1.1
2020-03-01 00:00:00;Castilla la mancha;Coles;116.29825381170045;10.435145931319852;222.16136169208104;152.59786050027526;-19.597362790171672;324.7930837907222;1.07439567992353;0.7448584164904286;1.4039329433566312
2020-04-01 00:00:00;Castilla la mancha;Coles;25.758825006071323;-107.1021740505751;158.61982406271775;62.39115791435764;-173.39244235534662;298.1747581840619;1.099062505900046;0.7252311339709047;1.4728938778291876
2020-05-01 00:00:00;Castilla la mancha;Coles;93.87878552449801;-40.3194455311873;228.07701658018334;103.55958356805174;-132.22401670165254;339.343183837756;1.039629982314944;0.5912536120250435;1.4880063526048444
2020-06-01 00:00:00;Castilla la mancha;Coles;125.1327561702599;-9.06547446901287;259.33098680953265;143.717402923619;-92.06619734608526;379.5010031933233;1.1062147474305646;0.6091411682736858;1.6032883265874434
2020-02-01 00:00:00;Castilla leon;Coles;365.49;365.49;365.49;429.22;429.22;429.22;1.17;1.17;1.17
2020-03-01 00:00:00;Castilla leon;Coles;429.3800341527954;87.09496588263977;771.6651024229511;342.7094770065576;71.95112912217593;613.4678248909393;1.1124399162386978;0.8550007524849361;1.3698790799924594
2020-04-01 00:00:00;Castilla leon;Coles;459.96314759535545;138.72738401536765;781.1989111753433;615.230893193092;244.46770742893767;985.9940789572463;1.1034919084297976;0.8386413589640489;1.3683424578955463
2020-05-01 00:00:00;Castilla leon;Coles;289.80487113921544;-32.55085065500219;612.160592933433;352.8781077388723;-17.88507802528204;723.6412935030266;1.0087137658062393;0.6705502183912562;1.3468773132212224
2020-06-01 00:00:00;Castilla leon;Coles;149.9337510619372;-172.42194662571706;472.28944874959143;318.8295349944653;-51.93365076968905;689.5927207586196;1.2152333990149917;0.8631573923332914;1.567309405696692
2020-02-01 00:00:00;Cataluña;Coles;1379.35;1379.35;1379.35;1740.12;1740.12;1740.12;1.26;1.26;1.26
2020-03-01 00:00:00;Cataluña;Coles;1153.5284906293712;830.3172170954233;1476.739764163319;1394.5355272364632;1004.7011242344211;1784.3699302385053;1.2479067865089302;1.1013012146706904;1.39451235834717
2020-04-01 00:00:00;Cataluña;Coles;654.6232962177589;303.3007568564518;1005.945835579066;1038.3090372606061;644.3370107452791;1432.281063775933;1.259719746523244;1.0932429425630783;1.4261965504834095
2020-05-01 00:00:00;Cataluña;Coles;795.2826042911316;388.70036697286025;1201.864841609403;1023.3881630489492;629.4161365336222;1417.3601895642762;1.2513558204514386;1.0517284825823336;1.4509831583205435
2020-06-01 00:00:00;Cataluña;Coles;650.2486065370747;243.6658321686176;1056.8313809055317;860.5235773604057;466.55155084507874;1254.4956038757327;1.2733678834712152;1.0519824783407898;1.4947532886016406
2020-02-01 00:00:00;Extremadura;Coles;266.24;266.24;266.24;288.35;288.35;288.35;1.08;1.08;1.08
2020-03-01 00:00:00;Extremadura;Coles;202.47556073637955;101.37789401686489;303.5732274558942;210.6871975377284;68.82442884081175;352.549966234645;1.130855175866262;0.8709021753833354;1.3908081763491884
2020-04-01 00:00:00;Extremadura;Coles;101.80212527019272;-1.704801862463981;205.30905240284943;85.95233636002003;-57.933321731871885;229.83799445191192;1.0632512942854861;0.7765618207183179;1.3499407678526545
2020-05-01 00:00:00;Extremadura;Coles;143.64896525432727;35.91808699848504;251.3798435101695;149.59748839492102;5.711830303029103;293.4831464868129;1.096657833449503;0.749777516672692;1.4435381502263138
2020-06-01 00:00:00;Extremadura;Coles;74.64218267541813;-33.08869500249236;182.3730603533286;98.61115817541904;-45.27449991647288;242.49681626731095;1.1012721983746725;0.7211370728642768;1.4814073238850682
2020-02-01 00:00:00;Galicia;Coles;1074.86;1074.86;1074.86;1237.31;1237.31;1237.31;1.15;1.15;1.15
2020-03-01 00:00:00;Galicia;Coles;739.3478664049583;482.4144925720148;996.2812402379018;860.3173771597511;573.4710584382067;1147.1636958812956;1.1184504781142373;0.9598255371913729;1.2770754190371016
2020-04-01 00:00:00;Galicia;Coles;740.096914939509;490.3303848092695;989.8634450697485;789.2955380734965;457.7141663094284;1120.8769098375647;1.1211081243813357;0.9371144757865157;1.3051017729761556
2020-05-01 00:00:00;Galicia;Coles;733.6695992483194;416.06078042676114;1051.2784180698777;770.4898258364955;438.9084540724274;1102.0711976005637;1.1348313358225863;0.9150604467551451;1.3546022248900276
2020-06-01 00:00:00;Galicia;Coles;819.1678419201868;501.558924505617;1136.7767593347567;977.0359326584619;645.4545608943938;1308.61730442253;1.1286287718388224;0.8832787451369273;1.3739787985407175
2020-02-01 00:00:00;La rioja;Coles;110.32;110.32;110.32;132.54;132.54;132.54;1.2;1.2;1.2
2020-03-01 00:00:00;La rioja;Coles;143.6026171591244;90.85154887106691;196.3536854471819;31.621421072364523;-41.05923609423988;104.30207823896893;1.2294820245618414;0.9137828121042432;1.5451812370194395
2020-04-01 00:00:00;La rioja;Coles;23.997368079546977;-43.8447199028482;91.83945606194214;30.240328022296325;-69.2554523875503;129.73610843214294;1.0471967600736154;0.6603799381346525;1.4340135820125783
2020-05-01 00:00:00;La rioja;Coles;14.689255669551274;-53.68819899272694;83.06671033182948;20.887522882040113;-78.60825752780651;120.38330329188675;1.0826950860211593;0.6218861049752988;1.5435040670670197
2020-06-01 00:00:00;La rioja;Coles;20.683002932597194;-47.694451724307;89.06045758950138;19.62495547778535;-79.87082493206128;119.12073588763198;1.176497046223221;0.6557397499529882;1.6972543424934536
2020-02-01 00:00:00;Madrid;Coles;1169.88;1169.88;1169.88;1434.79;1434.79;1434.79;1.23;1.23;1.23
2020-03-01 00:00:00;Madrid;Coles;920.9049639551362;696.4902580948001;1145.3196698154723;1129.736727570657;845.2481174769102;1414.2253376644037;1.2153296931471842;1.0679617024448278;1.3626976838495406
2020-04-01 00:00:00;Madrid;Coles;579.5433210861625;355.3910970696779;803.695545102647;943.7928727729077;657.902302209465;1229.6834433363504;1.2066757800016326;1.0367370338997393;1.3766145261035259
2020-05-01 00:00:00;Madrid;Coles;617.4927633802737;308.93071752133426;926.0548092392131;823.9012866889008;538.0107161254581;1109.7918572523436;1.2001584066202022;0.9969947262062819;1.4033220870341225
2020-06-01 00:00:00;Madrid;Coles;539.4886850443937;230.92642408066018;848.0509460081273;673.9382553400469;388.0476847766042;959.8288259034896;1.1993362335667281;0.9729099938759675;1.4257624732574887
2020-02-01 00:00:00;Murcia;Coles;69.4;69.4;69.4;100.31;100.31;100.31;1.45;1.45;1.45
2020-03-01 00:00:00;Murcia;Coles;157.0487511491576;89.59520973506238;224.5022925632528;159.9647516109099;92.64150936224968;227.28799385957012;1.3865241082465334;0.9429497444096183;1.8300984720834483
2020-04-01 00:00:00;Murcia;Coles;90.83587806934221;31.454600960291273;150.21715517839317;121.86868141448068;54.25803573275719;189.47932709620414;1.4369059876860877;0.9326303285137503;1.941181646858425
2020-05-01 00:00:00;Murcia;Coles;66.64005848170702;6.094293874252855;127.18582308916118;74.35252454173627;6.74187886001279;141.96317022345977;1.4350368659595143;0.8305029558471358;2.039570776071893
2020-06-01 00:00:00;Murcia;Coles;32.62380441714974;-27.92196014940548;93.16956898370496;37.86690408587896;-29.743741595844526;105.47754976760244;1.3046399868025536;0.6339498906113961;1.975330082993711
2020-02-01 00:00:00;Navarra;Coles;92.93;92.93;92.93;104.24;104.24;104.24;1.12;1.12;1.12
2020-03-01 00:00:00;Navarra;Coles;17.417098874699985;-137.03727032427827;171.87146807367822;75.49168749634568;-133.1453889300542;284.1287639227455;1.0838088032317421;0.18011401865876842;1.9875035878047158
2020-04-01 00:00:00;Navarra;Coles;-3.6338049339140506;-149.32673723729883;142.0591273694707;20.030134466108354;-212.73503318389925;252.79530211611598;1.3017978129024548;0.23488852912855762;2.368707096676352
2020-05-01 00:00:00;Navarra;Coles;33.58640347674828;-144.88301055057104;212.0558175040676;69.39631124637974;-163.3688564036279;302.16147889638734;1.2351377388844624;-0.036797330269311423;2.5070728080382363
2020-06-01 00:00:00;Navarra;Coles;40.89186592283976;-137.5775649156296;219.36129676130915;26.325733088042696;-206.4394345619649;259.0909007380503;1.3063399662882602;-0.12014689492342812;2.7328268274999488
2020-02-01 00:00:00;Pais vasco;Coles;478.98;478.98;478.98;588.54;588.54;588.54;1.23;1.23;1.23
2020-03-01 00:00:00;Pais vasco;Coles;217.84203969252349;129.6953415842504;305.98873780079657;295.79867212695405;171.66295118173292;419.93439307217517;1.1967648520192806;0.9104770042479253;1.483052699790636
2020-04-01 00:00:00;Pais vasco;Coles;158.68863609587058;70.66197859370267;246.7152935980385;209.34004667368362;67.7010781719834;350.97901517538384;1.201795946701678;0.8373202938353974;1.5662715995679588
2020-05-01 00:00:00;Pais vasco;Coles;153.2953258532991;31.971542804650113;274.61910890194804;202.42531715272645;60.78634865102623;344.06428565442667;1.2014466401243564;0.7659014028687732;1.6369918773799397
2020-06-01 00:00:00;Pais vasco;Coles;299.1088960410896;177.78511084309815;420.4326812390811;230.58782898317943;88.94886048147922;372.2267974848796;1.1850284559406417;0.6897893289630596;1.6802675829182236
2020-02-01 00:00:00;Valencia;Coles;636.71;636.71;636.71;734.25;734.25;734.25;1.15;1.15;1.15
2020-03-01 00:00:00;Valencia;Coles;474.53314250301185;269.843542458708;679.2227425473156;673.3513770585241;424.2030668427335;922.4996872743147;1.162157354664078;0.9153205712604436;1.4089941380677122
2020-04-01 00:00:00;Valencia;Coles;581.8828034046495;388.95853981171433;774.8070669975847;520.1536529034256;270.2166305246717;770.0906752821795;1.1637032943986871;0.8345790397326371;1.4928275490647371
2020-05-01 00:00:00;Valencia;Coles;440.1873518081966;203.92096014358475;676.4537434728084;612.8540734222092;362.91705104345533;862.7910958009631;1.1497513449291759;0.7532337283320427;1.546268961526309
2020-06-01 00:00:00;Valencia;Coles;336.37970152499423;100.11323871091847;572.64616433907;408.4335830717726;158.4965606930187;658.3706054505265;1.1515107201366563;0.6976932255127841;1.6053282147605286
2020-02-01 00:00:00;Nacional;Pepinos;4945.33;4945.33;4945.33;8391.52;8391.52;8391.52;1.7;1.7;1.7
2020-03-01 00:00:00;Nacional;Pepinos;6732.120157257554;5185.480189202592;8278.760125312516;9301.25486491387;7817.687652444406;10784.822077383335;1.6297089208898576;1.402756579826794;1.8566612619529212
2020-04-01 00:00:00;Nacional;Pepinos;13321.140354481708;12106.254016353583;14536.026692609832;9003.516368158129;7513.373686607716;10493.659049708542;1.4894309482866674;1.2018023353551421;1.7770595612181928
2020-05-01 00:00:00;Nacional;Pepinos;2851.8360079750237;1256.606020664808;4447.065995285239;12719.897676870361;11120.027135683742;14319.768218056981;1.276948215271811;0.985614819053827;1.568281611489795
2020-06-01 00:00:00;Nacional;Pepinos;14254.349593017414;12552.89458626689;15955.804599767938;15011.51596107925;13411.721293814991;16611.310628343508;1.1499792796473836;0.8514798274287572;1.44847873186601
2020-02-01 00:00:00;Andalucia;Pepinos;813.37;813.37;813.37;1411.02;1411.02;1411.02;1.73;1.73;1.73
2020-03-01 00:00:00;Andalucia;Pepinos;1123.1406338018685;806.1526563577397;1440.1286112459973;1759.9809753610189;1556.629566698118;1963.3323840239198;1.7754860522133307;1.549508067509361;2.0014640369173002
2020-04-01 00:00:00;Andalucia;Pepinos;1542.8945735561138;1277.6902536857606;1808.098893426467;1756.0642353503094;1532.9735434259017;1979.1549272747172;1.6501879790576364;1.4192017239496721;1.8811742341656006
2020-05-01 00:00:00;Andalucia;Pepinos;562.2077040756399;262.6776597482082;861.7377484030715;2649.0986593991365;2392.8320024143886;2905.3653163838844;1.3498452692240253;1.1186583645037176;1.581032173944333
2020-06-01 00:00:00;Andalucia;Pepinos;1973.0533131933157;1619.5844971627284;2326.522129223903;3001.599518288348;2731.3740439817693;3271.8249925949267;1.2988843648985073;1.0681753186872558;1.5295934111097589
2020-02-01 00:00:00;Aragon;Pepinos;167.45;167.45;167.45;288.29;288.29;288.29;1.72;1.72;1.72
2020-03-01 00:00:00;Aragon;Pepinos;-6.309483611132379;-510.010427788309;497.3914605660442;195.49439478799778;128.1698554504942;262.81893412550136;1.792256312930811;1.4909515105079552;2.0935611153536664
2020-04-01 00:00:00;Aragon;Pepinos;-389.6358323106275;-947.6977318555155;168.42606723426047;248.74546259039303;178.9618104253369;318.5291147554492;1.7369693614705486;1.3987594019254803;2.075179321015617
2020-05-01 00:00:00;Aragon;Pepinos;-179.82685208080505;-1167.7731764370278;808.1194722754176;277.6646429504402;181.2302518472153;374.09903405366515;1.41527457022763;1.0749433935648114;1.7556057468904485
2020-06-01 00:00:00;Aragon;Pepinos;383.3233393743551;-698.8856498895377;1465.532328638248;364.8976440930593;263.2116752708372;466.5836129152814;1.156454468911653;0.8113204682869662;1.5015884695363395
2020-02-01 00:00:00;Asturias;Pepinos;74.26;74.26;74.26;128.45;128.45;128.45;1.73;1.73;1.73
2020-03-01 00:00:00;Asturias;Pepinos;72.8296988868964;-13.798816620689507;159.4582143944823;146.84925471866885;67.82146304813433;225.87704638920337;1.6721491720454944;1.3046031541252896;2.039695189965699
2020-04-01 00:00:00;Asturias;Pepinos;131.93715218073515;50.26443519226049;213.60986916920982;117.80387821220165;4.889513158569656;230.71824326583365;1.5167959367557298;1.1230656982748195;1.91052617523664
2020-05-01 00:00:00;Asturias;Pepinos;107.91488773596143;1.5910029643213335;214.23877250760154;136.64684985722312;-16.765334917934837;290.0590346323811;1.2973882943342399;0.8898784665915402;1.7048981220769395
2020-06-01 00:00:00;Asturias;Pepinos;132.11076517872837;28.94749091399035;235.2740394434664;115.10966944337332;-60.253776843549815;290.47311573029646;1.1671991038862612;0.7465045322706474;1.587893675501875
2020-02-01 00:00:00;Baleares;Pepinos;111.51;111.51;111.51;204.53;204.53;204.53;1.83;1.83;1.83
2020-03-01 00:00:00;Baleares;Pepinos;103.99699751443102;34.613079441222766;173.38091558763927;194.91316100775083;120.18889492137207;269.6374270941296;1.8456668093817723;1.4938056232296502;2.1975279955338944
2020-04-01 00:00:00;Baleares;Pepinos;167.0191487894395;104.8802946133691;229.1580029655099;244.12585824524643;168.69441721474064;319.55729927575226;1.4265012899725134;0.9790071956047215;1.8739953843403052
2020-05-01 00:00:00;Baleares;Pepinos;224.04842206916152;163.54281154755802;284.554032590765;286.3502142703992;209.07396380287014;363.62646473792825;1.19910919590999;0.7232453080003274;1.6749730838196526
2020-06-01 00:00:00;Baleares;Pepinos;220.39030256077896;152.13239534302744;288.6482097785305;255.4201178248312;177.71544972743882;333.1247859222236;1.0654683189281238;0.5721082767534047;1.5588283611028428
2020-02-01 00:00:00;Canarias;Pepinos;223.79;223.79;223.79;387.85;387.85;387.85;1.73;1.73;1.73
2020-03-01 00:00:00;Canarias;Pepinos;310.9315507623724;109.0425581535925;512.8205433711523;377.5445283629077;197.51770987102924;557.5713468547863;1.751379129260425;1.5726997852306157;1.9300584732902344
2020-04-01 00:00:00;Canarias;Pepinos;355.68067253505063;173.5592646736946;537.8020803964066;384.67050554253274;103.04346281421977;666.2975482708457;1.693812301228451;1.513967999725063;1.8736566027318389
2020-05-01 00:00:00;Canarias;Pepinos;353.98995510352836;152.75307894956555;555.2268312574912;384.19638618634184;64.2109180570057;704.181854315678;1.6272163787095868;1.4437636623966592;1.8106690950225144
2020-06-01 00:00:00;Canarias;Pepinos;377.35838775989095;164.76849571271043;589.9482798070715;386.05727446463027;19.308398090700393;752.8061508385601;1.5471307820138922;1.3633357091684812;1.7309258548593032
2020-02-01 00:00:00;Cantabria;Pepinos;64.43;64.43;64.43;127.49;127.49;127.49;1.98;1.98;1.98
2020-03-01 00:00:00;Cantabria;Pepinos;57.24788720150517;-27.97281463120499;142.46858903421534;313.7456532643691;256.1646988410752;371.32660768766294;1.8622723030608808;1.3813540231215105;2.343190583000251
2020-04-01 00:00:00;Cantabria;Pepinos;59.266969527072476;-68.00418652728216;186.5381255814271;285.7867894660197;220.8339954144426;350.73958351759677;1.903999748674888;1.415252718853162;2.392746778496614
2020-05-01 00:00:00;Cantabria;Pepinos;78.73520608350593;-32.53891979421995;190.0093319612318;101.91874715750828;3.50642152108;200.33107279393656;1.534516321396018;1.0336335002112755;2.0353991425807605
2020-06-01 00:00:00;Cantabria;Pepinos;102.29704167799235;2.7136004171649404;201.88048293881977;92.52912704475273;-22.480872678906096;207.53912676841156;1.2852886119934661;0.7824443277883523;1.7881328961985798
2020-02-01 00:00:00;Castilla la mancha;Pepinos;227.86;227.86;227.86;368.54;368.54;368.54;1.62;1.62;1.62
2020-03-01 00:00:00;Castilla la mancha;Pepinos;-296.6747703058354;-418.6986145562076;-174.65092605546323;552.813339742573;431.06610505346407;674.560574431682;1.5706789096812348;1.2396028335772056;1.901754985785264
2020-04-01 00:00:00;Castilla la mancha;Pepinos;-324.3041186992931;-444.70031424123624;-203.90792315734998;614.7758648335116;463.57452868291523;765.977200984108;1.4245790716373044;1.0373628155585264;1.8117953277160823
2020-05-01 00:00:00;Castilla la mancha;Pepinos;1357.7748947511311;1147.2704767697887;1568.2793127324735;536.1449816799302;384.9009290181699;687.3890343416905;1.1463374300747953;0.7496463131092063;1.5430285470403842
2020-06-01 00:00:00;Castilla la mancha;Pepinos;2180.0537593902163;1971.7187089258557;2388.388809854577;709.0421430432389;557.8064201556983;860.2778659307794;1.0925631891307959;0.6820555374128149;1.503070840848777
2020-02-01 00:00:00;Castilla leon;Pepinos;197.45;197.45;197.45;363.34;363.34;363.34;1.84;1.84;1.84
2020-03-01 00:00:00;Castilla leon;Pepinos;252.7433946875001;44.24934138738877;461.23744798761146;329.70113461880976;71.2024196940892;588.1998495435303;1.8180700518533766;1.4491831216356346;2.1869569820711185
2020-04-01 00:00:00;Castilla leon;Pepinos;304.2407959277378;97.57967041849173;510.90192143698386;307.75992297631433;-37.0425365093198;652.5623824619485;1.7522375908553884;1.345534356815277;2.1589408248954998
2020-05-01 00:00:00;Castilla leon;Pepinos;389.7960316360857;142.4769985676176;637.1150647045538;280.92751379854496;-90.44232152739187;652.2973491244818;1.194398277462675;0.7390428013240011;1.6497537536013487
2020-06-01 00:00:00;Castilla leon;Pepinos;540.731221965418;280.0316971682066;801.4307467626293;257.75982398319326;-121.81542975929301;637.3350777256795;1.171248402748291;0.6349600231824527;1.7075367823141292
2020-02-01 00:00:00;Cataluña;Pepinos;895.6;895.6;895.6;1553.93;1553.93;1553.93;1.74;1.74;1.74
2020-03-01 00:00:00;Cataluña;Pepinos;753.2216446255991;-81.8367379089816;1588.2800271601798;1660.3408586120217;1302.225654605146;2018.4560626188975;1.6950314613705062;1.407669802869673;1.9823931198713394
2020-04-01 00:00:00;Cataluña;Pepinos;848.9891835268834;-119.10228235460772;1817.0806494083745;1647.456704420245;665.2330737735394;2629.6803350669506;1.5997174388282844;1.109247072124626;2.090187805531943
2020-05-01 00:00:00;Cataluña;Pepinos;1385.5698998049131;-488.59625821237955;3259.736057822206;1616.1914333595719;-59.34893188600404;3291.7317986051476;1.2960528405568852;0.779141638230075;1.8129640428836953
2020-06-01 00:00:00;Cataluña;Pepinos;2217.0156801593075;59.572075621316344;4374.459284697299;1609.2162567589685;-590.3558540677236;3808.7883675856606;1.1940317862883838;0.6316963612891251;1.7563672112876425
2020-02-01 00:00:00;Extremadura;Pepinos;126.24;126.24;126.24;202.85;202.85;202.85;1.61;1.61;1.61
2020-03-01 00:00:00;Extremadura;Pepinos;-112.59922587949957;-191.13919232274625;-34.05925943625289;299.05765918052344;135.43776114789156;462.6775572131553;1.731041661161494;1.3453902973735492;2.1166930249494387
2020-04-01 00:00:00;Extremadura;Pepinos;27.012065047300894;-600.9622212186982;654.9863513133;220.16848916923237;10.508585871877528;429.8283924665872;1.3759244599141653;0.9671118189412634;1.7847371008870674
2020-05-01 00:00:00;Extremadura;Pepinos;334.67729158196346;-5087.919713519398;5757.274296683326;423.24123138231073;213.98659738284542;632.4958653817761;1.1963264325816914;0.781703659576928;1.6109492055864547
2020-06-01 00:00:00;Extremadura;Pepinos;77.27906545466311;-46222.37699138079;46376.93512229012;445.05427819241726;234.5552536337074;655.5533027511271;1.146903356458741;0.7229628014499958;1.5708439114674861
2020-02-01 00:00:00;Galicia;Pepinos;74.33;74.33;74.33;119.31;119.31;119.31;1.61;1.61;1.61
2020-03-01 00:00:00;Galicia;Pepinos;130.72248818326796;-111.23193095357988;372.6769073201158;198.87223657936923;104.58564140336163;293.1588317553768;1.3236604202825881;0.7191682499831747;1.9281525905820014
2020-04-01 00:00:00;Galicia;Pepinos;136.95925746601608;-174.49413669373;448.4126516257622;114.2326831049722;12.009885785685327;216.45548042425906;1.8355402948427508;1.1707778379542564;2.5003027517312453
2020-05-01 00:00:00;Galicia;Pepinos;131.18664568612067;-422.233241334176;684.6065327064173;241.48993298360486;106.5089502127849;376.4709157544248;0.8502070109332053;0.1845655448061958;1.5158484770602147
2020-06-01 00:00:00;Galicia;Pepinos;264.9573177461059;-421.5694789053051;951.4841143975169;260.70995960203516;122.21389580089252;399.2060234031778;0.6295117947275596;-0.2038625687965634;1.4628861582516826
2020-02-01 00:00:00;La rioja;Pepinos;30.96;30.96;30.96;53.61;53.61;53.61;1.73;1.73;1.73
2020-03-01 00:00:00;La rioja;Pepinos;6.127807290062869;-13.136799325997984;25.39241390612372;37.771886414684154;7.569203752898918;67.9745690764694;1.8600157801346027;1.6096361245442754;2.11039543572493
2020-04-01 00:00:00;La rioja;Pepinos;119.33166621971966;92.69438140934956;145.96895103008978;10.654216936781534;-26.29521598544429;47.60364985900736;1.38121130059256;1.1313210692316065;1.6311015319535134
2020-05-01 00:00:00;La rioja;Pepinos;101.59564970412711;63.67784840186134;139.51345100639287;6.127831623266987;-37.669067028290314;49.924730274824284;1.501357518819999;1.2428780290298904;1.7598370086101076
2020-06-01 00:00:00;La rioja;Pepinos;90.0144383966671;43.76460576965655;136.26427102367765;106.9154943509451;62.62833159529161;151.20265710659856;1.4303586192799762;1.1701657032329753;1.690551535326977
2020-02-01 00:00:00;Madrid;Pepinos;720.6;720.6;720.6;1218.1;1218.1;1218.1;1.69;1.69;1.69
2020-03-01 00:00:00;Madrid;Pepinos;464.666931829838;-5.8112985836023086;935.1451622432783;1085.9539778329208;731.9305939133114;1439.9773617525302;1.4961768216924345;1.2898428853876496;1.7025107579972194
2020-04-01 00:00:00;Madrid;Pepinos;1147.797381841745;771.9516951583806;1523.6430685251094;1460.5237748562997;1104.6846558867721;1816.3628938258273;1.367550969189331;1.0726369760953678;1.6624649622832943
2020-05-01 00:00:00;Madrid;Pepinos;1011.9865275263035;523.4759739242845;1500.4970811283224;1865.4747538653046;1489.9058658405577;2241.0436418900517;1.310306600729324;1.0101741238301756;1.6104390776284725
2020-06-01 00:00:00;Madrid;Pepinos;1964.10613642602;1459.0757520332531;2469.1365208187867;2476.3275045977016;2093.504280140405;2859.150729054998;1.0421938082400797;0.7413406075713869;1.3430470089087725
2020-02-01 00:00:00;Murcia;Pepinos;283.69;283.69;283.69;435.91;435.91;435.91;1.54;1.54;1.54
2020-03-01 00:00:00;Murcia;Pepinos;248.39533441847647;-60.86702005678109;557.6576888937341;426.9369466025345;264.24395451549736;589.6299386895716;1.5774974622027769;1.3386124204278478;1.816382503977706
2020-04-01 00:00:00;Murcia;Pepinos;475.8203735048032;306.84476211858;644.7959848910264;445.6982008546554;263.16604214769563;628.2303595616152;1.214117852604483;0.841044452662611;1.5871912525463547
2020-05-01 00:00:00;Murcia;Pepinos;400.573963207538;211.10883187741183;590.0390945376641;492.24651971669795;310.37191468416523;674.1211247492306;1.3265345223926437;0.8848022188699847;1.7682668259153027
2020-06-01 00:00:00;Murcia;Pepinos;469.80889128850606;186.58434499419002;753.0334375828221;640.1561158185266;454.72853571324123;825.583695923812;1.207723720810326;0.6910276600886086;1.7244197815320432
2020-02-01 00:00:00;Navarra;Pepinos;33.51;33.51;33.51;55.75;55.75;55.75;1.66;1.66;1.66
2020-03-01 00:00:00;Navarra;Pepinos;131.97381214828033;32.385662074363665;231.561962222197;89.24705883883291;12.579967295680063;165.91415038198576;2.088244390784013;1.509412714403517;2.6670760671645093
2020-04-01 00:00:00;Navarra;Pepinos;44.92919033842783;-55.59154174484431;145.44992242169997;82.50510851708184;-44.006976502902944;209.01719353706662;1.8853391843384397;1.225507110703376;2.5451712579735037
2020-05-01 00:00:00;Navarra;Pepinos;12.325518810960446;-70.04140945876848;94.69244708068938;79.94271141919265;-52.35901498430755;212.24443782269284;1.1637658861186992;0.4927655156846059;1.8347662565527925
2020-06-01 00:00:00;Navarra;Pepinos;138.10502974652482;52.65683315084533;223.5532263422043;74.53519140606784;-58.4034894597481;207.47387227188378;1.0461654758312318;0.35985047751396226;1.7324804741485011
2020-02-01 00:00:00;Pais vasco;Pepinos;131.97;131.97;131.97;243.8;243.8;243.8;1.85;1.85;1.85
2020-03-01 00:00:00;Pais vasco;Pepinos;128.05379826251936;-0.29337664906555005;256.40097317410425;302.5476517854612;187.76469526433772;417.3306083065847;1.9385875031963293;1.576280011385216;2.3008949950074427
2020-04-01 00:00:00;Pais vasco;Pepinos;194.90630943086296;40.00708119064953;349.8055376710764;261.46711162073797;145.15446801659857;377.77975522487736;1.6588301565805907;1.2726296167257696;2.0450306964354117
2020-05-01 00:00:00;Pais vasco;Pepinos;291.8608444826913;139.13238291902496;444.5893060463576;334.4899439873552;195.99059016015144;472.989297814559;1.305446828647383;0.9167909536142522;1.6941027036805139
2020-06-01 00:00:00;Pais vasco;Pepinos;380.2822547471652;218.66584960613324;541.8986598881972;425.29454544477136;286.51449711742544;564.0745937721173;1.3364394551886907;0.9474533517410039;1.7254255586363776
2020-02-01 00:00:00;Valencia;Pepinos;768.3;768.3;768.3;1228.75;1228.75;1228.75;1.6;1.6;1.6
2020-03-01 00:00:00;Valencia;Pepinos;851.6027301148132;570.4647206965129;1132.7407395331134;1379.6815741518344;1097.0175524070846;1662.3455958965842;1.5179652486502937;1.2744315792182639;1.7614989180823235
2020-04-01 00:00:00;Valencia;Pepinos;559.7954344794441;227.20376010181974;892.3871088570685;1189.9079542944128;906.7844147088025;1473.031493880023;1.4630837004689827;1.1005503002133268;1.8256171007246387
2020-05-01 00:00:00;Valencia;Pepinos;1625.8587346212312;977.9084220013397;2273.8090472411227;1914.8338546652917;1627.088028230974;2202.5796810996094;1.2532900923092345;0.8776806352903834;1.6288995493280856
2020-06-01 00:00:00;Valencia;Pepinos;1598.3814985912836;703.7951737176179;2492.967823464949;1980.6861564709714;1692.7476032760553;2268.624709665887;1.0590334547343043;0.6810220073463726;1.437044902122236
2020-02-01 00:00:00;Nacional;Judias verdes;5739.58;5739.58;5739.58;19879.96;19879.96;19879.96;3.46;3.46;3.46
2020-03-01 00:00:00;Nacional;Judias verdes;7207.747032514451;4565.892891777899;9849.601173251003;22166.4548814603;14031.613285315723;30301.296477604876;3.5555664525775916;3.283061590151706;3.828071315003477
2020-04-01 00:00:00;Nacional;Judias verdes;7260.354230023911;4341.646779613818;10179.061680434006;22500.796933491445;13936.251211831865;31065.342655151027;3.3719307860977934;2.9848507949638923;3.7590107772316945
2020-05-01 00:00:00;Nacional;Judias verdes;7133.690736280728;3792.935418533658;10474.446054027798;21443.81093613153;12826.51387328825;30061.10799897481;3.387096823406386;2.999768421734869;3.774425225077903
2020-06-01 00:00:00;Nacional;Judias verdes;7365.506970867131;3674.3510031487745;11056.662938585487;22438.539561539277;13717.87279034689;31159.206332731665;3.552465801746837;3.1648839410765346;3.9400476624171397
2020-07-01 00:00:00;Nacional;Judias verdes;8385.803060134444;4353.7128575009565;12417.893262767931;24851.230774911724;16135.80952462921;33566.65202519424;3.4580605427155;3.070220075261016;3.8459010101699835
2020-08-01 00:00:00;Nacional;Judias verdes;8777.675782953365;4421.105093211818;13134.246472694913;27279.116251983185;18530.6295086978;36027.60299526857;3.6688548480638046;3.2807505248795907;4.056959171248018
2020-09-01 00:00:00;Nacional;Judias verdes;7816.607315371763;3145.847173334728;12487.3674574088;25474.13190280513;16730.261589311616;34218.00221629864;3.7748715697319466;3.386498038887893;4.163245100576001
2020-10-01 00:00:00;Nacional;Judias verdes;8821.81218395157;3845.303373938231;13798.32099396491;25140.040114207164;16381.924056763712;33898.15617165062;3.696117010957375;3.3074688156585537;4.084765206256197
2020-11-01 00:00:00;Nacional;Judias verdes;8438.871036926934;3163.0983923114263;13714.643681542442;24323.642205447693;15565.682034631287;33081.6023762641;3.742577879684513;3.3536494563620147;4.131506303007011
2020-02-01 00:00:00;Andalucia;Judias verdes;684.79;684.79;684.79;2097.72;2097.72;2097.72;3.06;3.06;3.06
2020-03-01 00:00:00;Andalucia;Judias verdes;912.5348229925781;672.1742115003668;1152.8954344847893;2448.6837076099278;1906.065383725797;2991.3020314940586;3.2303309419656685;2.9087183744503227;3.5519435094810143
2020-04-01 00:00:00;Andalucia;Judias verdes;940.3395589882244;699.8572260138441;1180.8218919626047;2549.313433864953;1891.3122228403658;3207.31464488954;2.97473085927103;2.6498810837796882;3.2995806347623717
2020-05-01 00:00:00;Andalucia;Judias verdes;884.7991804412444;644.187968960335;1125.4103919221538;2221.4545434135207;1563.73066103375;2879.1784257932914;2.946912033075348;2.62205533169338;3.271768734457316
2020-06-01 00:00:00;Andalucia;Judias verdes;848.5833932603174;607.9022205937406;1089.2645659268942;2321.881734722685;1661.105198711089;2982.658270734281;3.193030294264805;2.868166648939926;3.5178939395896838
2020-02-01 00:00:00;Aragon;Judias verdes;327.22;327.22;327.22;1031.36;1031.36;1031.36;3.15;3.15;3.15
2020-03-01 00:00:00;Aragon;Judias verdes;360.1992971859074;226.9247727685204;493.4738216032945;1160.2923534037322;707.7307064679901;1612.8540003394744;3.265985119272464;2.9127717379054077;3.6191985006395204
2020-04-01 00:00:00;Aragon;Judias verdes;351.90563452297954;105.3061796044239;598.5050894415351;1057.4394433681982;434.8328790079298;1680.0460077284665;3.1704012376626456;2.8163526007389215;3.5244498745863697
2020-05-01 00:00:00;Aragon;Judias verdes;357.79501721566635;57.37514989450392;658.2148845368288;1070.596268861437;449.0741840662371;1692.1183536566368;3.160451649162429;2.8062837439875157;3.514619554337342
2020-06-01 00:00:00;Aragon;Judias verdes;374.9585250510312;25.354003477825188;724.5630466242371;1089.9581630913294;468.04446209849584;1711.871864084163;3.254469332861919;2.9001800577722614;3.608758607951577
2020-02-01 00:00:00;Asturias;Judias verdes;72.72;72.72;72.72;220.74;220.74;220.74;3.04;3.04;3.04
2020-03-01 00:00:00;Asturias;Judias verdes;68.73143615658392;5.37806150890021;132.08481080426765;272.0227930314011;64.55921826194268;479.4863678008595;3.5253840783830843;2.9957084660334674;4.055059690732701
2020-04-01 00:00:00;Asturias;Judias verdes;88.30952494289494;18.259289109442193;158.35976077634768;340.15664308172495;108.88622738015263;571.4270587832973;2.9201450775024624;2.3808272272844757;3.459462927720449
2020-05-01 00:00:00;Asturias;Judias verdes;97.14981299461577;25.761352600016494;168.53827338921505;401.99682507922574;170.4797824179414;633.51386774051;3.262541057491502;2.723162393860063;3.8019197211229407
2020-06-01 00:00:00;Asturias;Judias verdes;74.32022924490722;2.701658923496936;145.93879956631753;334.4264363883956;100.09862692167144;568.7542458551197;3.241471947287263;2.7020315353133477;3.7809123592611784
2020-02-01 00:00:00;Baleares;Judias verdes;131.33;131.33;131.33;487.55;487.55;487.55;3.71;3.71;3.71
2020-03-01 00:00:00;Baleares;Judias verdes;139.40103510406516;100.29909230540454;178.50297790272577;472.7903509624443;411.9706190714177;533.6100828534709;3.166033606916172;2.6324965248294188;3.6995706890029254
2020-04-01 00:00:00;Baleares;Judias verdes;162.10408786980963;93.76732343923024;230.44085230038903;482.0885007178845;406.16382978566753;558.0131716501014;3.711855999304019;3.004341912104501;4.4193700865035375
2020-05-01 00:00:00;Baleares;Judias verdes;148.86764507827004;66.3874603733474;231.3478297831927;478.2054063622005;402.4489411722626;553.9618715521384;3.6110233042879405;2.902558410600954;4.319488197974927
2020-06-01 00:00:00;Baleares;Judias verdes;142.03250936964054;45.32345908233815;238.7415596569429;477.8982723684012;401.911011494547;553.8855332422554;3.5307487286201127;2.8213144862988515;4.240182970941373
2020-02-01 00:00:00;Canarias;Judias verdes;114.47;114.47;114.47;358.03;358.03;358.03;3.13;3.13;3.13
2020-03-01 00:00:00;Canarias;Judias verdes;164.99428661880677;89.02244571673899;240.96612752087455;417.17162957180835;152.79779159384503;681.5454675497717;2.447041076006403;1.7151265683692185;3.1789555836435874
2020-04-01 00:00:00;Canarias;Judias verdes;145.2247020912565;69.1848413937789;221.26456278873408;458.8137011490951;148.04262731079422;769.584774987396;2.4055533924207184;1.3835993742347674;3.4275074106066694
2020-05-01 00:00:00;Canarias;Judias verdes;89.37124934064954;13.335653582233931;165.40684509906515;340.8363949145752;30.02102938791228;651.6517604412381;2.8554901047823282;1.8237896872793966;3.88719052228526
2020-06-01 00:00:00;Canarias;Judias verdes;130.26246922194576;54.21954070410308;206.30539773978845;425.1693494126325;103.1414242504049;747.1972745748601;2.638733622978011;1.5967953529595114;3.6806718929965108
2020-02-01 00:00:00;Cantabria;Judias verdes;55.22;55.22;55.22;179.07;179.07;179.07;3.24;3.24;3.24
2020-03-01 00:00:00;Cantabria;Judias verdes;40.30644146255262;-109.37355285665978;189.986435781765;224.85975415408492;-166.6370840181896;616.3565923263594;3.2966359237119938;2.0835420890152143;4.509729758408773
2020-04-01 00:00:00;Cantabria;Judias verdes;23.616795852228783;-141.64574267158343;188.87933437604102;250.41099996489723;-221.12653709266132;721.9485370224558;3.29538757016493;1.5710013788004096;5.01977376152945
2020-05-01 00:00:00;Cantabria;Judias verdes;2.192707596479197;-177.8035206268624;182.1889358198208;254.17283328408777;-237.09057660341298;745.4362431715886;3.152352792132567;1.4267117808843408;4.877993803380793
2020-06-01 00:00:00;Cantabria;Judias verdes;21.144030186962684;-169.16438600085849;211.45244637478385;281.9772179820828;-215.54200797015494;779.4964439343205;3.5345654918192713;1.8076412822051366;5.261489701433406
2020-02-01 00:00:00;Castilla la mancha;Judias verdes;219.56;219.56;219.56;763.59;763.59;763.59;3.48;3.48;3.48
2020-03-01 00:00:00;Castilla la mancha;Judias verdes;257.3532252819388;192.23633487669366;322.470115687184;747.4491202712888;632.9850223887596;861.9132181538181;3.5645804801842287;3.065963635511584;4.063197324856874
2020-04-01 00:00:00;Castilla la mancha;Judias verdes;297.4395666100371;231.44272837742147;363.43640484265273;767.5349819004504;621.0080874833156;914.0618763175851;3.1081652919076515;2.567390046356258;3.648940537459045
2020-05-01 00:00:00;Castilla la mancha;Judias verdes;264.57511673107354;198.4963854873473;330.65384797479976;762.4889299720951;609.4793797950242;915.498480149166;3.3018707860967966;2.760641572834703;3.8430999993588904
2020-06-01 00:00:00;Castilla la mancha;Judias verdes;231.5987205593779;165.48536001517022;297.7120811035856;776.250556328193;607.5381702753931;944.962942380993;3.530994893179487;2.9892987708864487;4.072691015472525
2020-02-01 00:00:00;Castilla leon;Judias verdes;218.65;218.65;218.65;734.3;734.3;734.3;3.36;3.36;3.36
2020-03-01 00:00:00;Castilla leon;Judias verdes;130.90374069299222;-201.65205050571106;463.4595318916955;844.7818617979559;-501.41453392261303;2190.978257518525;3.326183446920628;2.8593708128409427;3.792996081000313
2020-04-01 00:00:00;Castilla leon;Judias verdes;152.99502195957575;-522.0843781997233;828.0744221188748;1075.7164684530294;-1230.6669088591075;3382.0998457651663;2.973854154229761;2.429333669249351;3.5183746392101716
2020-05-01 00:00:00;Castilla leon;Judias verdes;133.63260446327433;-662.4718082284734;929.737017155022;1164.6670629925015;-1303.3400916100677;3632.674217595071;3.023696423390515;2.4790045421676896;3.56838830461334
2020-06-01 00:00:00;Castilla leon;Judias verdes;125.06885701334974;-711.4454434003324;961.5831574270319;1201.5317646224025;-1308.4742146903855;3711.5377439351905;3.208595031881703;2.663729840922594;3.753460222840812
2020-02-01 00:00:00;Cataluña;Judias verdes;1483.35;1483.35;1483.35;5783.17;5783.17;5783.17;3.9;3.9;3.9
2020-03-01 00:00:00;Cataluña;Judias verdes;1734.9493250154642;1133.382802898831;2336.5158471320974;6160.373743151536;4649.847476124871;7670.9000101782;3.6971107473388023;3.160537355738354;4.2336841389392506
2020-04-01 00:00:00;Cataluña;Judias verdes;1725.64060357202;1123.863841604751;2327.4173655392888;5528.243191376976;3947.912303770117;7108.574078983835;4.015213379698379;3.474689805343549;4.555736954053208
2020-05-01 00:00:00;Cataluña;Judias verdes;1744.2889680515018;1138.8004781217999;2349.777457981204;6094.325614820016;4400.7928934750325;7787.858336165;3.9905793451645795;3.449144420032928;4.532014270296231
2020-06-01 00:00:00;Cataluña;Judias verdes;1769.7338758486117;1160.919796255192;2378.5479554420313;5604.339833903908;3847.894576585036;7360.78509122278;3.9573309543410446;3.414958479295273;4.499703429386816
2020-02-01 00:00:00;Extremadura;Judias verdes;74.15;74.15;74.15;218.21;218.21;218.21;2.94;2.94;2.94
2020-03-01 00:00:00;Extremadura;Judias verdes;79.06334066160335;-81.60600447240134;239.73268579560803;266.35669064500865;-297.6234590423308;830.3368403323482;3.5321010862327213;2.5740874982445163;4.490114674220926
2020-04-01 00:00:00;Extremadura;Judias verdes;80.08944927816779;-153.13053862496835;313.3094371813039;387.4719845356;-188.95713406500295;963.9011031362029;3.3367048860642003;2.3764677230679694;4.296942049060432
2020-05-01 00:00:00;Extremadura;Judias verdes;71.18002420990881;-195.30763435251686;337.6676827723345;245.76524931945565;-328.2752409757402;819.8057396146514;3.108782755300343;2.1481775445207476;4.069387966079939
2020-06-01 00:00:00;Extremadura;Judias verdes;69.71434442660754;-222.11918127736598;361.54787013058103;374.9228376912105;-207.71965682510336;957.5653322075243;3.4704823262702953;2.5094973624731365;4.431467290067454
2020-02-01 00:00:00;Galicia;Judias verdes;235.11;235.11;235.11;770.29;770.29;770.29;3.28;3.28;3.28
2020-03-01 00:00:00;Galicia;Judias verdes;242.97597350409225;-128.10180894878798;614.0537559569725;639.1229615564419;-129.90236536588873;1408.1482884787724;3.098762662451086;2.85797871661049;3.3395466082916814
2020-04-01 00:00:00;Galicia;Judias verdes;242.1619852570837;-271.12404535220384;755.4480158663712;643.1704512864181;-134.6447689662033;1420.9856715390397;3.473982386605745;3.157033996335998;3.7909307768754923
2020-05-01 00:00:00;Galicia;Judias verdes;272.3232034247142;-325.4548749671375;870.1012818165659;840.488222247792;29.435012773970357;1651.5414317216137;3.4177055093368165;3.1002538885953403;3.7351571300782926
2020-06-01 00:00:00;Galicia;Judias verdes;307.593610726033;-350.4009156603434;965.5881371124094;1207.8249922123591;397.027049244723;2018.6229351799952;3.3667181907245385;3.0487561763223114;3.6846802051267655
2020-02-01 00:00:00;La rioja;Judias verdes;34.0;34.0;34.0;106.27;106.27;106.27;3.13;3.13;3.13
2020-03-01 00:00:00;La rioja;Judias verdes;35.035589280847105;-22.12489881198153;92.19607737367573;120.60365343550053;-77.24239277611333;318.4496996471144;4.000335134104308;3.3077683957938238;4.692901872414792
2020-04-01 00:00:00;La rioja;Judias verdes;45.999672172238846;-20.651335622526105;112.6506799670038;131.15899430296346;-114.25126035452834;376.5692489604553;3.285464740342208;2.530308329304905;4.040621151379511
2020-05-01 00:00:00;La rioja;Judias verdes;35.06899982376063;-42.36966868952609;112.50766833704733;117.5311521696388;-199.353093705263;434.4153980445406;3.4263366950531107;2.6711166866234146;4.181556703482807
2020-06-01 00:00:00;La rioja;Judias verdes;40.60335499961168;-43.82105933949073;125.0277693387141;142.32731932756062;-220.3286429711919;504.9832816263131;3.8174755813106147;3.062190347599418;4.5727608150218115
2020-02-01 00:00:00;Madrid;Judias verdes;916.73;916.73;916.73;3144.86;3144.86;3144.86;3.43;3.43;3.43
2020-03-01 00:00:00;Madrid;Judias verdes;810.6288813017095;511.54593643387324;1109.7118261695457;2584.911469640159;1825.3980714045201;3344.4248678757976;2.776688254656664;2.5059713338124454;3.047405175500882
2020-04-01 00:00:00;Madrid;Judias verdes;817.2029368850154;518.1307974690496;1116.2750763009813;2663.1118716889987;1877.5294886915965;3448.694254686401;3.032007604659834;2.705282327926177;3.358732881393491
2020-05-01 00:00:00;Madrid;Judias verdes;847.7374281181699;548.6150231678255;1146.8598330685143;2416.5085407444085;1629.5357443877087;3203.4813371011082;3.244840841042962;2.9180757805769026;3.571605901509021
2020-06-01 00:00:00;Madrid;Judias verdes;873.0126867695275;573.840034103983;1172.185339435072;2476.31346707479;1680.6167366718914;3272.0101974776885;3.1383003957667976;2.8114946077645584;3.465106183769037
2020-02-01 00:00:00;Murcia;Judias verdes;177.51;177.51;177.51;594.43;594.43;594.43;3.35;3.35;3.35
2020-03-01 00:00:00;Murcia;Judias verdes;192.5934035318467;155.58676761019694;229.60003945349644;566.6651813293602;459.1727336351414;674.1576290235789;3.40533994573398;2.8341064065195956;3.9765734849483647
2020-04-01 00:00:00;Murcia;Judias verdes;207.19256684491342;169.495538587658;244.88959510216884;549.7236646081178;413.38844216708833;686.0588870491473;3.3813547856388877;2.7794866735083126;3.983222897769463
2020-05-01 00:00:00;Murcia;Judias verdes;221.61950356719848;183.78550163058824;259.45350550380874;556.4115022555209;419.97063615230894;692.8523683587327;3.159743044013843;2.5584412585844505;3.7610448294432355
2020-06-01 00:00:00;Murcia;Judias verdes;224.41660754223713;186.48323912584277;262.3499759586315;553.7014957071498;414.07302752291287;693.3299638913867;3.429016606579397;2.828277538187391;4.029755674971404
2020-02-01 00:00:00;Navarra;Judias verdes;105.17;105.17;105.17;371.67;371.67;371.67;3.53;3.53;3.53
2020-03-01 00:00:00;Navarra;Judias verdes;140.60421846282262;-99.44391927409168;380.6523561997369;347.9797019839649;-529.1416183103822;1225.101022278312;3.1629200694140898;2.788093286358363;3.5377468524698163
2020-04-01 00:00:00;Navarra;Judias verdes;145.14358189211373;-94.83765598564634;385.1248197698738;226.97471001171246;-781.8926442348594;1235.8420642582844;3.2039235414674527;2.828225933836382;3.5796211490985232
2020-05-01 00:00:00;Navarra;Judias verdes;148.3982004717602;-91.71735756612625;388.51375850964666;231.50637894273336;-1194.6091052308057;1657.6218631162724;3.131840861904151;2.756253065440867;3.5074286583674352
2020-06-01 00:00:00;Navarra;Judias verdes;152.24137373720697;-87.99990347625686;392.4826509506708;72.73938140704544;-1564.1913701948147;1709.6701330089054;3.18988415391823;2.8144041000050604;3.5653642078313994
2020-02-01 00:00:00;Pais vasco;Judias verdes;340.68;340.68;340.68;1154.17;1154.17;1154.17;3.39;3.39;3.39
2020-03-01 00:00:00;Pais vasco;Judias verdes;455.79288201826944;262.4674294813743;649.1183345551646;1822.278308982753;907.8255654385913;2736.731052526915;3.617737677405443;2.775005298884156;4.46047005592673
2020-04-01 00:00:00;Pais vasco;Judias verdes;564.2245518792807;368.3575092478766;760.0915945106849;1965.8739603260603;992.1649174224793;2939.5830032296412;3.6494150107385996;2.8079802855322957;4.490849735944904
2020-05-01 00:00:00;Pais vasco;Judias verdes;504.79213180446544;308.44820237305765;701.1360612358733;1613.298747138913;554.5796916395495;2672.0178026382764;3.7254905357036314;2.883228903471618;4.567752167935645
2020-06-01 00:00:00;Pais vasco;Judias verdes;485.8361311696873;289.4801327179198;682.1921296214548;1628.5519251434964;541.9000205531497;2715.203829733843;3.7457970610233575;2.902686681636797;4.588907440409918
2020-02-01 00:00:00;Valencia;Judias verdes;548.91;548.91;548.91;1864.54;1864.54;1864.54;3.4;3.4;3.4
2020-03-01 00:00:00;Valencia;Judias verdes;474.1859644305963;263.4863202825743;684.8856085786183;1851.6075017712874;1008.8794762242325;2694.3355273183424;3.4411682154844927;3.1090821734043352;3.77325425756465
2020-04-01 00:00:00;Valencia;Judias verdes;461.9188707478849;150.160488488589;773.6772530071808;1814.743233491267;272.5331491374711;3356.953317845063;3.6228193355511844;3.229849807387293;4.015788863715076
2020-05-01 00:00:00;Valencia;Judias verdes;444.90887683758626;64.77785950317758;825.039894171995;1790.045882212513;-125.64291971846023;3705.7346841434864;3.772062202121906;3.378083000363695;4.166041403880117
2020-06-01 00:00:00;Valencia;Judias verdes;416.0119605950065;-22.885354939544413;854.9092761295574;1860.67093964513;-404.78891656654355;4126.130795856803;3.726775106885449;3.331771562241282;4.121778651529616
2020-02-01 00:00:00;Nacional;Pimientos;16510.07;16510.07;16510.07;31181.69;31181.69;31181.69;1.89;1.89;1.89
2020-03-01 00:00:00;Nacional;Pimientos;17186.806201158208;11430.638645344778;22942.973756971638;32884.52017213796;26579.509852251336;39189.53049202459;1.8469951922055305;1.712764596648864;1.981225787762197
2020-04-01 00:00:00;Nacional;Pimientos;17286.35265686831;11396.614670372448;23176.09064336417;31287.85927962477;23613.36900180483;38962.34955744471;1.8588845917912948;1.709895451364214;2.0078737322183757
2020-05-01 00:00:00;Nacional;Pimientos;17642.269877204995;9880.156377866275;25404.383376543716;32584.270124631432;23092.881531557898;42075.658717704966;1.7741204592485857;1.6213290871009243;1.9269118313962472
2020-06-01 00:00:00;Nacional;Pimientos;18305.632073687753;9709.369405082036;26901.894742293473;32402.464172647935;21950.79933118774;42854.129014108126;1.763849832709027;1.6100403988237226;1.9176592665943315
2020-07-01 00:00:00;Nacional;Pimientos;18992.543752029072;9388.52808970326;28596.559414354884;33716.786391325506;22111.22006446753;45322.35271818348;1.7035203918895672;1.5495497758244723;1.857491007954662
2020-08-01 00:00:00;Nacional;Pimientos;19830.848011684524;9373.73355039948;30287.962472969568;32482.696579007563;20116.296250165215;44849.09690784991;1.7732298428626172;1.6193807395876825;1.927078946137552
2020-09-01 00:00:00;Nacional;Pimientos;22525.90335101892;11230.916096310684;33820.89060572715;35448.00558969858;22246.85401200527;48649.15716739189;1.7680809850279078;1.6144477876095982;1.9217141824462174
2020-10-01 00:00:00;Nacional;Pimientos;21693.49000848616;9608.548035810636;33778.43198116168;32366.857263201728;18541.270428338183;46192.44409806527;1.808059377866424;1.6546724364272052;1.9614463193056428
2020-11-01 00:00:00;Nacional;Pimientos;19240.4273391892;6390.9378161343175;32089.916862244077;29472.983729483934;15003.25492497471;43942.71253399316;1.7532063931213826;1.6000740014182722;1.906338784824493
2020-02-01 00:00:00;Andalucia;Pimientos;2600.7;2600.7;2600.7;4722.2;4722.2;4722.2;1.82;1.82;1.82
2020-03-01 00:00:00;Andalucia;Pimientos;3033.5996483911795;2727.242255944646;3339.957040837713;5472.42077924124;5062.409356747287;5882.432201735192;1.7832326907771194;1.6622499947015805;1.9042153868526583
2020-04-01 00:00:00;Andalucia;Pimientos;3321.898893601129;3009.5959089731064;3634.201878229152;6091.152283072579;5669.442135855726;6512.862430289432;1.791746365898904;1.672021377729695;1.9114713540681127
2020-05-01 00:00:00;Andalucia;Pimientos;3124.008671545702;2813.835362175987;3434.1819809154167;5722.571705189716;5226.425049134006;6218.718361245426;1.7654955177007918;1.6457239104149812;1.8852671249866024
2020-06-01 00:00:00;Andalucia;Pimientos;3528.8648964885133;3214.8163201922316;3842.913472784795;6856.805419450971;6344.906528733189;7368.704310168754;1.7591642440946014;1.6394715497750367;1.878856938414166
2020-02-01 00:00:00;Aragon;Pimientos;478.2;478.2;478.2;823.78;823.78;823.78;1.72;1.72;1.72
2020-03-01 00:00:00;Aragon;Pimientos;576.1426172077114;412.2227668274554;740.0624675879674;1127.1439866409833;798.8263487579084;1455.4616245240582;1.6930260189874493;1.5342845947058459;1.8517674432690527
2020-04-01 00:00:00;Aragon;Pimientos;580.8349480837354;410.33286640781694;751.3370297596539;949.86389472693;619.2525198274586;1280.4752696264013;1.6885613224437057;1.5274753312037133;1.8496473136836982
2020-05-01 00:00:00;Aragon;Pimientos;548.4777623348173;379.1235442196061;717.8319804500284;971.7104963007725;636.6618480627933;1306.7591445387518;1.6669434402480536;1.459424857531083;1.8744620229650242
2020-06-01 00:00:00;Aragon;Pimientos;643.1647523196278;470.47762936130914;815.8518752779465;1117.020938437797;780.8277077599771;1453.2141691156169;1.657511421061567;1.444749277344326;1.8702735647788078
2020-02-01 00:00:00;Asturias;Pimientos;415.99;415.99;415.99;902.44;902.44;902.44;2.17;2.17;2.17
2020-03-01 00:00:00;Asturias;Pimientos;531.3916220290545;419.274143967655;643.5091000904539;1245.1284315327673;1061.916843379013;1428.3400196865216;2.0405336920282213;1.7574303813139016;2.323637002742541
2020-04-01 00:00:00;Asturias;Pimientos;348.00050859642664;211.31185051645318;484.6891666764001;813.1969968658877;598.3758702037462;1028.0181235280293;2.0902399148379622;1.7790499191036395;2.401429910572285
2020-05-01 00:00:00;Asturias;Pimientos;492.98269018610597;330.7809441587517;655.1844362134602;1183.2948612473535;964.3996153531234;1402.1901071415837;1.9163754887185693;1.5984778993093856;2.234273078127753
2020-06-01 00:00:00;Asturias;Pimientos;372.5487820630559;194.61532025339773;550.4822438727141;1039.6769814053569;820.6044243951436;1258.74953841557;1.8830471139727372;1.5635170948808157;2.2025771330646586
2020-02-01 00:00:00;Baleares;Pimientos;465.94;465.94;465.94;986.97;986.97;986.97;2.12;2.12;2.12
2020-03-01 00:00:00;Baleares;Pimientos;449.3375743132572;378.802648501142;519.8725001253724;974.1459940967122;779.2720508346285;1169.019937358796;2.1118050714940253;1.932637114824067;2.2909730281639837
2020-04-01 00:00:00;Baleares;Pimientos;468.1788065000808;376.5756276376628;559.7819853624987;935.7673231480134;696.948107906312;1174.5865383897146;2.1363410406327077;1.9595418429729028;2.3131402382925126
2020-05-01 00:00:00;Baleares;Pimientos;461.00267916572193;359.2651718077102;562.7401865237337;885.9242448244303;627.1360134160494;1144.7124762328112;1.9490011345664011;1.77181291822875;2.126189350904052
2020-06-01 00:00:00;Baleares;Pimientos;476.85910692113674;361.2882794854909;592.4299343567826;861.286448863004;592.3367607054385;1130.2361370205695;2.0506547055998476;1.873578628340564;2.227730782859131
2020-02-01 00:00:00;Canarias;Pimientos;718.45;718.45;718.45;1446.73;1446.73;1446.73;2.01;2.01;2.01
2020-03-01 00:00:00;Canarias;Pimientos;971.7882494511649;773.6640213261139;1169.912477576216;1501.291884315036;1026.1208588269308;1976.4629098031412;1.9867139608746356;1.8492513283409502;2.124176593408321
2020-04-01 00:00:00;Canarias;Pimientos;792.6578398282455;564.1029954041401;1021.212684252351;1669.1065158525491;1184.548966394192;2153.6640653109066;2.0510755373018266;1.8173079327871462;2.284843141816507
2020-05-01 00:00:00;Canarias;Pimientos;838.4675246146019;589.9445693673022;1086.9904798619016;1921.1785729768148;1402.3902713823104;2439.9668745713193;2.0997224729906248;1.8171195744631858;2.3823253715180637
2020-06-01 00:00:00;Canarias;Pimientos;835.521799882305;585.069117409453;1085.9744823551569;1711.019826668004;1180.8498284482991;2241.1898248877087;2.0669389225254684;1.7331122874146148;2.400765557636322
2020-02-01 00:00:00;Cantabria;Pimientos;189.46;189.46;189.46;397.1;397.1;397.1;2.1;2.1;2.1
2020-03-01 00:00:00;Cantabria;Pimientos;262.7334187231819;158.28895454343245;367.17788290293134;505.8642687312948;249.4639175492561;762.2646199133335;1.9927825481639905;1.7303673714274093;2.2551977249005715
2020-04-01 00:00:00;Cantabria;Pimientos;261.59498562702424;126.7429288671338;396.4470423869147;504.4475059460663;248.4907583403181;760.4042535518145;1.9560295862443784;1.684011227943123;2.228047944545634
2020-05-01 00:00:00;Cantabria;Pimientos;242.1362133727588;107.88521468953016;376.38721205598745;483.75333743226014;227.61487313202895;739.8918017324913;1.961917403946091;1.6890290646702426;2.2348057432219393
2020-06-01 00:00:00;Cantabria;Pimientos;294.17327149187327;159.49540226675632;428.85114071699024;547.8728801458012;291.58201940200746;804.1637408895949;1.8283839837711877;1.5557221576714646;2.101045809870911
2020-02-01 00:00:00;Castilla la mancha;Pimientos;618.0;618.0;618.0;1140.67;1140.67;1140.67;1.85;1.85;1.85
2020-03-01 00:00:00;Castilla la mancha;Pimientos;691.2849370362587;403.2578057450821;979.3120683274353;1366.6657894599125;1008.2452736445587;1725.0863052752663;1.798419698507812;1.6213522708218617;1.9754871261937623
2020-04-01 00:00:00;Castilla la mancha;Pimientos;670.5810366770854;374.85488246699504;966.3071908871758;1273.108195864854;903.079320541663;1643.137071188045;1.7846946313898995;1.5999869970353446;1.9694022657444543
2020-05-01 00:00:00;Castilla la mancha;Pimientos;704.176886146631;405.82393620461767;1002.5298360886443;1353.584975013228;980.3012935496622;1726.8686564767936;1.8530315126858927;1.6134925804279157;2.0925704449438696
2020-06-01 00:00:00;Castilla la mancha;Pimientos;627.6409175796832;323.1880103375066;932.0938248218598;1235.6453058240656;862.8442788759462;1608.446332772185;1.7646224116886704;1.5148046328267608;2.0144401905505798
2020-02-01 00:00:00;Castilla leon;Pimientos;895.01;895.01;895.01;1556.68;1556.68;1556.68;1.74;1.74;1.74
2020-03-01 00:00:00;Castilla leon;Pimientos;914.0513085364905;545.9258387946466;1282.1767782783345;2182.976510217259;1144.634500449999;3221.3185199845193;1.7355756885360476;1.5506330430551165;1.9205183340169787
2020-04-01 00:00:00;Castilla leon;Pimientos;1082.3860026940858;707.5978113275439;1457.1741940606278;2177.659636359276;1138.535798293421;3216.7834744251313;1.68044912001882;1.4692377881289445;1.8916604519086957
2020-05-01 00:00:00;Castilla leon;Pimientos;900.3517833264405;463.19019500127496;1337.513371651606;2122.5483966138936;1023.7704316565953;3221.326361571192;1.7423327442307457;1.5236211804935536;1.9610443079679378
2020-06-01 00:00:00;Castilla leon;Pimientos;862.0949708392203;423.8393825561051;1300.3505591223357;1953.4674614591454;854.5102483574888;3052.424674560802;1.7773268191770342;1.5563215587954362;1.9983320795586321
2020-02-01 00:00:00;Cataluña;Pimientos;2879.65;2879.65;2879.65;5455.48;5455.48;5455.48;1.89;1.89;1.89
2020-03-01 00:00:00;Cataluña;Pimientos;3005.7468708781935;2319.231807297021;3692.261934459366;5577.117448064015;4146.357324428476;7007.877571699553;1.8735796011734052;1.654820352442925;2.0923388499038853
2020-04-01 00:00:00;Cataluña;Pimientos;2946.632693048862;2255.557207151584;3637.7081789461404;5249.316145018169;3721.5737279347422;6777.058562101595;1.8726749495958055;1.6325996987067413;2.1127502004848697
2020-05-01 00:00:00;Cataluña;Pimientos;3054.0517142876497;2363.7836658853844;3744.319762689915;5615.005702623846;3837.1135116015917;7392.897893646101;1.7808068524370535;1.5359421714451156;2.025671533428991
2020-06-01 00:00:00;Cataluña;Pimientos;3029.8074240480655;2338.9868511946024;3720.6279969015286;5606.475610112606;3681.855373613048;7531.095846612164;1.6888018296952587;1.4430489280240753;1.9345547313664422
2020-02-01 00:00:00;Extremadura;Pimientos;336.58;336.58;336.58;664.14;664.14;664.14;1.97;1.97;1.97
2020-03-01 00:00:00;Extremadura;Pimientos;406.2488315103071;116.37016214306243;696.1275008775518;672.217418190165;-15.862887794772632;1360.2977241751025;1.667644449433713;1.4485645419560462;1.8867243569113799
2020-04-01 00:00:00;Extremadura;Pimientos;360.7001761759999;61.01153273593445;660.3888196160653;660.6808641935005;-57.58340556196481;1378.9451339489658;1.7572706047149669;1.5292293914222617;1.985311818007672
2020-05-01 00:00:00;Extremadura;Pimientos;422.58980094480063;110.8318328278458;734.3477690617555;737.0732616021251;2.4064159522690716;1471.740107251981;1.6305533816165216;1.392342062171598;1.8687647010614452
2020-06-01 00:00:00;Extremadura;Pimientos;477.217411914526;165.23894023498764;789.1958835940643;818.0159239427328;83.94033356723185;1552.0915143182337;1.77613634703704;1.5394687578928916;2.012803936181188
2020-02-01 00:00:00;Galicia;Pimientos;645.07;645.07;645.07;1354.72;1354.72;1354.72;2.1;2.1;2.1
2020-03-01 00:00:00;Galicia;Pimientos;1103.1070760476305;786.3045224698677;1419.9096296253933;1894.860377104372;910.4383642579069;2879.282389950837;2.0339866314590735;1.6888873931100012;2.379085869808146
2020-04-01 00:00:00;Galicia;Pimientos;776.5224571645507;253.95075272803;1299.0941616010714;1647.6693180346376;470.4296655262435;2824.9089705430315;2.0541766582098573;1.6253740425811787;2.4829792738385357
2020-05-01 00:00:00;Galicia;Pimientos;950.412537552178;342.3271073906843;1558.4979677136716;1865.9613737835814;578.7523971675937;3153.170350399569;2.1724519714586212;1.6352955105243032;2.7096084323929395
2020-06-01 00:00:00;Galicia;Pimientos;971.4418291027748;345.76457346944755;1597.1190847361022;2086.778931326005;761.8152192266023;3411.7426434254076;2.2323272730645884;1.6310407577934432;2.8336137883357337
2020-02-01 00:00:00;La rioja;Pimientos;68.38;68.38;68.38;168.04;168.04;168.04;2.46;2.46;2.46
2020-03-01 00:00:00;La rioja;Pimientos;69.9107295142079;35.14114889514367;104.68031013327213;145.20844888036973;54.635047473088676;235.7818502876508;2.2999225471921636;1.8990646755333207;2.7007804188510063
2020-04-01 00:00:00;La rioja;Pimientos;68.64479870123733;33.89853871562491;103.39105868684976;149.8256027530446;44.76036537726672;254.89084012882245;2.6320978278415232;2.2312822844095597;3.032913371273487
2020-05-01 00:00:00;La rioja;Pimientos;68.78810540484312;33.82559304402978;103.75061776565647;144.6294277026129;21.08549303846098;268.1733623667648;2.689875414802451;2.2888032869651127;3.090947542639789
2020-06-01 00:00:00;La rioja;Pimientos;69.09918316894286;34.20465035091481;103.9937159869709;142.8693752801002;5.769730614117947;279.9690199460824;2.732991560221491;2.3317268708541405;3.1342562495888417
2020-02-01 00:00:00;Madrid;Pimientos;2664.39;2664.39;2664.39;5124.86;5124.86;5124.86;1.92;1.92;1.92
2020-03-01 00:00:00;Madrid;Pimientos;2758.2992576745537;2539.770844140009;2976.8276712090983;5829.384590254673;5342.322116930014;6316.447063579331;1.813558923969393;1.6940164530922992;1.9331013948464868
2020-04-01 00:00:00;Madrid;Pimientos;2795.617567876553;2544.7200850659556;3046.5150506871505;5391.464012997165;4827.887509384318;5955.040516610012;1.8378469516651605;1.7130418733712915;1.9626520299590295
2020-05-01 00:00:00;Madrid;Pimientos;2882.198974434588;2631.331711898449;3133.0662369707265;5716.226871882605;5077.941210252377;6354.512533512834;1.7570564119848746;1.6316548407883076;1.8824579831814416
2020-06-01 00:00:00;Madrid;Pimientos;3016.3581063863116;2765.5302172409824;3267.185995531641;5901.0090710522645;5262.591409046625;6539.426733057904;1.7523409811929849;1.6270012608065214;1.8776807015794483
2020-02-01 00:00:00;Murcia;Pimientos;630.04;630.04;630.04;1029.53;1029.53;1029.53;1.63;1.63;1.63
2020-03-01 00:00:00;Murcia;Pimientos;531.9135170363375;293.1178127173638;770.7092213553111;953.9239329000799;649.6147573890826;1258.2331084110772;1.7764287805526924;1.5598722228182662;1.9929853382871185
2020-04-01 00:00:00;Murcia;Pimientos;568.6065546945362;302.1446045947133;835.068504794359;993.1481458313676;672.2105087989236;1314.0857828638118;1.749602136466517;1.5330107170445526;1.9661935558884815
2020-05-01 00:00:00;Murcia;Pimientos;566.3788966089999;290.24176841562917;842.5160248023706;994.4367969691772;665.353878783998;1323.5197151543564;1.7963531011646647;1.5797800248842448;2.0129261774450846
2020-06-01 00:00:00;Murcia;Pimientos;610.9168714811544;334.07453142241354;887.7592115398953;1105.0193249279914;776.3612961042586;1433.6773537517242;1.808103484323513;1.5915490173261253;2.0246579513209007
2020-02-01 00:00:00;Navarra;Pimientos;144.91;144.91;144.91;278.58;278.58;278.58;1.92;1.92;1.92
2020-03-01 00:00:00;Navarra;Pimientos;247.26721119806606;-253.390440328143;747.9248627242752;527.5291105789759;-369.0350999976996;1424.0933211556512;1.8253873295926386;1.515192147556227;2.13558251162905
2020-04-01 00:00:00;Navarra;Pimientos;249.19141650929942;-310.4111564720255;808.7939894906243;494.0300871832836;-533.7930256944384;1521.8532000610057;1.793337305350171;1.4746292002548582;2.112045410445484
2020-05-01 00:00:00;Navarra;Pimientos;200.70690637594495;-381.6137216525992;783.0275344044892;479.1380352029621;-573.1136342211553;1531.3897046270795;1.9980555384674736;1.6787800695199768;2.3173310074149702
2020-06-01 00:00:00;Navarra;Pimientos;130.0603665455797;-452.82675625144947;712.9474893426088;298.0275449197855;-755.85211644782;1351.9072062873909;1.9499602198919133;1.630694076156308;2.2692263636275185
2020-02-01 00:00:00;Pais vasco;Pimientos;797.72;797.72;797.72;1630.78;1630.78;1630.78;2.04;2.04;2.04
2020-03-01 00:00:00;Pais vasco;Pimientos;890.433906352371;751.9886735183716;1028.8791391863704;1735.8115064404687;1476.8329487743222;1994.7900641066153;1.88918796831395;1.669368817416353;2.1090071192115474
2020-04-01 00:00:00;Pais vasco;Pimientos;936.2462705587543;754.8967065015016;1117.5958346160069;1739.844049049095;1299.7234918083393;2179.964606289851;1.8693372628671778;1.6525827743014285;2.086091751432927
2020-05-01 00:00:00;Pais vasco;Pimientos;1050.6332335833126;870.02784229394;1231.2386248726853;1830.2189917089008;1295.198072797549;2365.239910620253;1.907892104224474;1.6904543432324033;2.125329865216545
2020-06-01 00:00:00;Pais vasco;Pimientos;1049.3529623739742;867.4656995399439;1231.2402252080044;1814.901585918133;1183.5352412049451;2446.2679306313207;1.8786447708633913;1.6615570263699782;2.0957325153568047
2020-02-01 00:00:00;Valencia;Pimientos;1961.59;1961.59;1961.59;3498.99;3498.99;3498.99;1.78;1.78;1.78
2020-03-01 00:00:00;Valencia;Pimientos;2125.4117885612345;1856.8134890486022;2394.010088073867;4218.146463746778;3494.3432920012947;4941.949635492261;1.811673289486182;1.6945651464004174;1.9287814325719466
2020-04-01 00:00:00;Valencia;Pimientos;2111.190953277679;1746.3923775591015;2475.9895289962565;4206.80128541533;3484.1966543158323;4929.405916514828;1.7743182466227385;1.6566259086950872;1.8920105845503898
2020-05-01 00:00:00;Valencia;Pimientos;2082.937149366831;1719.2021440460976;2446.672154687564;4063.3959663881506;3252.704724247304;4874.0872085289975;1.842345742465464;1.7245556981185046;1.9601357868124232
2020-06-01 00:00:00;Valencia;Pimientos;2152.316819945417;1787.7810725559402;2516.852567334894;4282.639535182611;3412.0519194964263;5153.227150868796;1.8204030148832446;1.702533566511307;1.9382724632551822
2020-02-01 00:00:00;Nacional;Champiñones o setas;5828.41;5828.41;5828.41;21791.99;21791.99;21791.99;3.74;3.74;3.74
2020-03-01 00:00:00;Nacional;Champiñones o setas;5867.698280145737;5039.873069693203;6695.523490598271;22272.135907327895;14268.635984130258;30275.63583052553;3.8206509528737773;3.211244787198603;4.430057118548952
2020-04-01 00:00:00;Nacional;Champiñones o setas;5752.504167494898;4869.066818258167;6635.941516731629;21533.17614904241;8987.112759990063;34079.23953809476;3.7272413496674717;2.9297234967520955;4.524759202582848
2020-05-01 00:00:00;Nacional;Champiñones o setas;5214.098071824766;4126.53638830875;6301.659755340781;20801.167342398017;7083.812411375369;34518.52227342066;3.8260961062904335;2.9179979216014607;4.734194290979406
2020-06-01 00:00:00;Nacional;Champiñones o setas;5050.752224007816;3881.3050272275023;6220.19942078813;20318.40419587501;6103.893400580386;34532.91499116963;3.6595282971001764;2.6802160844924403;4.638840509707912
2020-02-01 00:00:00;Andalucia;Champiñones o setas;925.93;925.93;925.93;3435.47;3435.47;3435.47;3.71;3.71;3.71
2020-03-01 00:00:00;Andalucia;Champiñones o setas;872.4990730035274;640.973143732461;1104.0250022745938;3390.771768958366;2537.9051186238203;4243.638419292912;3.6478013151215247;2.956319795893269;4.33928283434978
2020-04-01 00:00:00;Andalucia;Champiñones o setas;889.3309082996572;641.2809353586533;1137.380881240661;3381.4062749644554;2211.5585812019553;4551.2539687269555;4.215329390181786;3.262682747368727;5.167976032994845
2020-05-01 00:00:00;Andalucia;Champiñones o setas;827.3261499726638;522.7551126812427;1131.8971872640848;3142.150095035926;1353.404395968795;4930.895794103057;3.570656682127719;2.4334940954278412;4.707819268827596
2020-06-01 00:00:00;Andalucia;Champiñones o setas;820.5274519220048;492.1528788443968;1148.9020249996129;3118.3913464275975;939.8550605489618;5296.927632306233;3.9641942252840305;2.68379545825777;5.244592992310292
2020-02-01 00:00:00;Aragon;Champiñones o setas;169.7;169.7;169.7;637.69;637.69;637.69;3.76;3.76;3.76
2020-03-01 00:00:00;Aragon;Champiñones o setas;244.77492265385993;164.32192749884734;325.2279178088725;573.9538529020498;277.8003667118901;870.1073390922095;3.0284040244866146;1.8854546375157855;4.171353411457444
2020-04-01 00:00:00;Aragon;Champiñones o setas;189.40876994292023;101.88248529836402;276.93505458747643;437.7463936131469;20.05390296422263;855.4388842620712;4.034664594550487;2.481612197978138;5.587716991122837
2020-05-01 00:00:00;Aragon;Champiñones o setas;197.592344887016;91.04838785942033;304.13630191461164;376.6604255301118;-216.04009895376709;969.3609500139908;3.710911979495781;1.8812266170456027;5.5405973419459595
2020-06-01 00:00:00;Aragon;Champiñones o setas;184.5161645580887;68.57280779593896;300.4595213202384;340.75359578291733;-360.1678501285384;1041.675041694373;3.87475784495984;1.84011786153573;5.90939782838395
2020-02-01 00:00:00;Asturias;Champiñones o setas;109.41;109.41;109.41;462.6;462.6;462.6;4.23;4.23;4.23
2020-03-01 00:00:00;Asturias;Champiñones o setas;107.7709961505267;73.40406538842437;142.13792691262904;390.61250355096706;286.21105479194347;495.01395230999066;3.247462495840182;1.141571542931762;5.353353448748601
2020-04-01 00:00:00;Asturias;Champiñones o setas;104.28051257932891;66.04208294360575;142.51894221505208;368.68204112273276;247.96039724541663;489.4036850000489;3.93526365372139;1.8281034513404726;6.042423856102307
2020-05-01 00:00:00;Asturias;Champiñones o setas;108.28643965153935;62.169197248663906;154.4036820544148;422.96545202937796;300.87526761418866;545.0556364445673;3.7699299443214227;1.6596602151435964;5.8801996734992485
2020-06-01 00:00:00;Asturias;Champiñones o setas;105.33608192891305;54.59465309400351;156.07751076382257;376.00272740252865;253.0264787324313;498.978976072626;3.599998963800826;1.4897285549353878;5.710269372666264
2020-02-01 00:00:00;Baleares;Champiñones o setas;165.61;165.61;165.61;796.72;796.72;796.72;4.81;4.81;4.81
2020-03-01 00:00:00;Baleares;Champiñones o setas;143.25449367352246;59.55652143239266;226.95246591465227;290.6985640368972;135.70255259026325;445.69457548353114;3.0836814724460297;1.3707116261454624;4.796651318746597
2020-04-01 00:00:00;Baleares;Champiñones o setas;155.57524050542648;36.64076021039716;274.5097208004558;769.0743631115356;478.75746310268255;1059.3912631203887;3.7202272980317073;2.009371105685728;5.431083490377686
2020-05-01 00:00:00;Baleares;Champiñones o setas;187.75079783925196;41.85094904836677;333.65064663013715;111.3622669546869;-273.5968405464398;496.3213744558136;4.467097349806361;2.39495128152735;6.539243418085372
2020-06-01 00:00:00;Baleares;Champiñones o setas;189.021795210749;20.41534946820815;357.62824095328983;845.961058686357;402.13842585573457;1289.7836915169794;4.4716610083808375;2.394056655002908;6.549265361758767
2020-02-01 00:00:00;Canarias;Champiñones o setas;151.41;151.41;151.41;807.55;807.55;807.55;5.33;5.33;5.33
2020-03-01 00:00:00;Canarias;Champiñones o setas;157.5309125794134;110.79997107215661;204.2618540866702;877.6847079755362;623.4445910767572;1131.9248248743152;3.585942073365586;2.5476701325647007;4.624214014166471
2020-04-01 00:00:00;Canarias;Champiñones o setas;159.41039899761003;105.24810827956925;213.57268971565082;868.2092010153006;608.9778589763639;1127.4405430542372;4.954792440216991;3.273553022682887;6.636031857751096
2020-05-01 00:00:00;Canarias;Champiñones o setas;161.04244664908762;96.34122419780137;225.7436691003739;884.9045829292845;619.713549309306;1150.095616549263;2.517762199408369;0.13810457629352424;4.897419822523214
2020-06-01 00:00:00;Canarias;Champiñones o setas;158.28730386802212;86.07140450254889;230.50320323349536;894.6142357618495;628.2353741595279;1160.9930973641713;5.289173516379753;2.085555876057344;8.492791156702163
2020-02-01 00:00:00;Cantabria;Champiñones o setas;50.66;50.66;50.66;226.05;226.05;226.05;4.46;4.46;4.46
2020-03-01 00:00:00;Cantabria;Champiñones o setas;54.005707014108985;38.61706707741598;69.39434695080199;247.6506278211588;188.73092152995912;306.57033411235847;4.44293460759149;3.002333993239052;5.883535221943928
2020-04-01 00:00:00;Cantabria;Champiñones o setas;55.04997714284349;35.60637193685335;74.49358234883363;254.37310719683106;189.6843196024012;319.0618947912609;3.1273179095035863;1.3761440168063974;4.8784918022007755
2020-05-01 00:00:00;Cantabria;Champiñones o setas;48.52989115928449;25.31569302898827;71.7440892895807;246.320804426812;146.34876389663748;346.2928449569865;4.419613652774256;2.538099877832206;6.301127427716306
2020-06-01 00:00:00;Cantabria;Champiñones o setas;49.259964652588174;22.893909094620422;75.62602021055592;243.52729726190756;117.6220465913401;369.432547932475;3.2573778562356863;1.3166941106755938;5.198061601795779
2020-02-01 00:00:00;Castilla la mancha;Champiñones o setas;234.53;234.53;234.53;923.18;923.18;923.18;3.94;3.94;3.94
2020-03-01 00:00:00;Castilla la mancha;Champiñones o setas;287.2806243967376;232.3990947010846;342.1621540923906;876.164180669646;642.443653137168;1109.884708202124;4.189793362258445;3.918913147127721;4.46067357738917
2020-04-01 00:00:00;Castilla la mancha;Champiñones o setas;249.45516522557233;191.12552397126083;307.7848064798838;836.3115853547108;425.2170014806063;1247.4061692288153;3.717099803353516;3.4327685773173062;4.0014310293897255
2020-05-01 00:00:00;Castilla la mancha;Champiñones o setas;221.8000836786173;149.78418703819747;293.8159803190372;698.1997267944726;79.0453551525917;1317.3540984363535;4.5492395393501175;4.2596410501896385;4.8388380285105965
2020-06-01 00:00:00;Castilla la mancha;Champiñones o setas;225.87630047012925;148.66279412279897;303.08980681745953;663.697436004722;-45.949755304403766;1373.344627313848;3.78674176000966;3.494771823302197;4.078711696717122
2020-02-01 00:00:00;Castilla leon;Champiñones o setas;275.62;275.62;275.62;987.42;987.42;987.42;3.58;3.58;3.58
2020-03-01 00:00:00;Castilla leon;Champiñones o setas;306.4883215834573;243.04123491235794;369.9354082545567;1067.807339151195;488.13991453197207;1647.4747637704181;3.3588551892047107;1.9397813832208732;4.777928995188548
2020-04-01 00:00:00;Castilla leon;Champiñones o setas;302.17915560530776;234.95160600384054;369.406705206775;1113.1631067594021;461.38538764259704;1764.9408258762073;3.6078414376934784;1.7123583716237494;5.503324503763207
2020-05-01 00:00:00;Castilla leon;Champiñones o setas;274.6257572499986;191.4318775356523;357.81963696434497;1227.8818889680965;559.30735473358;1896.456423202613;3.7369437415372215;1.5389705397334161;5.934916943341027
2020-06-01 00:00:00;Castilla leon;Champiñones o setas;262.29053630522446;173.2945631654158;351.2865094450331;1350.7257765071258;673.1105898949861;2028.3409631192656;3.016148814595037;0.6074070974560963;5.424890531733977
2020-02-01 00:00:00;Cataluña;Champiñones o setas;1061.4;1061.4;1061.4;3534.53;3534.53;3534.53;3.33;3.33;3.33
2020-03-01 00:00:00;Cataluña;Champiñones o setas;1085.2772007251376;807.9265544277632;1362.627847022512;3450.1923647636604;2033.483868431017;4866.900861096304;4.474200411495572;3.095853819077167;5.852547003913976
2020-04-01 00:00:00;Cataluña;Champiñones o setas;1088.0196549308578;692.444219118672;1483.5950907430436;3614.863045197336;1523.9607185763534;5705.765371818318;3.7767456178215055;2.2568859954528886;5.2966052401901225
2020-05-01 00:00:00;Cataluña;Champiñones o setas;1084.4411255222344;598.5588960475067;1570.3233549969623;3251.466954364859;959.7789568728572;5543.154951856861;3.105020891536564;1.5209120660622135;4.689129717010914
2020-06-01 00:00:00;Cataluña;Champiñones o setas;1038.6852791356814;476.82771582111764;1600.5428424502452;3216.1578083101895;600.911955166021;5831.403661454358;3.664938817867305;2.078335993146193;5.251541642588417
2020-02-01 00:00:00;Extremadura;Champiñones o setas;98.21;98.21;98.21;383.72;383.72;383.72;3.91;3.91;3.91
2020-03-01 00:00:00;Extremadura;Champiñones o setas;154.09778542461532;98.78585167197292;209.40971917725773;242.1839691953045;96.63652959591857;387.7314087946904;3.202513768054282;-0.7777081300048656;7.18273566611343
2020-04-01 00:00:00;Extremadura;Champiñones o setas;110.91318193921393;54.0785118752698;167.74785200315807;276.04512544900206;18.329246837261564;533.7610040607426;3.834700816772618;-0.35723027748001623;8.026631911025252
2020-05-01 00:00:00;Extremadura;Champiñones o setas;144.49300032303069;71.79417587307391;217.19182477298745;234.24935868468293;-71.48091088809332;539.9796282574591;3.3338302577354866;-0.9337217089435659;7.6013822244145395
2020-06-01 00:00:00;Extremadura;Champiñones o setas;119.27817570685129;43.692382133231504;194.86396928047105;227.04149181506386;-122.7145163621135;576.7974999922412;3.5729461853358506;-0.7326022270898642;7.8784945977615655
2020-02-01 00:00:00;Galicia;Champiñones o setas;231.03;231.03;231.03;889.22;889.22;889.22;3.85;3.85;3.85
2020-03-01 00:00:00;Galicia;Champiñones o setas;230.2489693397744;155.48432359301074;305.01361508653804;682.5437049370195;145.88657204450203;1219.2008378295368;4.1295243428172235;0.44459245196129027;7.814456233673157
2020-04-01 00:00:00;Galicia;Champiñones o setas;231.32407630225316;123.36905343894261;339.2790991655637;912.6536608609072;315.15281671971775;1510.1545050020966;4.587380802892917;0.8734995759381081;8.301262029847726
2020-05-01 00:00:00;Galicia;Champiñones o setas;244.06184033243431;110.87402714518296;377.2496535196857;1122.219225997177;531.643606942463;1712.7948450518911;3.6384150973377274;-0.07592096873091725;7.3527511634063725
2020-06-01 00:00:00;Galicia;Champiñones o setas;239.47452918596562;85.12252838518509;393.82652998674615;1050.3596504923325;451.226660619633;1649.492640365032;4.409800944830111;0.6954577045771426;8.124144185083079
2020-02-01 00:00:00;La rioja;Champiñones o setas;72.53;72.53;72.53;268.58;268.58;268.58;3.7;3.7;3.7
2020-03-01 00:00:00;La rioja;Champiñones o setas;69.74760083105113;43.114522643225534;96.38067901887672;206.9887358530639;122.60916830233752;291.36830340379026;3.9052766610249705;1.3839088191282665;6.4266445029216746
2020-04-01 00:00:00;La rioja;Champiñones o setas;70.50724343994729;36.05369935629418;104.9607875236004;199.37013393463147;84.59670155434777;314.1435663149152;4.633850067188716;2.059641132716454;7.208059001660978
2020-05-01 00:00:00;La rioja;Champiñones o setas;70.3555838853462;29.088799166022262;111.62236860467016;203.71959609221318;89.01827530959079;318.4209168748356;4.427339235681676;1.8519191135116646;7.002759357851687
2020-06-01 00:00:00;La rioja;Champiñones o setas;70.22312905576351;23.192347456864013;117.253910654663;210.2579281874433;95.41223616130488;325.10362021358173;3.9102968405372467;1.334861647381849;6.485732033692644
2020-02-01 00:00:00;Madrid;Champiñones o setas;906.38;906.38;906.38;3420.99;3420.99;3420.99;3.77;3.77;3.77
2020-03-01 00:00:00;Madrid;Champiñones o setas;937.4675416784985;693.9001368746087;1181.0349464823882;3458.6691208613124;2211.1705167411515;4706.167724981473;3.878143982790238;2.8725584082135422;4.883729557366934
2020-04-01 00:00:00;Madrid;Champiñones o setas;880.9776206412371;581.2120511284022;1180.743190154072;3303.818902796608;1383.0253457792594;5224.612459813957;3.748057440538178;2.7363472060812106;4.759767674995146
2020-05-01 00:00:00;Madrid;Champiñones o setas;857.0489638324323;499.88094349631257;1214.216984168552;3144.1057042040557;735.4310054899192;5552.780402918192;4.208080567272235;3.1868695494819037;5.229291585062567
2020-06-01 00:00:00;Madrid;Champiñones o setas;854.3410446323868;450.3926131573107;1258.2894761074629;3049.3018842182055;244.52158675914598;5854.082181677265;3.5297657883903577;2.5055294157784065;4.554002161002309
2020-02-01 00:00:00;Murcia;Champiñones o setas;165.99;165.99;165.99;654.74;654.74;654.74;3.94;3.94;3.94
2020-03-01 00:00:00;Murcia;Champiñones o setas;230.08588587708613;157.40835180366417;302.7634199505081;752.8319645686101;519.146806411536;986.5171227256843;4.02307768345743;3.1265374210159806;4.91961794589888
2020-04-01 00:00:00;Murcia;Champiñones o setas;191.45413449271973;114.8985741359715;268.00969484946796;690.4463317026592;416.91061568350955;963.9820477218088;3.7897880926909795;2.44819254606858;5.131383639313379
2020-05-01 00:00:00;Murcia;Champiñones o setas;164.77128368852013;69.57427670360218;259.9682906734381;665.0224655640919;390.71961605116354;939.3253150770204;3.9561938624104216;2.577029028173513;5.33535869664733
2020-06-01 00:00:00;Murcia;Champiñones o setas;100.80339098418986;-0.5629891019132742;202.169771070293;541.5396111099062;267.2097549731136;815.8694672466988;4.753447819105971;3.3553768505583914;6.151518787653551
2020-02-01 00:00:00;Navarra;Champiñones o setas;72.03;72.03;72.03;330.34;330.34;330.34;4.59;4.59;4.59
2020-03-01 00:00:00;Navarra;Champiñones o setas;64.37882365798843;29.778253322736255;98.97939399324062;511.65826204797594;415.5729761799654;607.7435479159865;4.428804670121258;3.280655285044487;5.576954055198028
2020-04-01 00:00:00;Navarra;Champiñones o setas;71.60387759535685;36.71727271165956;106.49048247905414;357.1133099041157;224.34042920823111;489.88619060000025;4.205386928093061;2.663215792538244;5.747558063647878
2020-05-01 00:00:00;Navarra;Champiñones o setas;66.6309151579637;20.148703823609736;113.11312649231766;431.139920395819;259.98170524763316;602.2981355440048;4.923980628886887;3.3506839913517794;6.497277266421994
2020-06-01 00:00:00;Navarra;Champiñones o setas;73.06966452564545;25.930652140101138;120.20867691118977;403.8943849614262;232.5554522695587;575.2333176532937;4.110424336949538;2.5369745563470802;5.683874117551995
2020-02-01 00:00:00;Pais vasco;Champiñones o setas;320.36;320.36;320.36;1271.38;1271.38;1271.38;3.97;3.97;3.97
2020-03-01 00:00:00;Pais vasco;Champiñones o setas;295.11837155475075;167.88876489876162;422.3479782107399;1340.8284568604768;866.0457469792907;1815.6111667416628;4.306237160434813;3.7181114350388085;4.894362885830819
2020-04-01 00:00:00;Pais vasco;Champiñones o setas;301.4693630289005;135.03602813295856;467.9026979248424;1401.7135555330171;711.6170172770169;2091.8100937890176;4.0562876674340895;3.358224615971358;4.754350718896822
2020-05-01 00:00:00;Pais vasco;Champiñones o setas;295.45912990043445;95.72779538129316;495.19046441957573;1404.590388755721;703.2081546288148;2105.9726228826275;4.127957538609482;3.3896512159907086;4.866263861228255
2020-06-01 00:00:00;Pais vasco;Champiñones o setas;276.95594576338976;48.97051437246995;504.9413771543096;1328.09937384784;624.4558850014375;2031.7428626942426;4.013450262531381;3.2593106800248557;4.767589845037906
2020-02-01 00:00:00;Valencia;Champiñones o setas;817.61;817.61;817.61;2761.82;2761.82;2761.82;3.38;3.38;3.38
2020-03-01 00:00:00;Valencia;Champiñones o setas;734.1766668574231;473.56665492003674;994.7866787948095;3348.5153062390846;2596.6634676126796;4100.3671448654895;3.7905460108901483;3.112642442846038;4.468449578934258
2020-04-01 00:00:00;Valencia;Champiñones o setas;738.8379473359265;455.56055159435016;1022.1153430775029;2996.628511673416;1821.8781967256102;4171.378826621222;3.7784970725947695;3.073028909069738;4.4839652361198015
2020-05-01 00:00:00;Valencia;Champiñones o setas;674.429674672229;329.45312390072473;1019.4062254437333;2950.5060601234077;1751.061404178481;4149.950716068334;3.9041858120866655;3.1954304650444643;4.612941159128867
2020-06-01 00:00:00;Valencia;Champiñones o setas;730.3012999782976;355.07134405835336;1105.5312558982419;2955.8447539901713;1750.8771949800641;4160.812313000279;3.3308781130307596;2.6220479636013274;4.039708262460192
2020-02-01 00:00:00;Nacional;Lechuga;14925.74;14925.74;14925.74;42240.99;42240.99;42240.99;2.83;2.83;2.83
2020-03-01 00:00:00;Nacional;Lechuga;15741.906410609674;12366.64421500138;19117.168606217965;41378.99844971158;35366.560470556076;47391.436428867084;2.79;2.559894745662322;3.020105254337678
2020-04-01 00:00:00;Nacional;Lechuga;14245.796172265447;10233.359491800587;18258.232852730307;39055.34923757923;32922.94140778161;45187.75706737684;2.88;2.6498947446276575;3.1101052553723423
2020-05-01 00:00:00;Nacional;Lechuga;17350.913579073895;12800.002100764683;21901.825057383106;44576.1184573078;37539.24317857911;51612.993736036486;2.68;2.4498947446276578;2.9101052553723425
2020-06-01 00:00:00;Nacional;Lechuga;16506.631535251552;11476.291015728493;21536.97205477461;39416.11386563518;31586.999417326082;47245.22831394428;2.59;2.3598947446276575;2.8201052553723422
2020-07-01 00:00:00;Nacional;Lechuga;17448.797832086995;11981.056595432343;22916.539068741647;43826.12209485648;35299.677387075586;52352.566802637375;2.64;2.4098947446276577;2.8701052553723425
2020-08-01 00:00:00;Nacional;Lechuga;15932.66193114814;10059.875340494254;21805.448521802027;39236.05473362922;30091.74012432759;48380.369342930855;2.7;2.469894744627658;2.9301052553723426
2020-09-01 00:00:00;Nacional;Lechuga;14831.654869157817;8579.851410283392;21083.45832803224;36088.16438328764;26389.217021523327;45787.11174505196;2.75;2.5198947446276576;2.9801052553723424
2020-10-01 00:00:00;Nacional;Lechuga;16147.13883405935;9537.94370182469;22756.33396629401;39762.784263953385;29555.168975697397;49970.399552209376;2.8;2.5698947446276574;3.030105255372342
2020-11-01 00:00:00;Nacional;Lechuga;15187.91713310128;8240.01522730761;22135.81903889495;37486.84837393524;26798.736159505657;48174.96058836482;2.84;2.6098947446276575;3.0701052553723422
2020-02-01 00:00:00;Andalucia;Lechuga;2599.01;2599.01;2599.01;7237.73;7237.73;7237.73;2.78;2.78;2.78
2020-03-01 00:00:00;Andalucia;Lechuga;2578.6791038259535;2067.839338410928;3089.518869240979;6879.518786526118;5902.510315178481;7856.527257873755;2.86;2.3230012548641907;3.396998745135809
2020-04-01 00:00:00;Andalucia;Lechuga;2461.8320715892733;1950.8778291986048;2972.786313979942;6389.947903472341;5374.873448536595;7405.022358408087;2.83;2.293001254533862;3.3669987454661383
2020-05-01 00:00:00;Andalucia;Lechuga;2788.1395407175505;2277.1778780479844;3299.1012033871166;6866.190279592479;5850.5317457149895;7881.848813469968;2.53;1.9930012545338616;3.066998745466138
2020-06-01 00:00:00;Andalucia;Lechuga;2814.3302318466094;2303.3632242424974;3325.2972394507215;6706.934841705548;5691.1632494009655;7722.706434010131;2.43;1.893001254533862;2.9669987454661384
2020-02-01 00:00:00;Aragon;Lechuga;657.54;657.54;657.54;1717.18;1717.18;1717.18;2.61;2.61;2.61
2020-03-01 00:00:00;Aragon;Lechuga;614.5650680867301;492.9899416237003;736.1401945497599;1683.3049408599845;1386.304231049442;1980.305650670527;2.62;2.2215367168650375;3.0184632831349627
2020-04-01 00:00:00;Aragon;Lechuga;526.5449532081274;404.98106229563155;648.1088441206232;1515.481359610033;1218.5592563077012;1812.4034629123648;2.85;2.451536717401158;3.248463282598842
2020-05-01 00:00:00;Aragon;Lechuga;610.6188159687564;489.067188642919;732.1704432945937;1736.3377447369016;1439.4211709824458;2033.2543184913575;2.74;2.341536717401158;3.1384632825988423
2020-06-01 00:00:00;Aragon;Lechuga;600.4663884726208;478.92692159975616;722.0058553454854;1663.8999525611525;1366.9806772103314;1960.8192279119737;2.64;2.241536717401158;3.0384632825988422
2020-02-01 00:00:00;Asturias;Lechuga;257.17;257.17;257.17;720.34;720.34;720.34;2.8;2.8;2.8
2020-03-01 00:00:00;Asturias;Lechuga;210.29699075525855;137.07295251304492;283.5210289974722;598.4017867770383;465.80795276275427;730.9956207913224;2.81;2.380122175818163;3.239877824181837
2020-04-01 00:00:00;Asturias;Lechuga;219.80917487874;120.18620164209798;319.432148115382;494.1963009851598;309.86130961763905;678.5312923526806;2.38;1.9501221757508918;2.8098778242491083
2020-05-01 00:00:00;Asturias;Lechuga;184.60217889552646;64.32776706397686;304.87659072707606;590.0205251627958;405.7979986437493;774.2430516818424;2.47;2.0401221757508923;2.899877824249108
2020-06-01 00:00:00;Asturias;Lechuga;183.91696346580065;46.12921537012616;321.70471156147516;630.9377493043374;446.82513818412065;815.0503604245542;2.73;2.300122175750892;3.159877824249108
2020-02-01 00:00:00;Baleares;Lechuga;399.02;399.02;399.02;1196.82;1196.82;1196.82;3.0;3.0;3.0
2020-03-01 00:00:00;Baleares;Lechuga;375.4497399666403;298.3103189565221;452.58916097675854;1428.493626273362;1226.3206883334476;1630.6665642132764;3.18;2.636114016956764;3.7238859830432363
2020-04-01 00:00:00;Baleares;Lechuga;409.750700276451;332.6077026419811;486.89369791092093;1307.573496367757;1062.1304359483343;1553.0165567871795;3.32;2.7761140166453835;3.863885983354616
2020-05-01 00:00:00;Baleares;Lechuga;441.56340362078856;364.41717900462845;518.7096282369487;1260.4748278547709;1015.0337140597014;1505.9159416498403;3.12;2.576114016645384;3.663885983354616
2020-06-01 00:00:00;Baleares;Lechuga;439.8031897506888;362.6537295562872;516.9526499450903;1328.7171400319319;1083.2681677612272;1574.1661123026365;2.83;2.286114016645384;3.373885983354616
2020-02-01 00:00:00;Canarias;Lechuga;467.94;467.94;467.94;1434.91;1434.91;1434.91;3.07;3.07;3.07
2020-03-01 00:00:00;Canarias;Lechuga;425.8471158039101;248.0779360845419;603.6162955232784;1524.7385638426608;1206.3058290217157;1843.171298663606;4.01;3.0238056574916716;4.996194342508328
2020-04-01 00:00:00;Canarias;Lechuga;432.03590402585405;220.03156266309878;644.0402453886093;1521.9194252925356;1136.8531540179747;1906.9856965670965;3.84;2.853805657381387;4.826194342618613
2020-05-01 00:00:00;Canarias;Lechuga;355.2775220255063;113.58128174408145;596.9737623069311;1346.9590241150281;963.1582077901382;1730.759840439918;3.28;2.2938056573813874;4.266194342618612
2020-06-01 00:00:00;Canarias;Lechuga;335.21629555441433;66.84777089195347;603.5848202168752;1201.7847809766777;819.1252144070933;1584.4443475462622;3.47;2.483805657381388;4.456194342618613
2020-02-01 00:00:00;Cantabria;Lechuga;126.04;126.04;126.04;344.01;344.01;344.01;2.73;2.73;2.73
2020-03-01 00:00:00;Cantabria;Lechuga;133.5944305228718;56.31662974545867;210.8722313002849;347.5717119078329;131.612113203778;563.5313106118878;2.45;1.57638293817644;3.32361706182356
2020-04-01 00:00:00;Cantabria;Lechuga;124.91896042828778;47.65904450477129;202.17887635180426;376.7071707178504;161.13457668978467;592.279764745916;2.92;2.046382938477479;3.7936170615225207
2020-05-01 00:00:00;Cantabria;Lechuga;124.1756845870868;46.93348317475875;201.41788599941486;329.4508650476076;114.78076994726331;544.1209601479518;3.56;2.6863829384774793;4.43361706152252
2020-06-01 00:00:00;Cantabria;Lechuga;130.42259706554663;53.197938514532225;207.64725561656104;331.65016509648507;117.8457305039783;545.4545996889918;2.37;1.4963829384774794;3.243617061522521
2020-02-01 00:00:00;Castilla la mancha;Lechuga;491.38;491.38;491.38;1395.86;1395.86;1395.86;2.84;2.84;2.84
2020-03-01 00:00:00;Castilla la mancha;Lechuga;435.22931139536564;257.00295339924685;613.4556693914844;1254.066776191497;943.2662717421656;1564.8672806408283;2.7;2.1701745391797105;3.22982546082029
2020-04-01 00:00:00;Castilla la mancha;Lechuga;461.4893625205783;251.37945442227456;671.5992706188821;1117.0051219237384;782.2091437472154;1451.8011001002615;2.79;2.260174539155466;3.319825460844534
2020-05-01 00:00:00;Castilla la mancha;Lechuga;372.41782455177616;135.13706559587462;609.6985835076778;1293.549884646532;958.8671371556424;1628.2326321374217;2.53;2.0001745391554664;3.059825460844533
2020-06-01 00:00:00;Castilla la mancha;Lechuga;356.5658517249297;95.3399330727521;617.7917703771072;1221.265309228626;886.7184110927526;1555.8122073644993;2.24;1.7101745391554666;2.769825460844534
2020-02-01 00:00:00;Castilla leon;Lechuga;678.31;678.31;678.31;1827.26;1827.26;1827.26;2.69;2.69;2.69
2020-03-01 00:00:00;Castilla leon;Lechuga;764.7761137311046;514.8927533298096;1014.6594741323996;1798.5316636569578;1315.0101762505128;2282.0531510634028;2.53;2.2718630007724383;2.7881369992275613
2020-04-01 00:00:00;Castilla leon;Lechuga;767.4886737025668;486.22849877029296;1048.7488486348407;1874.1485292609752;1388.2850694214962;2360.0119891004542;2.66;2.401862999819747;2.9181370001802533
2020-05-01 00:00:00;Castilla leon;Lechuga;825.0297744618841;516.1630432863515;1133.8965056374168;1939.1189493055638;1453.3977776209172;2424.8401209902104;2.49;2.231862999819747;2.7481370001802534
2020-06-01 00:00:00;Castilla leon;Lechuga;763.3714535870803;429.6796744664781;1097.0632327076823;1695.7294213442938;1210.1675676920756;2181.291274996512;2.32;2.0618629998197466;2.578137000180253
2020-02-01 00:00:00;Cataluña;Lechuga;2997.64;2997.64;2997.64;8497.37;8497.37;8497.37;2.83;2.83;2.83
2020-03-01 00:00:00;Cataluña;Lechuga;3131.300367138987;2455.8340670416696;3806.7666672363043;9162.61565988952;7658.986143805443;10666.245175973596;2.81;2.5765776216934886;3.0434223783065115
2020-04-01 00:00:00;Cataluña;Lechuga;2897.239541189377;2095.305524458307;3699.1735579204474;8924.143990776174;7103.048163002759;10745.23981854959;2.93;2.6965776223431215;3.163422377656879
2020-05-01 00:00:00;Cataluña;Lechuga;3348.113634379534;2436.713113593293;4259.514155165774;10037.06239053156;7608.071062624815;12466.053718438307;2.73;2.4965776223431213;2.9634223776568787
2020-06-01 00:00:00;Cataluña;Lechuga;3177.682618626902;2167.9958544227948;4187.369382831009;9554.687481412215;6639.913993478702;12469.460969345728;2.8;2.566577622343121;3.0334223776568785
2020-02-01 00:00:00;Extremadura;Lechuga;374.69;374.69;374.69;1012.92;1012.92;1012.92;2.7;2.7;2.7
2020-03-01 00:00:00;Extremadura;Lechuga;370.52837618710873;252.8524647685451;488.20428760567233;971.9703261695802;724.2998357458247;1219.6408165933358;2.91;2.0506976434294604;3.76930235657054
2020-04-01 00:00:00;Extremadura;Lechuga;380.67485173135054;262.9375636059906;498.4121398567105;981.4554308226705;694.7771726301526;1268.1336890151883;2.94;2.08069764354713;3.79930235645287
2020-05-01 00:00:00;Extremadura;Lechuga;429.3773552490355;311.5787786061125;547.1759318919584;1105.365530903356;818.5442853281278;1392.1867764785843;2.88;2.0206976435471296;3.7393023564528702
2020-06-01 00:00:00;Extremadura;Lechuga;492.9118682614298;375.05019129489585;610.7735452279637;1136.5299312438315;849.582748175443;1423.4771143122198;2.3;1.4406976435471297;3.15930235645287
2020-02-01 00:00:00;Galicia;Lechuga;882.7;882.7;882.7;2208.89;2208.89;2208.89;2.5;2.5;2.5
2020-03-01 00:00:00;Galicia;Lechuga;999.0981894436472;313.23252438999134;1684.9638544973031;1822.1940182987819;726.8293876300042;2917.5586489675597;2.4;2.0380794234290414;2.7619205765709585
2020-04-01 00:00:00;Galicia;Lechuga;994.1608539885931;122.50445652547;1865.8172514517162;1973.017610329819;462.7386949821298;3483.2965256775083;2.46;2.0980794231084956;2.8219205768915043
2020-05-01 00:00:00;Galicia;Lechuga;1383.5876439416288;367.45753570238287;2399.717752180875;2415.973989476149;63.03682909697136;4768.911149855327;2.15;1.7880794231084955;2.5119205768915043
2020-06-01 00:00:00;Galicia;Lechuga;1259.3969373015598;123.67135672779114;2395.1225178753284;1963.6919433769344;-812.7957125459961;4740.179599299865;2.14;1.7780794231084958;2.5019205768915045
2020-02-01 00:00:00;La rioja;Lechuga;168.82;168.82;168.82;443.24;443.24;443.24;2.63;2.63;2.63
2020-03-01 00:00:00;La rioja;Lechuga;113.80800998123422;24.57777425803414;203.0382457044343;276.82998807390356;65.58988192603934;488.0700942217678;2.68;2.2978645497958508;3.0621354502041496
2020-04-01 00:00:00;La rioja;Lechuga;133.4979364662352;44.27722348791224;222.71864944455814;341.7086426079975;130.3785576487163;553.0387275672787;2.77;2.3878645499099584;3.1521354500900416
2020-05-01 00:00:00;La rioja;Lechuga;116.83812377404531;27.627275170282573;206.04897237780807;291.46857114089465;80.18322918902919;502.7539130927601;2.73;2.3478645499099584;3.1121354500900416
2020-06-01 00:00:00;La rioja;Lechuga;212.39211625210723;123.19104057654398;301.5931919276705;511.6746144588079;300.43064756956323;722.9185813480526;2.46;2.0778645499099584;2.8421354500900415
2020-02-01 00:00:00;Madrid;Lechuga;1595.19;1595.19;1595.19;5114.23;5114.23;5114.23;3.21;3.21;3.21
2020-03-01 00:00:00;Madrid;Lechuga;1664.7056072440005;1377.0016422642684;1952.4095722237325;4865.329112001191;4023.453368984116;5707.204855018265;2.94;2.5359897725643687;3.344010227435631
2020-04-01 00:00:00;Madrid;Lechuga;1609.3798495531535;1321.6290127662312;1897.1306863400757;4901.992309928672;4060.2409884981253;5743.743631359218;3.15;2.7459897726513938;3.554010227348606
2020-05-01 00:00:00;Madrid;Lechuga;1692.5515537644942;1404.756157767355;1980.3469497616334;4910.354435765953;4055.7102150633077;5764.998656468599;3.02;2.615989772651394;3.424010227348606
2020-06-01 00:00:00;Madrid;Lechuga;1674.9229487667826;1387.082792058735;1962.7631054748301;4905.499782125546;4038.157455152163;5772.842109098928;2.97;2.565989772651394;3.3740102273486063
2020-02-01 00:00:00;Murcia;Lechuga;517.11;517.11;517.11;1534.76;1534.76;1534.76;2.97;2.97;2.97
2020-03-01 00:00:00;Murcia;Lechuga;515.8198264956247;428.89230914507243;602.747343846177;1392.2150324286958;1141.474167871595;1642.9558969857967;2.55;1.9658520080075204;3.1341479919924793
2020-04-01 00:00:00;Murcia;Lechuga;526.7123935119375;439.61211767023553;613.8126693536395;1458.6167004291187;1208.0531669316993;1709.1802339265382;2.79;2.205852007907149;3.374147992092851
2020-05-01 00:00:00;Murcia;Lechuga;534.9097048321509;447.62992223192737;622.1894874323743;1488.5091785887607;1237.1141476888179;1739.9042094887036;2.67;2.0858520079071488;3.254147992092851
2020-06-01 00:00:00;Murcia;Lechuga;550.5571290581722;463.09083829014935;638.0234198261951;1494.276982526945;1242.0200181220391;1746.5339469318508;2.66;2.075852007907149;3.2441479920928513
2020-02-01 00:00:00;Navarra;Lechuga;296.54;296.54;296.54;791.88;791.88;791.88;2.67;2.67;2.67
2020-03-01 00:00:00;Navarra;Lechuga;336.3400539505239;-56.49839007322964;729.1784979742774;1134.9643865177356;157.54256857554094;2112.3862044599305;2.32;1.5241266441394878;3.115873355860512
2020-04-01 00:00:00;Navarra;Lechuga;317.1236487938805;-75.78613137265046;710.0334289604114;1039.7193001743753;-3.4123442255213376;2082.850944574272;2.4;1.6041266438631607;3.195873356136839
2020-05-01 00:00:00;Navarra;Lechuga;314.52231537759457;-78.4182457174652;707.4628764726543;1056.3117951959043;12.428778107968355;2100.1948122838403;2.55;1.7541266438631606;3.3458733561368392
2020-06-01 00:00:00;Navarra;Lechuga;319.4416395425784;-73.52904802041894;712.4123271055757;1046.7478651954416;2.092449203129263;2091.403281187754;2.64;1.844126643863161;3.435873356136839
2020-02-01 00:00:00;Pais vasco;Lechuga;900.13;900.13;900.13;2489.98;2489.98;2489.98;2.77;2.77;2.77
2020-03-01 00:00:00;Pais vasco;Lechuga;974.8981638555535;774.3891767822743;1175.4071509288328;2473.431594344554;2058.026549000271;2888.836639688837;2.62;2.1944401582511133;3.045559841748887
2020-04-01 00:00:00;Pais vasco;Lechuga;934.8613979445101;734.2554427765634;1135.467353112457;2490.9435297673585;2073.5787616980388;2908.3082978366783;2.73;2.3044401580504;3.1555598419496
2020-05-01 00:00:00;Pais vasco;Lechuga;1082.9606159745347;882.2641958329058;1283.6570361161635;2493.4999531915646;2075.585918615198;2911.4139877679313;2.56;2.1344401580504;2.9855598419496
2020-06-01 00:00:00;Pais vasco;Lechuga;1123.8995399625474;923.1103065846248;1324.6887733404699;2509.959454128793;2091.4901308887693;2928.4287773688166;2.37;1.9444401580504003;2.7955598419496
2020-02-01 00:00:00;Valencia;Lechuga;1516.53;1516.53;1516.53;4273.61;4273.61;4273.61;2.82;2.82;2.82
2020-03-01 00:00:00;Valencia;Lechuga;1647.0952894979437;1411.1903942494694;1883.000184746418;4438.316233243682;3608.6934886007543;5267.938977886611;2.85;2.5955578828919807;3.1044421171080194
2020-04-01 00:00:00;Valencia;Lechuga;1571.8477036050049;1335.897204828394;1807.7982023816157;4342.212472858289;3505.8548053129757;5178.570140403603;2.97;2.7155578834680902;3.22444211653191
2020-05-01 00:00:00;Valencia;Lechuga;1751.6066883981186;1515.6218020251679;1987.5915747710694;4672.276247356771;3828.246752533434;5516.305742180108;2.96;2.70555788346809;3.21444211653191
2020-06-01 00:00:00;Valencia;Lechuga;1764.3022586596667;1528.282713694714;2000.3218036246194;4490.518868233521;3638.9198950055593;5342.117841461483;2.66;2.40555788346809;2.91444211653191
2020-02-01 00:00:00;Nacional;Esparragos;2059.7;2059.7;2059.7;5840.73;5840.73;5840.73;2.84;2.84;2.84
2020-03-01 00:00:00;Nacional;Esparragos;2909.2844531902115;1887.38296460684;3931.185941773583;9445.565132171389;4520.884299746332;14370.245964596445;2.8400000018166875;2.24008619113797;3.439913812495405
2020-04-01 00:00:00;Nacional;Esparragos;3162.51893180968;1101.0925817679645;5223.9452818513955;12731.552749374061;7704.958475846357;17758.147022901765;2.8400000018166875;2.0281450073829905;3.6518549962503846
2020-05-01 00:00:00;Nacional;Esparragos;2644.3456105979767;-47.396200110158134;5336.0874213061115;15526.99109263094;10144.313953313054;20909.668231948825;2.8400000018166875;1.8610615544509623;3.8189384491824128
2020-06-01 00:00:00;Nacional;Esparragos;1542.2498286094483;-1666.8789034857114;4751.378560704608;7642.527390229567;2256.2608554068765;13028.793925052258;2.8400000018166875;1.718602465046299;3.961397538587076
2020-02-01 00:00:00;Andalucia;Esparragos;343.4;343.4;343.4;1059.3;1059.3;1059.3;3.08;3.08;3.08
2020-03-01 00:00:00;Andalucia;Esparragos;576.488786373607;233.3925708517723;919.5850018954418;1316.7031762977517;879.5499792365155;1753.856373358988;3.080000178638282;1.372010601958776;4.787989755317788
2020-04-01 00:00:00;Andalucia;Esparragos;799.6319853462951;157.9110734943764;1441.3528971982137;1606.9467171920828;1161.8526548023196;2052.040779581846;3.080000178638282;1.0613651694597732;5.098635187816791
2020-05-01 00:00:00;Andalucia;Esparragos;769.273400415535;-59.08699990066543;1597.6338007317354;1715.5301856742321;1271.3580277898213;2159.702343558643;3.080000178638282;0.7925242319852033;5.367476125291361
2020-06-01 00:00:00;Andalucia;Esparragos;438.28980186046886;-549.3218122419818;1425.9014159629196;1177.7636186416075;680.9557158143147;1674.5715214689003;3.080000178638282;0.5521146763356795;5.607885680940885
2020-02-01 00:00:00;Aragon;Esparragos;33.31;33.31;33.31;152.83;152.83;152.83;4.59;4.59;4.59
2020-03-01 00:00:00;Aragon;Esparragos;-9.035085110989016;-118.8576841482724;100.78751392629437;225.4075157510299;139.2572335064885;311.5577979955713;4.589997853046611;1.2242204752742878;7.955775230818933
2020-04-01 00:00:00;Aragon;Esparragos;70.02668971374005;-120.0353673033053;260.08874673078543;323.28255485030616;98.81637181669228;547.7487378839201;4.589997853046611;0.9167083738868675;8.263287332206353
2020-05-01 00:00:00;Aragon;Esparragos;94.44601349301361;-117.99305860868434;306.88508559471154;359.920353642582;59.11647925950041;660.7242280256635;4.589997853046611;0.6330225133853467;8.546973192707874
2020-06-01 00:00:00;Aragon;Esparragos;-17.384100383756007;-252.55009144603162;217.78189067851957;194.2678881752292;-131.56732846247155;520.1031048129299;4.589997853046611;0.36835693041130124;8.81163877568192
2020-02-01 00:00:00;Asturias;Esparragos;29.87;29.87;29.87;72.58;72.58;72.58;2.43;2.43;2.43
2020-03-01 00:00:00;Asturias;Esparragos;30.579885750546808;10.485455626745114;50.6743158743485;96.14808954237814;67.7705189874063;124.52566009734998;2.4300038646964186;-2.215929724212086;7.075937453604923
2020-04-01 00:00:00;Asturias;Esparragos;34.62881296001713;4.700508439786059;64.5571174802482;78.27611465607207;49.07773887497234;107.4744904371718;2.4300038646964186;-2.8335142030874207;7.693521932480258
2020-05-01 00:00:00;Asturias;Esparragos;35.14510139780782;5.048151944188877;65.24205085142677;155.47810827195744;121.22340720704017;189.7328093368747;2.4300038646964186;-3.3858835127573084;8.245891242150146
2020-06-01 00:00:00;Asturias;Esparragos;39.77649579003706;9.669487586895183;69.88350399317893;96.53818152735674;50.43500550429824;142.64135755041525;2.4300038646964186;-3.890159861392033;8.75016759078487
2020-02-01 00:00:00;Baleares;Esparragos;54.22;54.22;54.22;159.92;159.92;159.92;2.95;2.95;2.95
2020-03-01 00:00:00;Baleares;Esparragos;80.8997720345383;17.241094165462428;144.5584499036142;240.06795097234604;155.7602547123255;324.3756472323666;2.9500078313777633;-2.6035307340213736;8.503546396776901
2020-04-01 00:00:00;Baleares;Esparragos;64.17106145997896;-4.4777950278031255;132.81991794776104;188.95470693317444;104.21268167286891;273.69673219348;2.9500078313777633;-2.9510754942861688;8.851091157041695
2020-05-01 00:00:00;Baleares;Esparragos;92.94609646674374;23.274071586015936;162.61812134747154;292.56527642527885;203.31720302634028;381.8133498242174;2.9500078313777633;-3.279260041774128;9.179275704529655
2020-06-01 00:00:00;Baleares;Esparragos;56.88734951285197;-13.52723188430717;127.30193091001111;204.4919077742344;111.29244538804168;297.6913701604271;2.9500078313777633;-3.590999128910207;9.491014791665734
2020-02-01 00:00:00;Canarias;Esparragos;3.33;3.33;3.33;28.86;28.86;28.86;8.66;8.66;8.66
2020-03-01 00:00:00;Canarias;Esparragos;18.96850386425104;-17.005083206441505;54.942090934943586;80.44286057206064;20.592581004269547;140.29314013985174;8.659999017360994;3.437492063078083;13.882505971643905
2020-04-01 00:00:00;Canarias;Esparragos;4.345656179594037;-33.17782130488359;41.86913366407166;91.6435806028569;26.405487783101677;156.88167342261212;8.659999017360994;2.1214256374544203;15.198572397267567
2020-05-01 00:00:00;Canarias;Esparragos;-13.28766298247557;-52.244245773117484;25.66891980816634;107.20752632150504;42.55693736302386;171.85811527998624;8.659999017360994;1.029055117599155;16.290942917122834
2020-06-01 00:00:00;Canarias;Esparragos;13.582421090526935;-26.869343176140788;54.03418535719466;49.00779343420274;-31.018289342725865;129.03387621113134;8.659999017360994;0.07456555374356633;17.245432480978423
2020-02-01 00:00:00;Cantabria;Esparragos;1.8;1.8;1.8;14.68;14.68;14.68;8.15;8.15;8.15
2020-03-01 00:00:00;Cantabria;Esparragos;19.04357365308416;-2.934134534176252;41.02128184034457;5.670123319446297;-13.193654812778863;24.533901451671458;8.149970336709591;1.802917732366872;14.497022941052311
2020-04-01 00:00:00;Cantabria;Esparragos;25.9720120968555;4.1805228928601075;47.76350130085089;62.04062467714416;36.401063308341506;87.68018604594681;8.149970336709591;1.1403150113831115;15.15962566203607
2020-05-01 00:00:00;Cantabria;Esparragos;18.640120223851845;-3.0063524613692287;40.28659290907292;61.37458561807014;34.39669516438948;88.3524760717508;8.149970336709591;0.5351519674074021;15.764788706011782
2020-06-01 00:00:00;Cantabria;Esparragos;8.282531914866471;-13.310433113974067;29.87549694370701;15.484786262859814;-12.104637969534153;43.07421049525378;8.149970336709591;-0.025336985651215116;16.325277659070398
2020-02-01 00:00:00;Castilla la mancha;Esparragos;93.01;93.01;93.01;276.3;276.3;276.3;2.97;2.97;2.97
2020-03-01 00:00:00;Castilla la mancha;Esparragos;137.71213896506634;74.66106290727552;200.76321502285717;518.0890047785902;467.0046182382997;569.1733913188806;2.970001128472627;-0.017097758707180333;5.9571000156524345
2020-04-01 00:00:00;Castilla la mancha;Esparragos;239.24013812580705;107.5153737789087;370.9649024727054;444.7475780908055;355.7761240605912;533.7190321210198;2.970001128472627;-0.38070218339293627;6.32070444033819
2020-05-01 00:00:00;Castilla la mancha;Esparragos;326.8365030816748;109.52941946066326;544.1435867026863;495.51918442372494;383.28126469443305;607.7571041530168;2.970001128472627;-0.7085401050196474;6.648542361964902
2020-06-01 00:00:00;Castilla la mancha;Esparragos;445.2681810868746;137.9435083939024;752.5928537798468;221.5278395838701;88.56159722301578;354.4940819447244;2.970001128472627;-1.009460961918343;6.949463218863597
2020-02-01 00:00:00;Castilla leon;Esparragos;27.29;27.29;27.29;145.62;145.62;145.62;5.34;5.34;5.34
2020-03-01 00:00:00;Castilla leon;Esparragos;32.34781720426794;-19.943082538880844;84.63871694741673;244.52343538719725;141.7885274660291;347.2583433083654;5.33999769508593;2.4111891748824497;8.268806215289409
2020-04-01 00:00:00;Castilla leon;Esparragos;-20.11338029426544;-107.76549737629279;67.5387367877619;233.8054083441416;135.886024496324;331.7247921919592;5.33999769508593;2.203395042497035;8.476600347674824
2020-05-01 00:00:00;Castilla leon;Esparragos;-66.82176860155961;-202.60881427016682;68.96527706704761;308.2146554165841;206.09650635907224;410.33280447409595;5.33999769508593;2.0085365963427853;8.671458793829075
2020-06-01 00:00:00;Castilla leon;Esparragos;-109.25644307572011;-289.8488435476117;71.33595739617147;247.3789255374246;130.4107640261948;364.34708704865443;5.33999769508593;1.8244621875636309;8.855533202608228
2020-02-01 00:00:00;Cataluña;Esparragos;621.86;621.86;621.86;1247.63;1247.63;1247.63;2.01;2.01;2.01
2020-03-01 00:00:00;Cataluña;Esparragos;618.6400097249638;248.90451058770333;988.3755088622243;1981.4460501987314;1640.7806914855082;2322.1114089119546;2.0099999994353897;1.2837139504294768;2.7362860484413023
2020-04-01 00:00:00;Cataluña;Esparragos;917.3720925389715;348.1752877430355;1486.5688973349074;1816.1160804765968;1455.5335905473735;2176.69857040582;2.0099999994353897;1.2218391103999133;2.798160888470866
2020-05-01 00:00:00;Cataluña;Esparragos;973.9719677099938;178.26382113914747;1769.6801142808401;2168.3477345808615;1785.9912445745008;2550.704224587222;2.0099999994353897;1.1644801894783634;2.855519809392416
2020-06-01 00:00:00;Cataluña;Esparragos;1283.2204809212878;283.18797992977807;2283.2529819127976;1254.1696879345031;835.1364711909515;1673.202904678055;2.0099999994353897;1.110772602691752;2.9092273961790274
2020-02-01 00:00:00;Extremadura;Esparragos;85.17;85.17;85.17;169.71;169.71;169.71;1.99;1.99;1.99
2020-03-01 00:00:00;Extremadura;Esparragos;97.97919136338894;46.49987706846388;149.45850565831398;175.10259620124648;104.5729667753374;245.63222562715555;1.9900127772443623;-3.4321574766991825;7.412183031187907
2020-04-01 00:00:00;Extremadura;Esparragos;92.66076776077514;8.226460774260048;177.09507474729025;228.87339441176312;120.55855345920122;337.188235364325;1.9900127772443623;-3.583951571618498;7.563977126107223
2020-05-01 00:00:00;Extremadura;Esparragos;111.86723333585624;12.245741605532146;211.48872506618034;217.49324162463904;85.8067863289819;349.1796969202962;1.9900127772443623;-3.7317200775853836;7.711745632074108
2020-06-01 00:00:00;Extremadura;Esparragos;76.33926488307127;-40.429141511848584;193.10767127799113;196.06440466323886;50.11839333694891;342.01041598952884;1.9900127772443623;-3.875767235821429;7.855792790310153
2020-02-01 00:00:00;Galicia;Esparragos;34.44;34.44;34.44;169.64;169.64;169.64;4.93;4.93;4.93
2020-03-01 00:00:00;Galicia;Esparragos;18.121811397023027;-72.00724593138305;108.2508687254291;364.34445620520626;245.58805977751177;483.10085263290074;4.93;1.1759332869534633;8.684066713046537
2020-04-01 00:00:00;Galicia;Esparragos;86.83598190115649;-17.339996404758182;191.01196020707116;626.506462402664;438.68124710017145;814.3316777051566;4.93;-0.379052059603632;10.239052059603631
2020-05-01 00:00:00;Galicia;Esparragos;97.18063333250026;-9.933670552423948;204.2949372174245;1100.3662563847274;881.7469308093744;1318.9855819600805;4.93;-1.5722342819341026;11.432234281934102
2020-06-01 00:00:00;Galicia;Esparragos;22.84332446157714;-94.31233773643865;139.99898665959293;262.9729472442324;1.2201785352593788;524.7257159532054;4.93;-2.5781334260078683;12.438133426007868
2020-02-01 00:00:00;La rioja;Esparragos;1.4;1.4;1.4;10.64;10.64;10.64;7.57;7.57;7.57
2020-03-01 00:00:00;La rioja;Esparragos;4.700252363711053;-29.835166138924578;39.23567086634668;90.87637957563668;77.41608266579934;104.33667648547402;7.5699916381717;1.4901659094994004;13.649817366844001
2020-04-01 00:00:00;La rioja;Esparragos;3.008762416352936;-44.38241253511641;50.39993736782228;145.92100084360982;120.73868170917714;171.1033199780425;7.5699916381717;0.6251369335539758;14.514846342789426
2020-05-01 00:00:00;La rioja;Esparragos;3.638226627866624;-45.587888192410894;52.86434144814414;217.11323968477956;190.51904837703597;243.70743099252314;7.5699916381717;-0.1434857128987117;15.283468989242113
2020-06-01 00:00:00;La rioja;Esparragos;3.6127977017039337;-49.60905042366474;56.834645827072606;92.54514833541333;65.27928724602775;119.81100942479891;7.5699916381717;-0.8421697263470218;15.982153002690422
2020-02-01 00:00:00;Madrid;Esparragos;389.87;389.87;389.87;1102.31;1102.31;1102.31;2.83;2.83;2.83
2020-03-01 00:00:00;Madrid;Esparragos;496.31913831834277;218.5057878701025;774.132488766583;1873.380409904608;1794.7331498313752;1952.027669977841;2.8300000630019024;1.5205675455072665;4.139432580496538
2020-04-01 00:00:00;Madrid;Esparragos;650.5113131500866;65.15495794002675;1235.8676683601466;2244.7258725949796;2090.8173411211055;2398.6344040688537;2.8300000630019024;1.28101402143735;4.378986104566454
2020-05-01 00:00:00;Madrid;Esparragos;658.9003574756377;-128.8023387035396;1446.603053654815;3058.6723658103238;2878.7857615021967;3238.558970118451;2.8300000630019024;1.0738389097897885;4.586161216214016
2020-06-01 00:00:00;Madrid;Esparragos;382.9292148848689;-558.6520628072394;1324.5104925769772;1600.989556598713;1392.6755771902262;1809.3035360072;2.8300000630019024;0.8886484114094395;4.771351714594365
2020-02-01 00:00:00;Murcia;Esparragos;33.02;33.02;33.02;192.24;192.24;192.24;5.82;5.82;5.82
2020-03-01 00:00:00;Murcia;Esparragos;24.62408199370161;-28.437156123214372;77.6853201106176;333.0131620612732;294.80339435198164;371.22292977056475;5.819997834604752;2.873441551588911;8.766554117620593
2020-04-01 00:00:00;Murcia;Esparragos;20.607980737727047;-61.55992616787364;102.77588764332774;296.0960500913247;221.44319674122212;370.7489034414273;5.819997834604752;2.5639955324822914;9.076000136727213
2020-05-01 00:00:00;Murcia;Esparragos;38.89318879270729;-68.95944132428059;146.74581890969517;372.51250004604094;273.5951586772155;471.42984141486636;5.819997834604752;2.281508318741607;9.358487350467897
2020-06-01 00:00:00;Murcia;Esparragos;66.77611276084009;-62.479223515380156;196.03144903706033;183.57142533161164;65.48246868883867;301.6603819743846;5.819997834604752;2.019962951038546;9.620032718170958
2020-02-01 00:00:00;Navarra;Esparragos;22.22;22.22;22.22;70.12;70.12;70.12;3.16;3.16;3.16
2020-03-01 00:00:00;Navarra;Esparragos;14.957857910885593;-103.59554409423663;133.51125991600782;74.959550094578;-161.45910932512646;311.37820951428245;3.1600022513010217;-0.2724937322355494;6.592498234837593
2020-04-01 00:00:00;Navarra;Esparragos;24.20406222071731;-103.96969729347524;152.37782173490984;752.6836132550544;515.2181991552352;990.1490273548736;3.1600022513010217;-1.0424705589029455;7.362475061504989
2020-05-01 00:00:00;Navarra;Esparragos;23.42821509312717;-137.14131905946357;183.9977492457179;669.1189326646387;430.364309522595;907.8735558066824;3.1600022513010217;-1.6917527676599087;8.011757270261953
2020-06-01 00:00:00;Navarra;Esparragos;11.920389262169532;-183.90306986657967;207.7438483909187;265.48446536506907;21.769571767521825;509.1993589626163;3.1600022513010217;-2.263859454856457;8.583863957458501
2020-02-01 00:00:00;Pais vasco;Esparragos;64.06;64.06;64.06;171.12;171.12;171.12;2.67;2.67;2.67
2020-03-01 00:00:00;Pais vasco;Esparragos;-31.202340334416192;-118.0698269371293;55.66514626829692;28.04278175131816;-67.96506539801727;124.05062890065359;2.670002196013878;-1.0251777290893522;6.365182121117108
2020-04-01 00:00:00;Pais vasco;Esparragos;-102.71278925132205;-246.8656603382919;41.44008183564779;673.7886540599213;494.98038342328425;852.5969246965584;2.670002196013878;-1.408030756406815;6.748035148434571
2020-05-01 00:00:00;Pais vasco;Esparragos;-80.0413309554926;-261.49572339325715;101.41306148227197;662.3179733757377;458.2872981659988;866.3486485854766;2.670002196013878;-1.757903724754105;7.097908116781861
2020-06-01 00:00:00;Pais vasco;Esparragos;-39.24580757377265;-253.3329212371149;174.8413060895696;326.8172433349579;87.38409138554468;566.250395284371;2.670002196013878;-2.0820867052289507;7.422091097256706
2020-02-01 00:00:00;Valencia;Esparragos;221.44;221.44;221.44;797.26;797.26;797.26;3.6;3.6;3.6
2020-03-01 00:00:00;Valencia;Esparragos;283.4802525139073;96.85760664823513;470.1028983795795;1015.9276930102116;834.672323009753;1197.1830630106701;3.5999998896415755;1.4904848625458404;5.7095149167373105
2020-04-01 00:00:00;Valencia;Esparragos;365.8805112576074;-0.25011940383552655;732.0111419190503;1657.9177956703643;1465.2022968134422;1850.6332945272864;3.5999998896415755;1.3536391327404362;5.846360646542715
2020-05-01 00:00:00;Valencia;Esparragos;418.41282003601685;-57.138244752350715;893.9638848243844;1874.2094195027698;1679.7747948359067;2068.644044169633;3.5999998896415755;1.224664197418642;5.975335581864509
2020-06-01 00:00:00;Valencia;Esparragos;281.7246007756748;-286.97232077880705;850.4215223301567;1047.9066807373529;853.6914410952801;1242.1219203794258;3.5999998896415755;1.102340455020646;6.097659324262505
2020-02-01 00:00:00;Nacional;Verduras de hoja;7138.43;7138.43;7138.43;16171.26;16171.26;16171.26;2.27;2.27;2.27
2020-03-01 00:00:00;Nacional;Verduras de hoja;7126.928971498577;5733.193652758953;8520.664290238201;14228.787267282381;13069.986752975094;15387.58778158967;2.3884942113468686;2.108831927544655;2.668156495149082
2020-04-01 00:00:00;Nacional;Verduras de hoja;6567.311144718993;5093.125574644207;8041.49671479378;15137.055458303994;13774.533918266003;16499.576998341985;2.3028491340633823;1.9935494069298638;2.612148861196901
2020-05-01 00:00:00;Nacional;Verduras de hoja;6328.0311443778755;4777.586056083312;7878.476232672439;14384.93527978215;13015.919142426752;15753.951417137549;2.3578190622866027;2.0057279616655115;2.709910162907694
2020-06-01 00:00:00;Nacional;Verduras de hoja;5029.781144377861;3406.6555036310892;6652.906785124633;13410.918721839982;12030.209562971775;14791.627880708189;2.257873736261217;1.8676558931756115;2.648091579346822
2020-02-01 00:00:00;Andalucia;Verduras de hoja;933.21;933.21;933.21;2078.27;2078.27;2078.27;2.23;2.23;2.23
2020-03-01 00:00:00;Andalucia;Verduras de hoja;763.756821678792;535.3525786340688;992.1610647235152;1341.8245200166753;940.3267419549463;1743.3222980784042;2.7009559226469024;2.216197185092573;3.185714660201232
2020-04-01 00:00:00;Andalucia;Verduras de hoja;946.410513496035;714.1700677441224;1178.6509592479476;2215.1784923750492;1725.9464523359632;2704.4105324141356;2.576865880832712;2.0942199291650168;3.059511832500407
2020-05-01 00:00:00;Andalucia;Verduras de hoja;645.6015442648156;387.2555479847698;903.9475405448615;1615.220055337583;1125.4558544254924;2104.9842562496738;2.551871718968971;2.069225699110304;3.0345177388276374
2020-06-01 00:00:00;Andalucia;Verduras de hoja;576.997402144783;300.71080209154957;853.2840021980164;1520.5777304860705;1030.2331395164695;2010.9223214556716;2.511881058105815;2.0292349700676713;2.994527146143959
2020-02-01 00:00:00;Aragon;Verduras de hoja;640.75;640.75;640.75;998.85;998.85;998.85;1.56;1.56;1.56
2020-03-01 00:00:00;Aragon;Verduras de hoja;613.2236238935546;396.7459634139227;829.7012843731866;630.1105259381047;459.7690523087026;800.4519995675068;1.6973977168002763;1.480065600733155;1.9147298328673976
2020-04-01 00:00:00;Aragon;Verduras de hoja;506.4729385154647;287.27676154666347;725.669115484266;737.935355769499;563.9441101946377;911.9266013443603;1.5938489002710754;1.3654334749313122;1.8222643256108386
2020-05-01 00:00:00;Aragon;Verduras de hoja;571.9058569366033;342.546051251338;801.2656626218686;776.5993664075565;553.2843203781135;999.9144124369996;1.6038485089724794;1.3402799003825938;1.867417117562365
2020-06-01 00:00:00;Aragon;Verduras de hoja;469.1028183793531;230.57957423452189;707.6260625241844;579.2509076315048;349.68839346324177;808.8134217997679;1.5738496640841608;1.2792936988927295;1.8684056292755922
2020-02-01 00:00:00;Asturias;Verduras de hoja;69.51;69.51;69.51;200.49;200.49;200.49;2.88;2.88;2.88
2020-03-01 00:00:00;Asturias;Verduras de hoja;51.454464447676806;-202.07969007962248;304.9886189749761;194.2259605967285;-108.88478430515903;497.336705498616;2.724175910947554;1.5578964418871035;3.890455380008005
2020-04-01 00:00:00;Asturias;Verduras de hoja;53.350399251962514;-195.92148591062664;302.62228441455164;117.65143822259729;-246.86320673418618;482.16608317938073;2.8484048480403628;1.676565405342271;4.020244290738455
2020-05-01 00:00:00;Asturias;Verduras de hoja;43.47761717167078;-219.53065886255848;306.4858932059;122.06391844891178;-246.1146066197637;490.2424435175873;1.998631938945799;0.8267914115489206;3.1704724663426775
2020-06-01 00:00:00;Asturias;Verduras de hoja;65.6108996111583;-207.70075607404038;338.92255529635696;135.38938392420317;-233.1758597778392;503.95462762624555;2.9733714878503013;1.8015298757176335;4.1452130999829695
2020-02-01 00:00:00;Baleares;Verduras de hoja;145.95;145.95;145.95;441.89;441.89;441.89;3.03;3.03;3.03
2020-03-01 00:00:00;Baleares;Verduras de hoja;93.73204938128343;-47.17899402648949;234.64309278905637;270.51960381157085;157.03514819946747;384.0040594236742;3.062022141159672;2.5420037896693586;3.582040492649986
2020-04-01 00:00:00;Baleares;Verduras de hoja;69.83648552712631;-70.45331144423946;210.1262824984921;309.9504045229364;169.86856793010557;450.0322411157673;3.263606675917687;2.7436032026830017;3.783610149152372
2020-05-01 00:00:00;Baleares;Verduras de hoja;74.59620794182747;-80.19842793749557;229.3908438211505;290.2817286617286;150.2312676982412;430.332189625216;3.3785923040368977;2.664581311999372;4.092603296074423
2020-06-01 00:00:00;Baleares;Verduras de hoja;49.91743978319267;-114.12921771582882;213.96409728221414;292.6573057425814;152.63498030934673;432.6796311758161;3.258607205987972;2.393032372281479;4.124182039694465
2020-02-01 00:00:00;Canarias;Verduras de hoja;88.39;88.39;88.39;389.3;389.3;389.3;4.4;4.4;4.4
2020-03-01 00:00:00;Canarias;Verduras de hoja;115.92791998944176;-92.07650125714238;323.9323412360259;393.10386964357446;299.52766397633957;486.68007531080934;3.587426931702947;1.922753641955809;5.252100221450085
2020-04-01 00:00:00;Canarias;Verduras de hoja;69.86317250815605;-175.81928071530925;315.5456257316214;401.8246027464597;293.6689235365253;509.98028195639404;3.977088083214425;2.2784045751927287;5.675771591236121
2020-05-01 00:00:00;Canarias;Verduras de hoja;39.142357515813586;-233.46003299641146;311.74474802803866;412.54972759548724;244.65355618788038;580.4458990030942;3.7320984651121525;2.0074062538720265;5.456790676352279
2020-06-01 00:00:00;Canarias;Verduras de hoja;45.15013276865199;-251.37055387080693;341.6708194081109;351.2324815244414;147.67022217525798;554.7947408736248;3.7370989991727783;1.9867845005532228;5.487413497792334
2020-02-01 00:00:00;Cantabria;Verduras de hoja;30.07;30.07;30.07;86.27;86.27;86.27;2.87;2.87;2.87
2020-03-01 00:00:00;Cantabria;Verduras de hoja;43.898502373245506;-50.509769730396215;138.30677447688723;91.99390184498709;49.41610466930163;134.57169902067255;2.4946316206080863;1.2561970982369117;3.733066142979261
2020-04-01 00:00:00;Cantabria;Verduras de hoja;52.97475054529943;-64.67597178146076;170.62547287205962;96.95119398065482;52.791439592035935;141.1109483692737;2.610891226760815;1.3734570398506498;3.84832541367098
2020-05-01 00:00:00;Cantabria;Verduras de hoja;55.57128191285226;-71.98092154934791;183.12348537505244;96.57775005767249;52.3632344510173;140.7922656643277;2.6257917340697245;1.3883574222319923;3.8632260459074566
2020-06-01 00:00:00;Cantabria;Verduras de hoja;36.357516194058995;-96.39589902108253;169.11093140920053;86.85742053412719;42.5860121651677;131.12882890308668;2.8940076880418406;1.6565732506764563;4.131442125407225
2020-02-01 00:00:00;Castilla la mancha;Verduras de hoja;245.84;245.84;245.84;599.49;599.49;599.49;2.44;2.44;2.44
2020-03-01 00:00:00;Castilla la mancha;Verduras de hoja;388.432594747334;262.72651292299344;514.1386765716746;613.6787570603501;474.19809197029014;753.1594221504101;2.523112516727046;2.0772525883936397;2.968972445060452
2020-04-01 00:00:00;Castilla la mancha;Verduras de hoja;346.7438345604826;149.950739133516;543.5369299874492;445.4418263677013;311.33446132756217;579.5491914078405;2.3658848651390856;1.7525812856545142;2.9791884446236567
2020-05-01 00:00:00;Castilla la mancha;Verduras de hoja;330.547836846688;77.99558487813064;583.1000888152454;426.0947777606468;283.36453538303977;568.8250201382539;2.3308865647971806;1.292148409808306;3.369624719786055
2020-06-01 00:00:00;Castilla la mancha;Verduras de hoja;258.8782324323715;-38.14438888474433;555.9008537494873;367.9424607730302;224.92124375952878;510.96367778653155;2.630872007400181;1.2960264621478808;3.9657175526524813
2020-02-01 00:00:00;Castilla leon;Verduras de hoja;180.08;180.08;180.08;493.22;493.22;493.22;2.74;2.74;2.74
2020-03-01 00:00:00;Castilla leon;Verduras de hoja;181.55887973921423;87.37796374978188;275.7397957286466;741.1132334072299;590.8998091068257;891.3266577076341;2.2316637157770263;1.8258495552743519;2.6374778762797004
2020-04-01 00:00:00;Castilla leon;Verduras de hoja;332.84797737382326;238.8459776924287;426.8499770552178;772.478518984592;584.8789709622907;960.0780670068933;2.5525239369970194;2.075701748792076;3.029346125201963
2020-05-01 00:00:00;Castilla leon;Verduras de hoja;183.40050024724383;63.664148356113145;303.1368521383745;588.9938575034845;402.169978186961;775.817736820008;2.555236442282551;2.067273371708717;3.043199512856385
2020-06-01 00:00:00;Castilla leon;Verduras de hoja;192.2707407988174;70.2055250941671;314.3359565034677;526.5862182475573;339.92261456957624;713.2498219255384;2.562921872336104;2.064066665564381;3.061777079107827
2020-02-01 00:00:00;Cataluña;Verduras de hoja;1741.76;1741.76;1741.76;4085.32;4085.32;4085.32;2.35;2.35;2.35
2020-03-01 00:00:00;Cataluña;Verduras de hoja;1650.526826823766;1014.1384755825012;2286.915178065031;2629.41572164062;1796.6925901314607;3462.1388531497796;2.365147264540961;2.020570312227741;2.709724216854181
2020-04-01 00:00:00;Cataluña;Verduras de hoja;1439.0852456698183;861.150915540462;2017.0195757991746;3276.081930058285;2331.819839665438;4220.344020451132;2.5174604400077043;2.1672638759540566;2.867657004061352
2020-05-01 00:00:00;Cataluña;Verduras de hoja;1859.7459569589664;1262.6572956313926;2456.8346182865403;3115.047117543694;2169.7435712665283;4060.35066382086;2.2925753265453874;1.9423773474163322;2.6427733056744427
2020-06-01 00:00:00;Cataluña;Verduras de hoja;1144.3313949105373;549.4590311269286;1739.203758694146;2773.496647978973;1824.9519793579539;3722.0413165999926;2.542447658832093;2.1922482646538635;2.8926470530103225
2020-02-01 00:00:00;Extremadura;Verduras de hoja;165.87;165.87;165.87;369.63;369.63;369.63;2.23;2.23;2.23
2020-03-01 00:00:00;Extremadura;Verduras de hoja;139.7106182259248;-11.52028782149182;290.94152427334143;416.6793744039736;253.55167977533597;579.8070690326113;2.3101202301248036;1.7126610729313199;2.9075793873182874
2020-04-01 00:00:00;Extremadura;Verduras de hoja;249.7077525649047;100.1217999922736;399.29370513753577;611.7647514840717;431.95553038743594;791.5739725807074;2.3760162785008867;1.7245686773179596;3.027463879683814
2020-05-01 00:00:00;Extremadura;Verduras de hoja;149.01922872591174;-32.22506558312634;330.2635230349498;478.6880577071016;298.7388521003128;658.6372633138905;2.484907542578547;1.8107922693801952;3.159022815776899
2020-06-01 00:00:00;Extremadura;Verduras de hoja;157.56552760586766;-29.919555956122935;345.0506111678583;511.64944963349205;331.49543936510236;691.8034599018818;2.5492523918893326;1.85320725956102;3.245297524217645
2020-02-01 00:00:00;Galicia;Verduras de hoja;424.21;424.21;424.21;872.52;872.52;872.52;2.06;2.06;2.06
2020-03-01 00:00:00;Galicia;Verduras de hoja;637.1849334796892;353.39671714268485;920.9731498166936;775.8295624718127;364.94794335908483;1186.7111815845406;2.241424766840272;1.8690417107001815;2.6138078229803625
2020-04-01 00:00:00;Galicia;Verduras de hoja;634.1513633301672;-13.751983826401442;1282.054710486736;848.1581459478454;436.32344998222567;1259.992841913465;2.3918925456572753;2.02132583097132;2.7624592603432307
2020-05-01 00:00:00;Galicia;Verduras de hoja;836.2482473098546;-270.07090839559373;1942.567403015303;780.570781696056;368.33613640866065;1192.8054269834513;2.116923833517267;1.7341568373703196;2.4996908296642144
2020-06-01 00:00:00;Galicia;Verduras de hoja;876.117587481669;-776.3839324941546;2528.6191074574926;901.7754607145264;489.1293686078904;1314.4215528211623;2.0819278139245294;1.6873375748987778;2.476518052950281
2020-02-01 00:00:00;La rioja;Verduras de hoja;66.89;66.89;66.89;145.6;145.6;145.6;2.18;2.18;2.18
2020-03-01 00:00:00;La rioja;Verduras de hoja;39.67875067834211;-38.431635064010564;117.78913642069479;151.40614457571232;64.54643703231253;238.2658521191121;2.5177341743297643;0.1021943136924075;4.933274034967122
2020-04-01 00:00:00;La rioja;Verduras de hoja;-7.232735622151004;-88.15551212099706;73.69004087669506;163.887230683751;76.6308956213683;251.1435657461337;2.49106824840073;0.027556514183313396;4.954579982618147
2020-05-01 00:00:00;La rioja;Verduras de hoja;56.91115894866551;-75.64204732565395;189.46436522298495;177.86472419226737;89.53981370792017;266.18963467661456;2.4510728089148035;-0.01243934757683407;4.914584965406441
2020-06-01 00:00:00;La rioja;Verduras de hoja;-37.35720339151799;-180.98311274078029;106.26870595774429;197.1222807749286;107.58548910572347;286.65907244413376;2.69105759076029;0.22754501986215114;5.1545701616584285
2020-02-01 00:00:00;Madrid;Verduras de hoja;934.78;934.78;934.78;2122.96;2122.96;2122.96;2.27;2.27;2.27
2020-03-01 00:00:00;Madrid;Verduras de hoja;820.9288756813175;575.4337675649647;1066.4239837976704;1716.7554122043364;1583.4483514948026;1850.0624729138701;2.4715354603266224;2.1103896914792752;2.8326812291739696
2020-04-01 00:00:00;Madrid;Verduras de hoja;712.3201252002127;439.84912501768105;984.7911253827444;1593.5984175505987;1433.4702869424073;1753.7265481587901;2.5667247669805486;2.196529032309067;2.9369205016520303
2020-05-01 00:00:00;Madrid;Verduras de hoja;685.6897225069059;372.4381622111843;998.9412828026275;1502.9317658961697;1342.8037937839983;1663.0597380083411;2.5117255916212415;2.1415278563600393;2.881923326882444
2020-06-01 00:00:00;Madrid;Verduras de hoja;590.9474901770465;245.53649966341044;936.3584806906824;1337.3320029436081;1177.2046301162513;1497.459375770965;2.581724541738746;2.2115248059281787;2.9519242775493137
2020-02-01 00:00:00;Murcia;Verduras de hoja;186.01;186.01;186.01;431.57;431.57;431.57;2.32;2.32;2.32
2020-03-01 00:00:00;Murcia;Verduras de hoja;162.75420725689537;9.227988682365265;316.2804258314255;447.76049666842135;303.08200976747344;592.4389835693693;2.337481814860306;2.1174935126546353;2.5574701170659764
2020-04-01 00:00:00;Murcia;Verduras de hoja;189.117282723136;14.203472804150977;364.031092642121;480.27561677447125;331.6380787126805;628.913154836262;2.4374672503338157;2.151920550431411;2.7230139502362203
2020-05-01 00:00:00;Murcia;Verduras de hoja;101.52989669042144;-79.60339593237977;282.66318931322263;391.2902086699204;242.00523120539142;540.5751861344494;2.36255890116608;2.0769230665162874;2.6481947358158724
2020-06-01 00:00:00;Murcia;Verduras de hoja;113.35657961173892;-70.73079159532496;297.4439508188028;434.7703197897544;284.77104366517506;584.7695959143338;2.3126200042919325;2.026895062666859;2.598344945917006
2020-02-01 00:00:00;Navarra;Verduras de hoja;96.93;96.93;96.93;207.18;207.18;207.18;2.14;2.14;2.14
2020-03-01 00:00:00;Navarra;Verduras de hoja;112.17213071874397;-49.68117624643662;274.02543768392457;93.11651715093103;31.586073629800026;154.64696067206205;2.1884693555649157;1.3947023648050507;2.9822363463247807
2020-04-01 00:00:00;Navarra;Verduras de hoja;184.00881852245718;-5.19507602975068;373.21271307466503;95.01553136451861;21.985857652299586;168.04520507673763;1.9000903102050715;1.0688362204769537;2.7313443999331892
2020-05-01 00:00:00;Navarra;Verduras de hoja;139.11057222028063;-58.62284042580018;336.84398486636144;83.75296208099658;10.720059043881449;156.7858651181117;2.0650547288932133;1.2221204553571057;2.907989002429321
2020-06-01 00:00:00;Navarra;Verduras de hoja;144.10284947683576;-57.25310801994192;345.45880697361343;76.98286402480629;3.946636494476408;150.01909155513619;2.0800514348351875;1.2255966276796855;2.9345062419906895
2020-02-01 00:00:00;Pais vasco;Verduras de hoja;365.69;365.69;365.69;776.23;776.23;776.23;2.12;2.12;2.12
2020-03-01 00:00:00;Pais vasco;Verduras de hoja;556.4899008581618;440.46719105572606;672.5126106605976;1001.3608208585176;798.6013793495905;1204.1202623674449;1.9033362742397117;1.4012219864590827;2.4054505620203406
2020-04-01 00:00:00;Pais vasco;Verduras de hoja;444.1108786395505;297.5714346591543;590.6503226199467;727.5883353577813;480.52073000488906;974.6559407106735;1.856258254059603;1.3357014081772283;2.376815099941978
2020-05-01 00:00:00;Pais vasco;Verduras de hoja;391.51187901794015;220.59438464654838;562.4293733893319;700.2960907422206;452.41644923260753;948.1757322518337;1.711274750232208;0.938953131974478;2.483596368489938
2020-06-01 00:00:00;Pais vasco;Verduras de hoja;313.68192672350546;121.48750795803323;505.8763454889777;601.5162960528238;353.6242215807986;849.408370524849;1.4513043384655924;0.4911054320059468;2.411503244925238
2020-02-01 00:00:00;Valencia;Verduras de hoja;822.47;822.47;822.47;1872.48;1872.48;1872.48;2.28;2.28;2.28
2020-03-01 00:00:00;Valencia;Verduras de hoja;834.1201465920151;526.0710950065026;1142.1691981775275;2327.4401661927714;2027.1299751100469;2627.750357275496;2.2594829590358194;2.074779102395451;2.4441868156761877
2020-04-01 00:00:00;Valencia;Verduras de hoja;564.6357780571064;238.19059620144043;891.0809599127724;1893.302545716329;1594.4367558575964;2192.1683355750615;2.1730142264729833;1.9701016948881551;2.3759267580578114
2020-05-01 00:00:00;Valencia;Verduras de hoja;547.0196321194022;214.24036894437256;879.7988952944319;2130.739961542615;1829.5367703135464;2431.9431527716843;2.1183182920223667;1.7904278524325967;2.4462087316121366
2020-06-01 00:00:00;Valencia;Verduras de hoja;463.7182908976635;125.64898542338426;801.7875963719428;2122.191988313486;1817.9461295020044;2426.4378471249674;2.123290647979023;1.70633647133601;2.5402448246220355
2020-02-01 00:00:00;Nacional;Berenjenas;5542.31;5542.31;5542.31;9182.07;9182.07;9182.07;1.66;1.66;1.66
2020-03-01 00:00:00;Nacional;Berenjenas;6580.086965544706;5698.138464663476;7462.035466425936;9759.171828492295;8209.951516936495;11308.392140048096;1.4744550986213152;1.3701256894529106;1.5787845077897198
2020-04-01 00:00:00;Nacional;Berenjenas;6580.072099880209;5629.765896219948;7530.3783035404695;8732.488518691287;6919.564120192335;10545.412917190239;1.4827023949332294;1.275826446470166;1.6895783433962928
2020-05-01 00:00:00;Nacional;Berenjenas;6413.582201090418;5401.790507936505;7425.373894244331;9259.626075844817;7096.550837010227;11422.701314679407;1.5470307424359702;1.2929423736155186;1.8011191112564218
2020-06-01 00:00:00;Nacional;Berenjenas;6595.763744087724;5526.092817332635;7665.434670842814;9388.595360678324;6968.004805834774;11809.185915521874;1.597379381057103;1.3048016058954595;1.8899571562187467
2020-02-01 00:00:00;Andalucia;Berenjenas;881.93;881.93;881.93;1479.85;1479.85;1479.85;1.68;1.68;1.68
2020-03-01 00:00:00;Andalucia;Berenjenas;1282.4341471120092;1005.2367718653575;1559.631522358661;1632.6977197571778;1275.4651143509266;1989.930325163429;1.5092590139898845;1.4102601671699164;1.6082578608098526
2020-04-01 00:00:00;Andalucia;Berenjenas;1166.0112451055556;888.813635735213;1443.2088544758983;1528.7386231797855;1130.5725667893848;1926.904679570186;1.3063860167248593;1.0945727833325691;1.5181992501171495
2020-05-01 00:00:00;Andalucia;Berenjenas;1031.2691155336938;754.0713828874789;1308.4668481799088;1395.8561866958241;915.9278051609517;1875.7845682306966;1.1845809530412705;0.7972506871569773;1.5719112189255637
2020-06-01 00:00:00;Andalucia;Berenjenas;1202.0432111416906;924.8453571989603;1479.2410650844208;1664.0476029327315;1135.604694157131;2192.4905117083317;1.0615870450842466;0.4991495263872552;1.624024563781238
2020-02-01 00:00:00;Aragon;Berenjenas;137.45;137.45;137.45;217.42;217.42;217.42;1.58;1.58;1.58
2020-03-01 00:00:00;Aragon;Berenjenas;171.7817985793421;85.52038785368833;258.0432093049959;219.16937738272296;54.79335171831988;383.545403047126;1.4009609048149552;1.2168481737686372;1.5850736358612731
2020-04-01 00:00:00;Aragon;Berenjenas;177.06535181270627;90.80136317304678;263.3293404523657;227.73578252049842;51.94922594193224;403.5223390990646;1.55799952644599;1.366385430808517;1.749613622083463
2020-05-01 00:00:00;Aragon;Berenjenas;154.0821825213852;67.81644124880104;240.34792379396936;197.86618992607038;-18.231908982742;413.9642888348827;1.46564653526935;1.2752739850412436;1.6560190854974564
2020-06-01 00:00:00;Aragon;Berenjenas;167.08657723325584;80.81908437948364;253.35407008702805;197.76012407172095;-34.94254635494457;430.4627944983865;1.4921047403746186;1.3001309661937337;1.6840785145555035
2020-02-01 00:00:00;Asturias;Berenjenas;88.67;88.67;88.67;167.84;167.84;167.84;1.89;1.89;1.89
2020-03-01 00:00:00;Asturias;Berenjenas;76.59097207955838;33.8419267190313;119.34001744008546;157.68356855696544;60.02936403193381;255.33777308199706;1.570355548740621;1.2948725052240464;1.8458385922571958
2020-04-01 00:00:00;Asturias;Berenjenas;80.6967161529584;37.947401883689324;123.44603042222748;140.51388548181333;37.80580667693542;243.22196428669125;1.527877940014876;1.2323247751059347;1.8234311049238174
2020-05-01 00:00:00;Asturias;Berenjenas;95.32708803915885;52.577562980082455;138.07661309823524;165.11528428868087;37.225879016585;293.00468956077674;1.5406133124772798;1.2479104140348518;1.8333162109197079
2020-06-01 00:00:00;Asturias;Berenjenas;78.99793552757973;36.24819968882463;121.74767136633483;140.5896097667649;4.5828446578036335;276.59637487572616;1.5065653850498972;1.2108797803859594;1.802250989713835
2020-02-01 00:00:00;Baleares;Berenjenas;154.4;154.4;154.4;325.23;325.23;325.23;2.11;2.11;2.11
2020-03-01 00:00:00;Baleares;Berenjenas;121.68726230063544;27.797748489325244;215.57677611194563;335.29914405998164;185.41365764080805;485.1846304791552;1.7205937203920496;1.4375623232944408;2.0036251174896584
2020-04-01 00:00:00;Baleares;Berenjenas;160.36906285211427;36.70697284815121;284.0311528560773;319.87085487751625;120.85257943900905;518.8891303160235;1.460243586997993;1.099947291258374;1.820539882737612
2020-05-01 00:00:00;Baleares;Berenjenas;111.87152871481334;-35.67272078251386;259.41577821214054;330.5387669465643;90.98838174362834;570.0891521495003;1.8569562733258396;1.4992293643400898;2.2146831823115893
2020-06-01 00:00:00;Baleares;Berenjenas;11.78316308388456;-156.28318871386546;179.84951488163455;315.6029694566981;41.59612979819315;589.609809115203;1.6208523272694204;1.241179839631939;2.000524814906902
2020-02-01 00:00:00;Canarias;Berenjenas;80.96;80.96;80.96;162.88;162.88;162.88;2.01;2.01;2.01
2020-03-01 00:00:00;Canarias;Berenjenas;137.56461344535163;77.47731789787215;197.6519089928311;147.67058450529825;64.97618079206707;230.36498821852945;1.7923716224825055;1.4508524764025794;2.1338907685624315
2020-04-01 00:00:00;Canarias;Berenjenas;116.35419374811039;49.30947049052595;183.39891700569484;154.28219127151308;67.38862778833244;241.17575475469374;1.6309533835092986;1.28950319079546;1.9724035762231373
2020-05-01 00:00:00;Canarias;Berenjenas;132.3881827497464;59.04313756816509;205.7332279313277;164.57229094171936;56.284398742351726;272.86018314108696;1.2915119942496733;0.8706525294237042;1.7123714590756425
2020-06-01 00:00:00;Canarias;Berenjenas;125.78577909691757;46.640366189868985;204.93119200396615;147.04438053683475;31.972224311077667;262.11653676259186;1.3186356204555585;0.8903686325155442;1.7469026083955728
2020-02-01 00:00:00;Cantabria;Berenjenas;62.01;62.01;62.01;107.91;107.91;107.91;1.74;1.74;1.74
2020-03-01 00:00:00;Cantabria;Berenjenas;36.346624574809304;13.42957026261378;59.26367888700483;99.5173182898511;50.49245782607388;148.54217875362832;1.6313979750335508;1.3050168753075886;1.957779074759513
2020-04-01 00:00:00;Cantabria;Berenjenas;31.37903306629731;8.461928522452368;54.29613761014225;84.78558557550429;30.09990696841711;139.47126418259145;1.6712357577402028;1.3587612610688558;1.98371025441155
2020-05-01 00:00:00;Cantabria;Berenjenas;55.45856423568512;32.541457802699824;78.37567066867041;120.69205130752789;54.79382302904345;186.59027958601234;1.6278034395210763;1.3094526576755188;1.9461542213666339
2020-06-01 00:00:00;Cantabria;Berenjenas;38.221082504027606;15.303974183737939;61.13819082431728;93.81086675185655;21.226935743051698;166.3947977606614;1.6676296346322275;1.3582989966583028;1.9769602726061521
2020-02-01 00:00:00;Castilla la mancha;Berenjenas;194.82;194.82;194.82;297.01;297.01;297.01;1.52;1.52;1.52
2020-03-01 00:00:00;Castilla la mancha;Berenjenas;167.0148190273898;109.07350752686594;224.95613052791364;284.1382333173337;136.89575808630423;431.38070854836315;1.3542629184711057;1.250248990263852;1.4582768466783593
2020-04-01 00:00:00;Castilla la mancha;Berenjenas;203.09269132726138;144.47111426067156;261.7142683938512;275.0909284315828;98.57043276295798;451.61142410020767;1.6928476821512248;1.5837807788236802;1.8019145854787695
2020-05-01 00:00:00;Castilla la mancha;Berenjenas;223.42193041405824;164.1287727600722;282.7150880680443;259.0782649645726;48.80538224243017;469.3511476867151;1.5164323610320911;1.4081701523374635;1.6246945697267188
2020-06-01 00:00:00;Castilla la mancha;Berenjenas;186.08594046920484;126.1287243319987;246.043156606411;281.57420708094963;44.942743590557285;518.205670571342;1.5209323602421116;1.4116859235190693;1.630178796965154
2020-02-01 00:00:00;Castilla leon;Berenjenas;156.94;156.94;156.94;293.9;293.9;293.9;1.87;1.87;1.87
2020-03-01 00:00:00;Castilla leon;Berenjenas;237.74393310498124;148.78604955606693;326.70181665389555;261.8804641996911;105.1652615760664;418.5956668233158;1.548586425879042;1.3639351606312908;1.7332376911267933
2020-04-01 00:00:00;Castilla leon;Berenjenas;251.42570880973028;162.4671486932766;340.38426892618395;260.5458697533003;77.72357264500059;443.3681668616;1.387970990554416;1.1407092898029443;1.6352326913058877
2020-05-01 00:00:00;Castilla leon;Berenjenas;136.4872259110901;47.528510775810844;225.44594104636934;209.2556098725885;-8.954059623275157;427.4652793684522;1.4850053622724424;1.2390822868269276;1.7309284377179572
2020-06-01 00:00:00;Castilla leon;Berenjenas;159.4363595653981;70.47748978907191;248.3952293417243;228.75339305912485;-15.235488056257822;472.74227417450754;1.5180418773595146;1.2619974010085948;1.7740863537104343
2020-02-01 00:00:00;Cataluña;Berenjenas;1347.05;1347.05;1347.05;2125.45;2125.45;2125.45;1.58;1.58;1.58
2020-03-01 00:00:00;Cataluña;Berenjenas;1485.1196316005978;1110.922876416446;1859.3163867847497;2403.5461357152863;1719.7166377104975;3087.375633720075;1.2402105336063791;1.1351351512632426;1.3452859159495156
2020-04-01 00:00:00;Cataluña;Berenjenas;1435.2155541837978;1060.8154191067474;1809.6156892608483;2063.569197064781;1218.1030121289527;2909.035382000609;1.3822101365945847;1.126550786213024;1.6378694869761454
2020-05-01 00:00:00;Cataluña;Berenjenas;1434.0739932560848;1059.6711515456186;1808.476834966551;2178.2240469128546;1170.6250186577508;3185.8230751679585;1.7463215396628868;1.3733638989006463;2.1192791804251274
2020-06-01 00:00:00;Cataluña;Berenjenas;1404.360002667841;1029.956467754021;1778.7635375816608;2052.5500315390896;912.0902248291613;3193.009838249018;1.8502280003759066;1.375182492134444;2.3252735086173693
2020-02-01 00:00:00;Extremadura;Berenjenas;73.5;73.5;73.5;122.24;122.24;122.24;1.66;1.66;1.66
2020-03-01 00:00:00;Extremadura;Berenjenas;107.03077945518767;18.62097842411562;195.4405804862597;168.11061029162917;-11.008380439788425;347.22960102304677;1.7793672188177345;1.6579662907148387;1.9007681469206303
2020-04-01 00:00:00;Extremadura;Berenjenas;105.69153761989128;17.27473699161864;194.10833824816393;138.78915202950532;-48.602668329066034;326.18097238807667;1.4872814327459472;1.222603477805306;1.7519593876865882
2020-05-01 00:00:00;Extremadura;Berenjenas;108.10459127651839;19.683560174600018;196.52562237843676;155.5540703815104;-78.94908901166971;390.05722977469054;1.693631579606921;1.3334997457577848;2.053763413456057
2020-06-01 00:00:00;Extremadura;Berenjenas;103.0952364569083;14.669976695531659;191.52049621828493;131.13750132904977;-117.11689326578602;379.39189592388556;1.4545690536587024;1.0240231519440839;1.8851149553733209
2020-02-01 00:00:00;Galicia;Berenjenas;126.61;126.61;126.61;224.08;224.08;224.08;1.77;1.77;1.77
2020-03-01 00:00:00;Galicia;Berenjenas;242.24806041442054;26.588282449473525;457.90783837936755;395.39459193886194;136.65234813922092;654.1368357385029;1.5052108633506789;1.3422742686906062;1.6681474580107516
2020-04-01 00:00:00;Galicia;Berenjenas;245.42823171296294;29.76087472655891;461.095588699367;277.034766904711;17.321793273700223;536.7477405357217;1.287506191960492;1.1164608849646702;1.4585514989563138
2020-05-01 00:00:00;Galicia;Berenjenas;281.00152882757453;65.33412570747521;496.66893194767385;398.1807226351161;45.738483265892114;750.6229620043401;1.2772187503625068;1.1040637530395039;1.4503737476855096
2020-06-01 00:00:00;Galicia;Berenjenas;111.20844028681265;-104.45897897697961;326.8758595506049;258.74923801838827;-96.08670406178521;613.5851800985618;1.597827755016209;1.4227238084104372;1.7729317016219808
2020-02-01 00:00:00;La rioja;Berenjenas;12.74;12.74;12.74;25.88;25.88;25.88;2.03;2.03;2.03
2020-03-01 00:00:00;La rioja;Berenjenas;25.027916734582675;4.960789951509199;45.09504351765615;31.49337561994662;2.0279320316493994;60.95881920824384;0.8923340505885835;0.44053877958297244;1.3441293215941945
2020-04-01 00:00:00;La rioja;Berenjenas;31.943343049878255;11.876214935851472;52.01047116390504;25.208741539859528;-6.928840719449358;57.34632379916842;1.1700366671821896;0.6886267349691817;1.6514465993951974
2020-05-01 00:00:00;La rioja;Berenjenas;28.83820276760946;8.771073769233151;48.905331765985764;21.43956311371595;-17.632659963695133;60.51178619112703;1.5274595141594187;1.0239242709733227;2.030994757345515
2020-06-01 00:00:00;La rioja;Berenjenas;28.291031217595577;8.223901334911101;48.35816110028006;25.640704685753924;-16.93758849510204;68.2189978666099;1.3467874714222705;0.8307974635189939;1.8627774793255472
2020-02-01 00:00:00;Madrid;Berenjenas;806.2;806.2;806.2;1298.7;1298.7;1298.7;1.61;1.61;1.61
2020-03-01 00:00:00;Madrid;Berenjenas;715.7475409312311;472.87139422090536;958.6236876415569;1176.2586107506852;712.8381613452697;1639.6790601561006;1.4659489828979668;1.3161152761187622;1.6157826896771714
2020-04-01 00:00:00;Madrid;Berenjenas;728.8131047522638;485.8802410296925;971.7459684748351;1216.4250782801328;692.55710436357;1740.2930521966955;1.403807910027336;1.225262358707329;1.582353461347343
2020-05-01 00:00:00;Madrid;Berenjenas;743.79909427762;500.8659332248658;986.7322553303743;1199.8538672668062;570.9843027253681;1828.7234318082442;1.4398306296343666;1.259448210651903;1.6202130486168302
2020-06-01 00:00:00;Madrid;Berenjenas;806.8884375878257;563.9552187339364;1049.821656441715;1163.7610595986268;467.4664649845233;1860.0556542127304;1.4250167007682548;1.243932568121868;1.6061008334146416
2020-02-01 00:00:00;Murcia;Berenjenas;244.65;244.65;244.65;399.21;399.21;399.21;1.63;1.63;1.63
2020-03-01 00:00:00;Murcia;Berenjenas;248.32981405744914;138.852926964757;357.8067011501413;340.8949143998636;202.06723835446846;479.7225904452587;1.3239561337693826;1.0703989420087758;1.5775133255299894
2020-04-01 00:00:00;Murcia;Berenjenas;239.98508276237686;130.5028997352745;349.46726578947926;375.75214936518717;221.1735097193896;530.3307890109847;1.3548634377800928;0.9840465209064551;1.7256803546537305
2020-05-01 00:00:00;Murcia;Berenjenas;243.708169600578;134.22591739220616;353.19042180894985;371.0971372417289;184.71374974376363;557.4805247396941;1.356458282831547;0.9845462638110258;1.7283703018520682
2020-06-01 00:00:00;Murcia;Berenjenas;271.71674820282664;162.2344316669723;381.19906473868093;412.925643661871;207.78978016801798;618.061507155724;1.3839648096794293;1.0120043868048898;1.7559252325539687
2020-02-01 00:00:00;Navarra;Berenjenas;81.48;81.48;81.48;159.03;159.03;159.03;1.95;1.95;1.95
2020-03-01 00:00:00;Navarra;Berenjenas;116.04686592429928;43.979394861748844;188.1143369868497;127.33232153394316;21.112811196153146;233.55183187173316;1.8729695299123483;1.5934627822942438;2.152476277530453
2020-04-01 00:00:00;Navarra;Berenjenas;103.3520346449035;31.282482749163066;175.42158654064394;152.0272066576212;42.891613236873354;261.16280007836906;1.8185292810763198;1.4764244801992774;2.1606340819533623
2020-05-01 00:00:00;Navarra;Berenjenas;129.81586478029666;57.74572868280394;201.8860008777894;139.82554385169956;0.21143306188506017;279.43965464151404;1.7854392268833323;1.4089686022795405;2.1619098514871244
2020-06-01 00:00:00;Navarra;Berenjenas;92.22437974923264;20.153660051655848;164.29509944680944;124.25703632697301;-20.889079377878375;269.4031520318244;1.7804316063719798;1.3623053922357875;2.198557820508172
2020-02-01 00:00:00;Pais vasco;Berenjenas;183.57;183.57;183.57;307.54;307.54;307.54;1.68;1.68;1.68
2020-03-01 00:00:00;Pais vasco;Berenjenas;189.13561737029275;103.23882163620199;275.0324131043835;335.6281222477628;114.7941125214117;556.4621319741138;1.4241972662137174;1.1337006220083308;1.7146939104191041
2020-04-01 00:00:00;Pais vasco;Berenjenas;212.71461637529154;121.99238489698247;303.4368478536006;290.03563163516;40.731622362127865;539.3396409081921;1.529545662635373;1.1065613458694465;1.9525299794012994
2020-05-01 00:00:00;Pais vasco;Berenjenas;180.6664845601267;85.36560762323107;275.9673614970223;316.2425324985694;16.866406244333405;615.6186587528055;1.6878523297032122;1.2638397487683037;2.1118649106381207
2020-06-01 00:00:00;Pais vasco;Berenjenas;182.28715626972016;82.61774873801679;281.9565638014235;314.05454738879996;-17.256205305806077;645.365300083406;1.5479127956363081;1.123858617915425;1.9719669733571912
2020-02-01 00:00:00;Valencia;Berenjenas;909.33;909.33;909.33;1467.91;1467.91;1467.91;1.61;1.61;1.61
2020-03-01 00:00:00;Valencia;Berenjenas;889.6817471951686;698.7742136435872;1080.5892807467499;1434.33091122182;1130.0703797434212;1738.591442700219;1.5084514927081796;1.450357818395768;1.5665451670205912
2020-04-01 00:00:00;Valencia;Berenjenas;923.4135811665003;697.5334223711302;1149.2937399618704;1491.468417765048;1123.7585105150492;1859.1783250150465;1.4947910260080879;1.2938815066886993;1.6957005453274765
2020-05-01 00:00:00;Valencia;Berenjenas;857.4493519480953;601.3413327978596;1113.557371098331;1282.708221871854;844.7474012726516;1720.6690424710564;1.531218193401339;1.1624937309016974;1.8999426559009804
2020-06-01 00:00:00;Valencia;Berenjenas;893.830668340273;610.7038746790724;1176.9574620014735;1339.9514312918875;846.2851365563517;1833.6177260274233;1.5314008073350909;1.0110066848449555;2.0517949298252263
2020-02-01 00:00:00;Nacional;Zanahorias;13852.21;13852.21;13852.21;13263.72;13263.72;13263.72;0.96;0.96;0.96
2020-03-01 00:00:00;Nacional;Zanahorias;13707.171103689812;12637.918146185459;14776.424061194166;12297.61621251073;10666.365577955841;13928.866847065618;0.9599999999805066;-1959.0039853065;1960.923985306461
2020-04-01 00:00:00;Nacional;Zanahorias;13698.801871182211;12619.432250207356;14778.171492157067;11996.472711837328;10219.067802774813;13773.877620899844;0.9599999999873211;-1959.0039852847126;1960.9239852846872
2020-05-01 00:00:00;Nacional;Zanahorias;13852.717197755734;12614.401791238359;15091.032604273109;13425.363248044618;11433.651548471029;15417.074947618206;0.9599999999873211;-1959.0039855968364;1960.923985596811
2020-06-01 00:00:00;Nacional;Zanahorias;12867.266485428405;11566.76413134217;14167.76883951464;12442.02156743941;10450.284691382982;14433.758443495837;0.9599999999873211;-1959.0039859089602;1960.9239859089348
2020-02-01 00:00:00;Andalucia;Zanahorias;2193.3;2193.3;2193.3;2366.23;2366.23;2366.23;1.08;1.08;1.08
2020-03-01 00:00:00;Andalucia;Zanahorias;2275.886233099295;2071.6046014790654;2480.167864719525;2240.6110960266797;2056.447461008698;2424.774731044661;1.0799999999717906;-1958.883986534758;1961.0439865347014
2020-04-01 00:00:00;Andalucia;Zanahorias;2435.02577133507;2215.140202108592;2654.9113405615485;2450.5009088182583;2235.831523504752;2665.1702941317644;1.0800000000593601;-1958.8839879494117;1961.0439879495302
2020-05-01 00:00:00;Andalucia;Zanahorias;2235.167833661936;2007.5984024264903;2462.737264897382;2445.4801526930987;2230.9456146887;2660.0146906974974;1.0800000000593601;-1958.8839907944298;1961.0439907945483
2020-06-01 00:00:00;Andalucia;Zanahorias;2277.133634249064;2049.6028185225086;2504.6644499756194;2448.082415479923;2233.51287253361;2662.651958426236;1.0800000000593601;-1958.883993639448;1961.0439936395665
2020-02-01 00:00:00;Aragon;Zanahorias;375.82;375.82;375.82;346.19;346.19;346.19;0.92;0.92;0.92
2020-03-01 00:00:00;Aragon;Zanahorias;368.50841330288745;295.0771912413579;441.939635364417;406.97196855194994;333.8871396094378;480.0567974944621;0.9199999999567702;-1959.043988906244;1960.8839889061578
2020-04-01 00:00:00;Aragon;Zanahorias;319.4524117723207;239.10111067281386;399.80371287182754;287.950184684023;163.7038496187145;412.1965197493315;0.919999999934414;-1959.0439904481123;1960.883990447981
2020-05-01 00:00:00;Aragon;Zanahorias;387.1732151070835;306.79878511486567;467.5476450993013;316.13031726842325;189.7626262729069;442.4980082639396;0.919999999934414;-1959.0439905293808;1960.8839905292496
2020-06-01 00:00:00;Aragon;Zanahorias;349.92700725935356;269.286777670986;430.5672368477211;325.3989521174994;198.97277804175272;451.8251261932461;0.919999999934414;-1959.0439906106492;1960.883990610518
2020-02-01 00:00:00;Asturias;Zanahorias;217.53;217.53;217.53;209.71;209.71;209.71;0.96;0.96;0.96
2020-03-01 00:00:00;Asturias;Zanahorias;249.53560087916458;174.1455211492843;324.9256806090449;293.0678637226745;218.7250524574169;367.41067498793205;0.9600000002060375;-1959.0039896475614;1960.9239896479735
2020-04-01 00:00:00;Asturias;Zanahorias;211.0606746338106;112.90832872230332;309.2130205453179;162.86030045629477;83.59463458370848;242.12596632888105;0.9600000002405243;-1959.0039903020233;1960.9239903025045
2020-05-01 00:00:00;Asturias;Zanahorias;301.73497430223193;203.22908219504967;400.2408664094142;359.29756114852097;280.20735067004017;438.38777162700177;0.9600000002405243;-1959.003990342037;1960.9239903425182
2020-06-01 00:00:00;Asturias;Zanahorias;246.3901264303922;147.8747371924254;344.905515668359;202.79000349553132;122.43173566645363;283.148271324609;0.9600000002405243;-1959.0039903820507;1960.9239903825319
2020-02-01 00:00:00;Baleares;Zanahorias;490.61;490.61;490.61;424.43;424.43;424.43;0.87;0.87;0.87
2020-03-01 00:00:00;Baleares;Zanahorias;428.06217549045016;321.74626370017165;534.3780872807287;377.7038914045529;296.5083813247086;458.89940148439723;0.8700000000700692;-1959.0939881207737;1960.833988120914
2020-04-01 00:00:00;Baleares;Zanahorias;418.8858595645766;312.8294613660108;524.9422577631424;374.1921256740411;285.11755721376653;463.2666941343157;0.8700000000966089;-1959.0939891629434;1960.8339891631365
2020-05-01 00:00:00;Baleares;Zanahorias;403.4761161045899;288.4791934309912;518.4730387781885;381.54885902091905;292.60844077944927;470.48927726238884;0.8700000000966089;-1959.0939891647997;1960.8339891649928
2020-06-01 00:00:00;Baleares;Zanahorias;413.9796440095464;291.20053880583384;536.758749213259;380.3669142820016;290.00889089773614;470.724937666267;0.8700000000966089;-1959.0939891666558;1960.8339891668488
2020-02-01 00:00:00;Canarias;Zanahorias;640.51;640.51;640.51;751.71;751.71;751.71;1.17;1.17;1.17
2020-03-01 00:00:00;Canarias;Zanahorias;694.5807102650158;603.8328462566484;785.3285742733832;807.2059029955685;705.8914301944172;908.5203757967198;1.169999999000494;-1958.7939993924058;1961.1339993904069
2020-04-01 00:00:00;Canarias;Zanahorias;767.5605779869393;676.8149385862622;858.3062173876164;761.6957255397922;658.5818947510072;864.8095563285772;1.1699999990466887;-1958.793998960218;1961.1339989583114
2020-05-01 00:00:00;Canarias;Zanahorias;791.8310444735162;685.615565129094;898.0465238179384;792.293892076357;688.3578668481638;896.2299173045502;1.1699999990466887;-1958.7939992245404;1961.1339992226337
2020-06-01 00:00:00;Canarias;Zanahorias;745.3949403843238;623.5059127605391;867.2839680081086;784.4967378472593;680.6922830606549;888.3011926338637;1.1699999990466887;-1958.7939994888625;1961.1339994869559
2020-02-01 00:00:00;Cantabria;Zanahorias;170.13;170.13;170.13;137.1;137.1;137.1;0.81;0.81;0.81
2020-03-01 00:00:00;Cantabria;Zanahorias;175.90508593864425;122.39838647644109;229.4117854008474;142.90836805999916;114.20053498179797;171.61620113820035;0.8099999997194492;-1959.1539957855775;1960.7739957850163
2020-04-01 00:00:00;Cantabria;Zanahorias;176.7437870763011;123.33505687783773;230.15251727476445;143.23090079510166;107.2287326786701;179.23306891153322;0.8099999997197839;-1959.1539960360533;1960.773996035493
2020-05-01 00:00:00;Cantabria;Zanahorias;176.33703409711865;122.89880726122345;229.77526093301384;141.76570367597597;105.74843720039581;177.78297015155613;0.8099999997197839;-1959.1539962996465;1960.773996299086
2020-06-01 00:00:00;Cantabria;Zanahorias;178.82909539196544;125.36765898166118;232.2905318022697;142.2385358980164;106.15899010644006;178.31808168959276;0.8099999997197839;-1959.1539965632398;1960.7739965626795
2020-02-01 00:00:00;Castilla la mancha;Zanahorias;526.28;526.28;526.28;433.89;433.89;433.89;0.82;0.82;0.82
2020-03-01 00:00:00;Castilla la mancha;Zanahorias;460.75783176814497;363.16791269403285;558.347750842257;339.7339081782467;262.50717252697416;416.9606438295192;0.8200000000096132;-1959.143986719561;1960.7839867195805
2020-04-01 00:00:00;Castilla la mancha;Zanahorias;526.429315516328;429.0754873331426;623.7831436995134;404.03612074777664;323.89035387468175;484.1818876208715;0.8200000000094022;-1959.1439866842165;1960.7839866842355
2020-05-01 00:00:00;Castilla la mancha;Zanahorias;464.7945848120096;367.3387855806543;562.2503840433649;350.94782886765563;220.4382039941104;481.4574537412009;0.8200000000094022;-1959.1439866902103;1960.7839866902293
2020-06-01 00:00:00;Castilla la mancha;Zanahorias;432.0037708516943;334.4794303005652;529.5281114028235;327.2451522236747;175.2964409544135;479.193863492936;0.8200000000094022;-1959.1439866962041;1960.783986696223
2020-02-01 00:00:00;Castilla leon;Zanahorias;773.11;773.11;773.11;641.88;641.88;641.88;0.83;0.83;0.83
2020-03-01 00:00:00;Castilla leon;Zanahorias;864.5179021940892;726.7965796547415;1002.2392247334368;732.4196932415887;587.0679637677852;877.7714227153922;0.83000000000021;-1959.1339854923774;1960.7939854923777
2020-04-01 00:00:00;Castilla leon;Zanahorias;808.4729256840776;651.6056854839792;965.340165884176;628.2659593099222;423.42896505813445;833.1029535617099;0.8299999999979171;-1959.1339864652732;1960.793986465269
2020-05-01 00:00:00;Castilla leon;Zanahorias;1021.0958003812582;858.1531421959359;1184.0384585665806;780.0929781467682;522.7633323448669;1037.4226239486698;0.8299999999979171;-1959.1339872134624;1960.7939872134582
2020-06-01 00:00:00;Castilla leon;Zanahorias;902.6604444212578;738.1859795297642;1067.1349093127515;665.1484904161778;373.8856243295122;956.4113565028433;0.8299999999979171;-1959.1339879616517;1960.7939879616474
2020-02-01 00:00:00;Cataluña;Zanahorias;2259.15;2259.15;2259.15;2304.09;2304.09;2304.09;1.02;1.02;1.02
2020-03-01 00:00:00;Cataluña;Zanahorias;2071.5730132813023;1819.7260343156947;2323.4199922469097;2212.557954630591;1966.5380488385429;2458.5778604226393;1.020000000009503;-1958.9439867609904;1960.9839867610094
2020-04-01 00:00:00;Cataluña;Zanahorias;1970.4229156733077;1683.1090409234025;2257.736790423213;2008.1669715888568;1730.7123308396058;2285.6216123381078;1.0200000000085523;-1958.943986746697;1960.9839867467142
2020-05-01 00:00:00;Cataluña;Zanahorias;2166.762444283006;1851.4157965595805;2482.1090920064316;2400.170496370383;2075.647169148891;2724.6938235918747;1.0200000000085523;-1958.9439869187436;1960.9839869187608
2020-06-01 00:00:00;Cataluña;Zanahorias;2135.99692469972;1820.6141420213867;2451.379707378053;2331.657395723513;2005.187387320057;2658.1274041269694;1.0200000000085523;-1958.9439870907906;1960.983987090808
2020-02-01 00:00:00;Extremadura;Zanahorias;249.32;249.32;249.32;225.01;225.01;225.01;0.9;0.9;0.9
2020-03-01 00:00:00;Extremadura;Zanahorias;347.80589053186463;223.88618915352214;471.72559191020713;335.0992435090891;160.633552395756;509.5649346224222;0.9000000002940503;-1959.0640008898433;1960.8640008904315
2020-04-01 00:00:00;Extremadura;Zanahorias;447.6414385701453;322.6128915024267;572.6699856378639;416.9960709825209;242.1691281318489;591.8230138331929;0.899999999857161;-1959.0640109582685;1960.8640109579826
2020-05-01 00:00:00;Extremadura;Zanahorias;468.9788736223419;326.23200507091997;611.7257421737638;398.6261098940165;186.81141111761215;610.4408086704209;0.899999999857161;-1959.0640115119531;1960.8640115116673
2020-06-01 00:00:00;Extremadura;Zanahorias;297.8527284773562;148.0462200792474;447.659236875465;248.4269444424439;24.65581961877615;472.19806926611164;0.899999999857161;-1959.0640120656378;1960.864012065352
2020-02-01 00:00:00;Galicia;Zanahorias;667.26;667.26;667.26;633.07;633.07;633.07;0.95;0.95;0.95
2020-03-01 00:00:00;Galicia;Zanahorias;875.4924868546763;779.2295492383689;971.7554244709836;861.1278902052395;743.6683886007299;978.5873918097491;0.9499999999224952;-1959.0139895864913;1960.9139895863364
2020-04-01 00:00:00;Galicia;Zanahorias;643.9070942364655;547.6191840794165;740.1950043935144;717.3293381469587;597.7821463772001;836.8765299167172;0.9499999999225895;-1959.013991599157;1960.913991599002
2020-05-01 00:00:00;Galicia;Zanahorias;897.004948167272;753.3033639556802;1040.7065323788638;828.7575509202319;612.3404567307108;1045.1746451097529;0.9499999999225895;-1959.0139936155192;1960.9139936153642
2020-06-01 00:00:00;Galicia;Zanahorias;611.9825762433884;467.5901760986985;756.3749763880783;761.6035291129743;525.989973820519;997.2170844054297;0.9499999999225895;-1959.0139956318815;1960.9139956317265
2020-02-01 00:00:00;La rioja;Zanahorias;92.43;92.43;92.43;84.41;84.41;84.41;0.91;0.91;0.91
2020-03-01 00:00:00;La rioja;Zanahorias;54.04739582067905;37.29135208600771;70.8034395553504;72.89550067057516;56.164439280170626;89.6265620609797;0.9099999993490727;-1959.0539999639939;1960.873999962692
2020-04-01 00:00:00;La rioja;Zanahorias;74.185296507099;57.46663792043415;90.90395509376384;89.06675524564234;72.32122580446924;105.81228468681545;0.9099999994818655;-1959.0539948790702;1960.873994878034
2020-05-01 00:00:00;La rioja;Zanahorias;91.00229683961547;73.78453380489721;108.22005987433373;107.52360380470908;90.43001294282536;124.61719466659281;0.9099999994818655;-1959.0539963010056;1960.8739962999693
2020-06-01 00:00:00;La rioja;Zanahorias;59.93173431504751;42.233195458856294;77.63027317123871;90.87218302611907;73.60714929138715;108.137216760851;0.9099999994818655;-1959.053997722941;1960.8739977219047
2020-02-01 00:00:00;Madrid;Zanahorias;2436.36;2436.36;2436.36;2194.24;2194.24;2194.24;0.9;0.9;0.9
2020-03-01 00:00:00;Madrid;Zanahorias;2078.3060690777006;1683.3734716591605;2473.2386664962405;1948.717777481249;1542.1775830472614;2355.2579719152363;0.8999999998426734;-1959.0639913358882;1960.8639913355737
2020-04-01 00:00:00;Madrid;Zanahorias;2250.4498795797645;1853.4396277188353;2647.4601314406937;2042.0630446933117;1634.1929931760283;2449.933096210595;0.8999999998382279;-1959.0639918250722;1960.8639918247486
2020-05-01 00:00:00;Madrid;Zanahorias;2297.8148685741753;1897.7666515315655;2697.863085616785;2124.9771424923892;1707.7363707817406;2542.2179142030377;0.8999999998382279;-1959.0639921399893;1960.8639921396657
2020-06-01 00:00:00;Madrid;Zanahorias;2112.674339332025;1712.0318739663926;2513.316804697657;2019.0770600439528;1602.6695944909557;2435.48452559695;0.8999999998382279;-1959.0639924549062;1960.8639924545826
2020-02-01 00:00:00;Murcia;Zanahorias;362.62;362.62;362.62;361.38;361.38;361.38;1.0;1.0;1.0
2020-03-01 00:00:00;Murcia;Zanahorias;288.08516921365504;231.98308543617162;344.18725299113845;307.5899225991857;245.07715840299105;370.1026867953803;0.9999999999590153;-1958.9639864998003;1960.9639864997184
2020-04-01 00:00:00;Murcia;Zanahorias;297.94147017413565;238.3317284993459;357.5512118489254;303.0561711821982;240.53789980065028;365.5744425637462;0.9999999999959224;-1958.9639867214185;1960.9639867214103
2020-05-01 00:00:00;Murcia;Zanahorias;280.16146311415764;219.2850924926122;341.0378337357031;304.5270692804204;241.9024425659377;367.1516959949031;0.9999999999959224;-1958.9639879764518;1960.9639879764436
2020-06-01 00:00:00;Murcia;Zanahorias;268.94383748767746;208.11519857062146;329.7724764047334;301.5812715094879;238.81994302801752;364.3425999909583;0.9999999999959224;-1958.9639892314851;1960.963989231477
2020-02-01 00:00:00;Navarra;Zanahorias;172.92;172.92;172.92;156.94;156.94;156.94;0.91;0.91;0.91
2020-03-01 00:00:00;Navarra;Zanahorias;151.38659167227814;75.19410087157623;227.57908247298008;248.29354853743948;139.3415496691157;357.24554740576326;0.9100000036977359;-1959.0540241384736;1960.8740241458688
2020-04-01 00:00:00;Navarra;Zanahorias;159.49274356581614;81.07821985172849;237.9072672799038;168.1606689690936;52.73477513076848;283.5865628074187;0.9100000034438844;-1959.0540211653324;1960.8740211722202
2020-05-01 00:00:00;Navarra;Zanahorias;153.2791363872369;74.04477957597953;232.51349319849425;228.5723924669042;112.00586543298898;345.13891950081944;0.9100000034438844;-1959.054021301561;1960.8740213084488
2020-06-01 00:00:00;Navarra;Zanahorias;163.02615808801437;83.88738984628945;242.16492632973927;164.26735467470894;46.97793319490032;281.5567761545176;0.9100000034438844;-1959.05402143779;1960.8740214446777
2020-02-01 00:00:00;Pais vasco;Zanahorias;824.77;824.77;824.77;740.51;740.51;740.51;0.9;0.9;0.9
2020-03-01 00:00:00;Pais vasco;Zanahorias;813.4800563137696;727.0739207931504;899.8861918343889;753.5204824117423;668.4390766345684;838.6018881889161;0.8999999999736785;-1959.0639873509176;1960.863987350865
2020-04-01 00:00:00;Pais vasco;Zanahorias;839.9626225386113;749.4929469847085;930.4322980925141;766.3815074579768;659.2542193557134;873.5087955602402;0.8999999999734737;-1959.0639874919843;1960.8639874919313
2020-05-01 00:00:00;Pais vasco;Zanahorias;822.0144826249409;715.8775827051553;928.1513825447265;777.4102025594766;647.3004187516794;907.5199863672738;0.8999999999734737;-1959.0639876129821;1960.8639876129291
2020-06-01 00:00:00;Pais vasco;Zanahorias;844.8323056772061;730.4396781522273;959.224933202185;787.9524094641315;639.7113338856254;936.1934850426376;0.8999999999734737;-1959.0639877339797;1960.8639877339267
2020-02-01 00:00:00;Valencia;Zanahorias;1400.1;1400.1;1400.1;1252.93;1252.93;1252.93;0.89;0.89;0.89
2020-03-01 00:00:00;Valencia;Zanahorias;1457.798546858667;1307.5014208002488;1608.095672917085;1321.4384324639896;1124.8863117945941;1517.990553133385;0.8899999999864595;-1959.073985575351;1960.8539855753238
2020-04-01 00:00:00;Valencia;Zanahorias;1438.4923072890729;1284.585008318069;1592.3996062600768;1230.6713824305857;1033.3488640717887;1427.9939007893827;0.889999999988;-1959.0739857260055;1960.8539857259816
2020-05-01 00:00:00;Valencia;Zanahorias;1500.3581497631567;1344.7518173448038;1655.9644821815095;1340.26986290941;1140.4990069870983;1540.0407188317217;0.889999999988;-1959.0739859773014;1960.8539859772775
2020-06-01 00:00:00;Valencia;Zanahorias;1514.1220492334166;1358.6549352283266;1669.5891632385067;1264.415425802518;1063.7681618629822;1465.0626897420539;0.889999999988;-1959.073986228597;1960.8539862285731
2020-02-01 00:00:00;Nacional;Calabacines;16528.34;16528.34;16528.34;25152.6;25152.6;25152.6;1.52;1.52;1.52
2020-03-01 00:00:00;Nacional;Calabacines;16066.623120336835;14493.926637270482;17639.31960340319;16996.870796791773;16996.686107130958;16997.055486452588;1.397847586916852;1.1838457371882887;1.6118494366454155
2020-04-01 00:00:00;Nacional;Calabacines;16149.693504822477;14576.250399174296;17723.136610470658;15416.217228004134;15415.865588078768;15416.5688679295;1.2128857285552677;0.7992123909658615;1.6265590661446738
2020-05-01 00:00:00;Nacional;Calabacines;16203.33732613623;14629.73570805521;17776.93894421725;19831.32187282208;19830.8601467127;19831.783598931463;1.2028589091106243;0.5218252441079733;1.8838925741132755
2020-06-01 00:00:00;Nacional;Calabacines;16065.442709469879;14491.802316098765;17639.083102840992;19660.632727293163;19660.08251700029;19661.182937586036;1.2114533257774613;0.34169009621350277;2.08121655534142
2020-02-01 00:00:00;Andalucia;Calabacines;2436.01;2436.01;2436.01;3687.26;3687.26;3687.26;1.51;1.51;1.51
2020-03-01 00:00:00;Andalucia;Calabacines;2720.486434703801;2462.512487470301;2978.460381937301;7641.923628905362;7641.820735102086;7642.026522708639;1.4696317268927066;1.2778568546231952;1.661406599162218
2020-04-01 00:00:00;Andalucia;Calabacines;2728.2043671452843;2470.217270750931;2986.1914635396374;9031.587816726122;9031.467335038935;9031.708298413309;1.3100538354627684;0.9475328177981341;1.6725748531274027
2020-05-01 00:00:00;Andalucia;Calabacines;3046.1395299302176;2788.1522686555854;3304.1267912048497;2000.4053289145277;2000.2695157039534;2000.541142125102;1.3076751966662674;0.7095711797529135;1.9057792135796214
2020-06-01 00:00:00;Andalucia;Calabacines;2814.060283400138;2556.072928913388;3072.047637886888;3010.7536875572214;3010.6040981006595;3010.9032770137833;1.31481111305577;0.550589062963536;2.079033163148004
2020-02-01 00:00:00;Aragon;Calabacines;483.63;483.63;483.63;746.47;746.47;746.47;1.54;1.54;1.54
2020-03-01 00:00:00;Aragon;Calabacines;513.7263009091339;405.73229012489594;621.7203116933719;729.9991930529841;729.9973273384595;730.0010587675087;1.5053608885086018;1.2759423369480627;1.734779440069141
2020-04-01 00:00:00;Aragon;Calabacines;510.98470469611755;346.3364899109562;675.6329194812789;700.2313541483443;700.228803153881;700.2339051428075;1.4854360210891682;1.0987078980351423;1.872164144143194
2020-05-01 00:00:00;Aragon;Calabacines;549.7140255757381;343.425010214557;756.0030409369192;699.0899153975604;699.0868277057041;699.0930030894167;1.4749139065606918;0.9124619648768124;2.037365848244571
2020-06-01 00:00:00;Aragon;Calabacines;636.7337451110309;395.89919376936746;877.5682964526943;791.748445472808;791.744901389984;791.7519895556321;1.4775444351928109;0.7824575828879766;2.1726312874976452
2020-02-01 00:00:00;Asturias;Calabacines;295.96;295.96;295.96;430.35;430.35;430.35;1.45;1.45;1.45
2020-03-01 00:00:00;Asturias;Calabacines;284.79211055515924;214.42969116079246;355.154529949526;237.40615845699242;237.4048512130119;237.40746570097292;1.3754234621571193;1.0901281690167925;1.660718755297446
2020-04-01 00:00:00;Asturias;Calabacines;281.8312400223523;210.44811529320464;353.21436475149994;563.0673181867899;563.0660063729771;563.0686300006026;1.4049456995705185;1.0858562825388414;1.7240351166021957
2020-05-01 00:00:00;Asturias;Calabacines;303.1933732629055;230.80532562981642;375.58142089599454;293.96082995602524;293.9595109040911;293.9621490079594;1.3938007586425527;1.0747093844217388;1.7128921328633666
2020-06-01 00:00:00;Asturias;Calabacines;274.1291336075886;200.7499245930484;347.5083426221288;385.944290210099;385.9429666291004;385.94561379109757;1.4123756601891624;1.0932823287912163;1.7314689915871084
2020-02-01 00:00:00;Baleares;Calabacines;443.76;443.76;443.76;728.31;728.31;728.31;1.64;1.64;1.64
2020-03-01 00:00:00;Baleares;Calabacines;299.50834537857986;238.8920695858037;360.124621171356;733.0309148314398;733.0302034266651;733.0316262362144;1.4443306026322116;1.1353735954312587;1.7532876098331645
2020-04-01 00:00:00;Baleares;Calabacines;335.1956070730405;274.57916495524324;395.81204919083774;676.257468690957;676.2561051992267;676.2588321826873;1.4957753226420458;1.1597583369017699;1.8317923083823218
2020-05-01 00:00:00;Baleares;Calabacines;427.66927221194476;367.05282903694695;488.28571538694257;731.3649875262496;731.3631952898284;731.3667797626708;1.4733283832284148;1.1373000145542305;1.809356751902599
2020-06-01 00:00:00;Baleares;Calabacines;313.2062045499012;252.58976036896956;373.82264873083284;538.8814178192508;538.8792812040925;538.8835544344091;1.4172110346943372;1.0811712834718274;1.753250785916847
2020-02-01 00:00:00;Canarias;Calabacines;1241.94;1241.94;1241.94;1962.81;1962.81;1962.81;1.58;1.58;1.58
2020-03-01 00:00:00;Canarias;Calabacines;1008.6437873620921;715.787582130562;1301.4999925936222;1260.9129652894735;1260.9124145454423;1260.9135160335047;1.2795222594668156;0.862906107413209;1.6961384115204223
2020-04-01 00:00:00;Canarias;Calabacines;1011.2974309152268;705.9869470589335;1316.60791477152;1467.249194844352;1467.248600359575;1467.2497893291288;1.4773752178673851;0.8904861275664768;2.064264308168293
2020-05-01 00:00:00;Canarias;Calabacines;942.8265390309635;625.6619263822585;1259.9911516796687;843.9827389281502;843.9821073822175;843.9833704740829;1.306651310398268;0.7197585124793295;1.8935441083172064
2020-06-01 00:00:00;Canarias;Calabacines;684.776019998045;356.18516882449245;1013.3668711715975;806.8529833971071;806.8523133646995;806.8536534295147;1.5729806060500904;0.9860841005365438;2.159877111563637
2020-02-01 00:00:00;Cantabria;Calabacines;212.8;212.8;212.8;301.91;301.91;301.91;1.42;1.42;1.42
2020-03-01 00:00:00;Cantabria;Calabacines;204.24881885453453;111.23214212438701;297.26549558468207;295.8102947321166;295.8098166314945;295.8107728327386;1.5355014606485273;1.0173033582174074;2.0536995630796473
2020-04-01 00:00:00;Cantabria;Calabacines;153.8126306507965;60.79264362652215;246.83261767507088;300.7110395296103;300.71015418554276;300.7119248736778;1.4433536384223926;0.8017468305481331;2.0849604462966522
2020-05-01 00:00:00;Cantabria;Calabacines;211.25557669785405;118.23550140934076;304.27565198636734;98.30501004838443;98.30385238767987;98.306167709089;1.5827618963305197;0.8100781296378303;2.3554456630232092
2020-06-01 00:00:00;Cantabria;Calabacines;139.10202386294583;46.08186237115818;232.12218535473346;402.6921350295036;402.6907582825334;402.6935117764738;1.553412789402493;0.6688670807417095;2.4379584980632765
2020-02-01 00:00:00;Castilla la mancha;Calabacines;652.11;652.11;652.11;965.78;965.78;965.78;1.48;1.48;1.48
2020-03-01 00:00:00;Castilla la mancha;Calabacines;640.0197430257157;452.1587910137208;827.8806950377106;955.8533725082433;955.5127496642324;956.1939953522542;1.3860823025908615;1.1577613338060568;1.6144032713756662
2020-04-01 00:00:00;Castilla la mancha;Calabacines;594.1797492218979;406.31063357278845;782.0488648710073;828.6920709310158;828.3195076583107;829.0646342037209;1.1741183917491012;0.7444286820289144;1.603808101469288
2020-05-01 00:00:00;Castilla la mancha;Calabacines;575.6112914235878;387.7390321174428;763.4835507297328;739.898931155594;739.4969574469073;740.3009048642807;1.1802268426465217;0.47096702473863494;1.8894866605544083
2020-06-01 00:00:00;Castilla la mancha;Calabacines;610.3160437125018;422.440655810099;798.1914316149047;906.8388430758093;906.4094687254087;907.26821742621;1.172591279024746;0.2662438114616491;2.0789387465878426
2020-02-01 00:00:00;Castilla leon;Calabacines;684.17;684.17;684.17;1054.38;1054.38;1054.38;1.54;1.54;1.54
2020-03-01 00:00:00;Castilla leon;Calabacines;617.2717253892098;355.04960065836104;879.4938501200586;1166.889944021249;1166.8816691033667;1166.8982189391313;1.4356984023427404;1.1133261566346793;1.7580706480508015
2020-04-01 00:00:00;Castilla leon;Calabacines;646.5279630200453;338.0460697769125;955.0098562631781;1100.71556299632;1100.7046023855585;1100.7265236070814;1.455220476099997;1.011998052612162;1.898442899587832
2020-05-01 00:00:00;Castilla leon;Calabacines;605.5471105768277;256.920842100896;954.1733790527594;1182.4610932191197;1182.4479861407726;1182.4742002974667;1.432042866157606;0.8850722705981741;1.9790134617170376
2020-06-01 00:00:00;Castilla leon;Calabacines;664.6700463751806;280.0671291462153;1049.2729636041458;939.1162991535623;939.1013507012979;939.1312476058267;1.4371934461448037;0.8032316585050283;2.0711552337845793
2020-02-01 00:00:00;Cataluña;Calabacines;3044.78;3044.78;3044.78;4743.84;4743.84;4743.84;1.56;1.56;1.56
2020-03-01 00:00:00;Cataluña;Calabacines;2872.000542435244;2355.7400941985416;3388.2609906719463;997.3178097532987;997.3141278275123;997.321491679085;1.6060099341302079;1.3396819335509813;1.8723379347094344
2020-04-01 00:00:00;Cataluña;Calabacines;2890.2256396153143;2373.4500713166212;3407.0012079140074;-571.9869674021463;-571.9932711493894;-571.9806636549032;1.4447761325793935;0.9658771866649178;1.9236750784938692
2020-05-01 00:00:00;Cataluña;Calabacines;2910.7174677058133;2393.932259875299;3427.5026755363274;4654.638920399156;4654.630823846662;4654.64701695165;1.4406217974347604;0.6471822835509662;2.2340613113185546
2020-06-01 00:00:00;Cataluña;Calabacines;2840.7618842756915;2323.9764413908233;3357.5473271605597;5250.94087363424;5250.931302412032;5250.9504448564485;1.4558543596317481;0.44108920257012163;2.4706195166933744
2020-02-01 00:00:00;Extremadura;Calabacines;304.28;304.28;304.28;422.7;422.7;422.7;1.39;1.39;1.39
2020-03-01 00:00:00;Extremadura;Calabacines;252.99407683765023;63.75330182909781;442.2348518462027;433.2202189933474;301.4044730226375;565.0359649640573;1.2253801966813298;0.9152638155848822;1.5354965777777774
2020-04-01 00:00:00;Extremadura;Calabacines;257.90305729515967;-135.9695011069411;651.7756156972605;478.0813823907967;346.25284114788417;609.9099236337092;1.3439257516548009;0.7679855369587202;1.9198659663508817
2020-05-01 00:00:00;Extremadura;Calabacines;272.56288389718816;-251.23824453746295;796.3640123318393;390.0351952545246;258.1938599811964;521.8765305278528;1.3616972855337972;0.672580113305245;2.0508144577623493
2020-06-01 00:00:00;Extremadura;Calabacines;264.3206727716477;-363.0547377457795;891.696083289075;435.3315175273653;303.4773894650476;567.185645589683;1.3350399847153027;0.5488734481491724;2.121206521281433
2020-02-01 00:00:00;Galicia;Calabacines;459.4;459.4;459.4;755.33;755.33;755.33;1.64;1.64;1.64
2020-03-01 00:00:00;Galicia;Calabacines;541.0401590106834;270.4562438258907;811.6240741954762;420.7894641457163;420.78854715212594;420.79038113930665;1.461191934921639;1.146878804888046;1.7755050649552317
2020-04-01 00:00:00;Galicia;Calabacines;555.0346157849184;258.6726335843764;851.3965979854604;815.8686852286874;815.8674441169339;815.8699263404408;1.6232326140106104;1.2665274636447723;1.9799377643764484
2020-05-01 00:00:00;Galicia;Calabacines;546.6032955845711;226.60300640061496;866.6035847685273;1294.2138860459831;1294.212380230069;1294.2153918618974;1.4225473570664164;1.001245885092946;1.843848829039887
2020-06-01 00:00:00;Galicia;Calabacines;605.0731110772974;263.0646346675334;947.0815874870614;1561.519743513342;1561.5180210259816;1561.5214660007025;1.480523097961406;1.0032901398827432;1.9577560560400686
2020-02-01 00:00:00;La rioja;Calabacines;64.42;64.42;64.42;97.37;97.37;97.37;1.51;1.51;1.51
2020-03-01 00:00:00;La rioja;Calabacines;67.0678947339278;25.53488251596326;108.60090695189234;-54.73588484950595;-54.73779978454469;-54.73396991446721;1.4490353665122548;1.061561700110595;1.8365090329139147
2020-04-01 00:00:00;La rioja;Calabacines;117.8330057918082;76.29996042488611;159.3660511587303;89.27414163772143;89.27055552434518;89.27772775109767;1.4489488324296873;1.0066296153909162;1.8912680494684584
2020-05-01 00:00:00;La rioja;Calabacines;96.4871409533454;54.95409199257905;138.02018991411177;44.4280826507828;44.423386561923856;44.43277873964174;1.4551005829015318;1.0127812477228695;1.897419918080194
2020-06-01 00:00:00;La rioja;Calabacines;100.88962163207891;59.3565690863877;142.42267417777012;32.673255641910686;32.6676657864997;32.678845497321674;1.4489488324296873;1.0066293791111653;1.8912682857482093
2020-02-01 00:00:00;Madrid;Calabacines;2828.31;2828.31;2828.31;4150.15;4150.15;4150.15;1.47;1.47;1.47
2020-03-01 00:00:00;Madrid;Calabacines;2860.104239806967;2486.6040618840607;3233.6044177298736;3588.7837963841735;3586.060931329823;3591.506661438524;1.2545625551845734;1.0401225663282612;1.4690025440408856
2020-04-01 00:00:00;Madrid;Calabacines;2403.5123494445256;2029.4834864511965;2777.541212437855;3124.9447847084193;3122.1906311776743;3127.6989382391644;1.2810043001230957;0.9369283414434012;1.6250802588027904
2020-05-01 00:00:00;Madrid;Calabacines;2636.2971557986903;2261.8068427123485;3010.787468885032;3288.238911096138;3285.453820570207;3291.024001622069;1.276401624054851;0.9075857655466808;1.6452174825630212
2020-06-01 00:00:00;Madrid;Calabacines;2327.919700200028;1952.9693148597587;2702.870085540297;2988.3652283599413;2985.5495407344506;2991.180915985432;1.2671962719183618;0.875198810660146;1.6591937331765776
2020-02-01 00:00:00;Murcia;Calabacines;495.82;495.82;495.82;726.34;726.34;726.34;1.46;1.46;1.46
2020-03-01 00:00:00;Murcia;Calabacines;425.3756448206687;313.8502563132276;536.9010333281099;33.77570042109119;33.77548795955422;33.775912882628155;1.4299309491922438;1.1078983244832248;1.751963573901263
2020-04-01 00:00:00;Murcia;Calabacines;458.09699904650023;342.8173892656812;573.3766088273193;440.6047574856044;440.60454355018396;440.60497142102486;1.4395847046904344;0.9641876424396878;1.914981766941181
2020-05-01 00:00:00;Murcia;Calabacines;435.3749598550281;316.46593077896733;554.283988931089;128.67693452920187;128.67671624040085;128.6771528180029;1.4378463724878865;0.8551690942053751;2.020523650770398
2020-06-01 00:00:00;Murcia;Calabacines;368.94112752191654;246.51022931930567;491.3720257245274;-234.50005905749174;-234.50027878109105;-234.49983933389242;1.438194038928396;0.7651240169716977;2.1112640608850946
2020-02-01 00:00:00;Navarra;Calabacines;229.24;229.24;229.24;363.69;363.69;363.69;1.59;1.59;1.59
2020-03-01 00:00:00;Navarra;Calabacines;234.6920711182056;2.0351186011922664;467.34902363521894;614.8058781135427;614.8056992927467;614.8060569343387;1.4799779591381017;1.2675833391694482;1.6923725791067552
2020-04-01 00:00:00;Navarra;Calabacines;216.8766812815966;-15.789810895510556;449.5431734587038;508.76143073909793;508.76111004259917;508.7617514355967;1.3876983313484348;1.0885021444537801;1.6868945182430894
2020-05-01 00:00:00;Navarra;Calabacines;199.8943630630058;-32.772180026064916;432.56090615207654;349.3263804404365;349.3259701612696;349.32679071960337;1.3838843955750901;1.084688053328143;1.6830807378220372
2020-06-01 00:00:00;Navarra;Calabacines;126.28490501707437;-106.38164615002269;358.95145618417143;227.95669898720675;227.95621967719867;227.95717829721482;1.3762565240284006;1.077060026429242;1.6754530216275592
2020-02-01 00:00:00;Pais vasco;Calabacines;1049.54;1049.54;1049.54;1541.74;1541.74;1541.74;1.47;1.47;1.47
2020-03-01 00:00:00;Pais vasco;Calabacines;821.6121380903746;583.3110729434972;1059.9132032372522;-24793.274741800473;-25125.426417935058;-24461.123065665888;1.4352680311255255;1.20616861445016;1.664367447800891
2020-04-01 00:00:00;Pais vasco;Calabacines;841.9901662461369;603.6340875206005;1080.3462449716735;-28467.75528990177;-28937.67333706915;-27997.837242734386;1.4307361955690836;1.0540370126300265;1.8074353785081407
2020-05-01 00:00:00;Pais vasco;Calabacines;839.7005551884321;601.3427296629552;1078.058380713909;-26748.613516510286;-27324.21882648159;-26173.008206538983;1.4297286518002703;0.9404314390880049;1.9190258645125358
2020-06-01 00:00:00;Pais vasco;Calabacines;843.621501632664;605.262152469783;1081.9808507955452;-5448.462266202532;-6113.157465494472;-4783.767066910593;1.4304003476461458;0.8499511678646331;2.0108495274276583
2020-02-01 00:00:00;Valencia;Calabacines;1602.16;1602.16;1602.16;2474.19;2474.19;2474.19;1.54;1.54;1.54
2020-03-01 00:00:00;Valencia;Calabacines;1447.747514171864;1188.1201008793496;1707.3749274643783;2597.653144101588;2597.6516263737876;2597.6546618293887;1.5916575789317469;1.3824218944962574;1.8008932633672363
2020-04-01 00:00:00;Valencia;Calabacines;1546.9296580120586;1287.233315667595;1806.6260003565221;2981.147114661421;2981.1455203636574;2981.148708959184;1.4703640516357062;1.1248876388906321;1.8158404643807802
2020-05-01 00:00:00;Valencia;Calabacines;1358.3218137816493;1098.6251120185998;1618.0185155446989;2229.0386457825725;2229.036978965053;2229.040312600092;1.454823115054943;0.8812853972001744;2.028360832909712
2020-06-01 00:00:00;Valencia;Calabacines;1475.013043436167;1215.3163257338592;1734.7097611384747;2297.6540776252914;2297.652340798206;2297.655814452377;1.459485396029172;0.7256345420806958;2.1933362499776483
2020-02-01 00:00:00;Nacional;Hortalizas;52433.13;52433.13;52433.13;107124.9;107124.9;107124.9;2.04;2.04;2.04
2020-03-01 00:00:00;Nacional;Hortalizas;53793.29548153577;48061.4548186008;59525.13614447074;115592.80052509095;108817.63773359945;122367.96331658245;2.0550257981759033;1.900212326462419;2.2098392698893874
2020-04-01 00:00:00;Nacional;Hortalizas;42739.86905076642;36354.1299843076;49125.608117225245;115008.9137540053;103087.47625716269;126930.35125084792;2.185030078453824;2.0024102165289297;2.3676499403787186
2020-05-01 00:00:00;Nacional;Hortalizas;36807.687448888035;30274.030090526798;43341.34480724927;101839.27904359557;85504.13212803203;118174.42595915911;2.4300401542777075;2.1853355876435634;2.6747447209118516
2020-06-01 00:00:00;Nacional;Hortalizas;27249.66844421355;20680.834945369894;33818.50194305721;83908.49733390886;63771.17891372618;104045.81575409154;2.6400433798925733;2.372743724906286;2.9073430348788607
2020-02-01 00:00:00;Andalucia;Hortalizas;7621.29;7621.29;7621.29;15402.73;15402.73;15402.73;2.02;2.02;2.02
2020-03-01 00:00:00;Andalucia;Hortalizas;8237.485371161865;7293.283178184574;9181.687564139156;18592.151042937436;16572.617294517233;20611.68479135764;2.051664399330181;1.3476173581878386;2.7557114404725236
2020-04-01 00:00:00;Andalucia;Hortalizas;6746.5377438321975;5513.372203184501;7979.703284479894;20745.151612476282;18659.13925375985;22831.163971192713;2.1293870636030783;1.604049748350362;2.6547243788557946
2020-05-01 00:00:00;Andalucia;Hortalizas;5589.161283981725;4187.471530479058;6990.851037484393;17130.202483184345;14732.407635667947;19527.997330700742;2.2563747605080664;1.3007980251090685;3.2119514959070643
2020-06-01 00:00:00;Andalucia;Hortalizas;3870.336677239094;2360.996214363173;5379.677140115015;12608.531434668566;10013.573144725207;15203.489724611925;2.6216319786728293;1.8693263438213226;3.373937613524336
2020-02-01 00:00:00;Aragon;Hortalizas;2206.47;2206.47;2206.47;4477.13;4477.13;4477.13;2.03;2.03;2.03
2020-03-01 00:00:00;Aragon;Hortalizas;2125.3772558513115;1468.8269821579393;2781.9275295446837;7456.38587804006;7012.506231943057;7900.265524137062;2.209978265730409;0.5364031062764885;3.883553425184329
2020-04-01 00:00:00;Aragon;Hortalizas;1942.234106128261;1269.1195299096426;2615.3486823468793;9153.692757510735;8675.479892935517;9631.905622085953;1.106647844754736;-0.37896435316691957;2.5922600426763918
2020-05-01 00:00:00;Aragon;Hortalizas;1695.9299204714378;1021.9799215077288;2369.879919435147;11719.48738018599;11134.302769882348;12304.671990489633;0.4566384767514049;-1.7567257946817452;2.670002748184555
2020-06-01 00:00:00;Aragon;Hortalizas;1668.392542786178;994.3998856091182;2342.385199963238;5639.434177396287;5006.260487005105;6272.607867787469;2.3633076023297512;0.28958202877679184;4.437033175882711
2020-02-01 00:00:00;Asturias;Hortalizas;797.06;797.06;797.06;1868.99;1868.99;1868.99;2.34;2.34;2.34
2020-03-01 00:00:00;Asturias;Hortalizas;733.5356056687244;543.7034082511029;923.3678030863459;1786.243618113048;1590.5313991039031;1981.9558371221926;1.7704211034518949;-2.913568753348776;6.454410960252566
2020-04-01 00:00:00;Asturias;Hortalizas;540.5814913038344;335.37954076645883;745.7834418412099;1422.313841616632;1180.0921348959168;1664.5355483373473;1.4699368661640126;0.651177823318637;2.2886959090093884
2020-05-01 00:00:00;Asturias;Hortalizas;476.6618586985728;268.982270200874;684.3414471962717;1492.8480982357762;1204.1589844847776;1781.5372119867748;0.3103120885797719;-3.1699589104618386;3.790583087621382
2020-06-01 00:00:00;Asturias;Hortalizas;402.7558897344903;194.66175969515515;610.8500197738255;1276.0681762636548;949.2564658756299;1602.8798866516795;0.6100896316511315;-0.46057994131313307;1.680759204615396
2020-02-01 00:00:00;Baleares;Hortalizas;1317.85;1317.85;1317.85;3010.55;3010.55;3010.55;2.28;2.28;2.28
2020-03-01 00:00:00;Baleares;Hortalizas;1415.84154873776;1190.0594002164707;1641.623697259049;1806.3490695158323;1269.29942380969;2343.3987152219743;2.5785715034082775;2.1698905457468656;2.9872524610696893
2020-04-01 00:00:00;Baleares;Hortalizas;1225.8052764240908;942.854582923509;1508.7559699246726;1624.680232621051;1081.199025348762;2168.16143989334;2.3114285534487626;1.8752169007869732;2.7476402061105523
2020-05-01 00:00:00;Baleares;Hortalizas;1124.0484430138172;813.1566581666757;1434.9402278609587;2129.982185555862;1295.411383301878;2964.552987809846;2.317142896044455;1.8557221229691176;2.7785636691197926
2020-06-01 00:00:00;Baleares;Hortalizas;779.7266578605243;453.9659372968019;1105.4873784242466;1336.9501920476112;479.98816692514515;2193.9122171700774;3.1749999932359105;2.6980249377103167;3.6519750487615044
2020-02-01 00:00:00;Canarias;Hortalizas;1778.55;1778.55;1778.55;4453.82;4453.82;4453.82;2.5;2.5;2.5
2020-03-01 00:00:00;Canarias;Hortalizas;2154.4479566205023;1595.0029562361528;2713.8929570048517;5410.721397204164;4155.186341334088;6666.256453074239;3.916021614072611;-442.507094698818;450.33913792696325
2020-04-01 00:00:00;Canarias;Hortalizas;1879.982949572356;1207.097364770967;2552.8685343737448;4738.883747578587;3504.2866536053643;5973.480841551809;2.7640805613493344;-581.9172015222982;587.445362644997
2020-05-01 00:00:00;Canarias;Hortalizas;1791.890475699609;1074.1043121290916;2509.6766392701265;4739.117319108579;3061.9420231400104;6416.292615077147;1.2255986105180174;-266.38277835185113;268.8339755728872
2020-06-01 00:00:00;Canarias;Hortalizas;1666.314931840513;929.3566215656298;2403.2732421153964;4548.107870489569;2809.021932589265;6287.193808389873;2.0933778444616147;-55.86159698885596;60.048352677779185
2020-02-01 00:00:00;Cantabria;Hortalizas;329.03;329.03;329.03;730.55;730.55;730.55;2.22;2.22;2.22
2020-03-01 00:00:00;Cantabria;Hortalizas;404.50445369009407;154.48848285909813;654.52042452109;1265.339737215907;622.6664696600609;1908.013004771753;2.333345766231289;-3.410187433559433;8.076878966022011
2020-04-01 00:00:00;Cantabria;Hortalizas;321.12250247232623;49.92886088353663;592.3161440611159;439.76838423295123;-221.7587809713035;1101.2955494372059;2.250515773570235;0.5073425277538315;3.993689019386639
2020-05-01 00:00:00;Cantabria;Hortalizas;360.80929015304895;86.04549475018268;635.5730855559152;1249.3430362215895;181.9008231611001;2316.785249282079;2.5554784257597345;-1.8776770345649099;6.988633886084379
2020-06-01 00:00:00;Cantabria;Hortalizas;209.66801005340074;-65.72141476382524;485.0574348706267;753.0943749999966;-386.6487627082896;1892.8375127082827;3.063000881970568;1.8328001458046626;4.293201618136473
2020-02-01 00:00:00;Castilla la mancha;Hortalizas;1629.24;1629.24;1629.24;3173.76;3173.76;3173.76;1.95;1.95;1.95
2020-03-01 00:00:00;Castilla la mancha;Hortalizas;1506.011883482793;1190.5598925323002;1821.463874433286;3770.0977115117903;3130.5359970612294;4409.659425962351;2.0870832961128327;1.6959521712086505;2.478214421017015
2020-04-01 00:00:00;Castilla la mancha;Hortalizas;1488.169018692605;1171.471750108881;1804.866287276329;3397.3441994143946;2605.415339265792;4189.273059562996;1.9525000571757185;1.5544262406173752;2.350573873734062
2020-05-01 00:00:00;Castilla la mancha;Hortalizas;1151.2106879280623;834.5035877479254;1467.9177881081991;3195.78319309601;2251.9049245352867;4139.661461656733;2.302916657596434;1.875027854634782;2.730805460558086
2020-06-01 00:00:00;Castilla la mancha;Hortalizas;864.8197224957953;548.1125445412845;1181.5269004503061;2736.468161504085;1667.861102948297;3805.0752200598727;2.5183333894111684;2.087041616120688;2.9496251627016488
2020-02-01 00:00:00;Castilla leon;Hortalizas;1798.04;1798.04;1798.04;3947.79;3947.79;3947.79;2.2;2.2;2.2
2020-03-01 00:00:00;Castilla leon;Hortalizas;1916.8535735202097;1556.4705881827488;2277.2365588576704;25242.557567566088;24908.348640854987;25576.766494277188;2.3449993141835765;1.9358211007417732;2.75417752762538
2020-04-01 00:00:00;Castilla leon;Hortalizas;1777.5957940018668;1407.490058540579;2147.7015294631547;61205.739251557614;60870.283072045415;61541.19543106981;2.3199992547515516;1.9279126858969446;2.7120858236061585
2020-05-01 00:00:00;Castilla leon;Hortalizas;1438.3570450455288;1067.7269691137205;1808.987120977337;55262.786798335466;54807.51068806226;55718.06290860867;2.367499513547602;1.9666860789027765;2.768312948192427
2020-06-01 00:00:00;Castilla leon;Hortalizas;1311.4798787130858;940.821150225828;1682.1386072003436;28482.52357588166;28024.170725882217;28940.876425881102;2.377499254715207;1.960541577358543;2.7944569320718706
2020-02-01 00:00:00;Cataluña;Hortalizas;12280.16;12280.16;12280.16;24570.33;24570.33;24570.33;2.0;2.0;2.0
2020-03-01 00:00:00;Cataluña;Hortalizas;11756.687829080109;10283.353181149381;13230.022477010836;25043.343166009527;22554.3528044598;27532.333527559254;1.8500030473960116;0.8562245170636494;2.843781577728374
2020-04-01 00:00:00;Cataluña;Hortalizas;8303.53530904478;6813.7353769977835;9793.335241091778;13688.607153807081;8095.424807285354;19281.789500328807;2.980003061284491;1.9580497877617158;4.001956334807266
2020-05-01 00:00:00;Cataluña;Hortalizas;7895.6933799675635;6405.5254657055;9385.861294229628;19608.979907711164;10204.891355273528;29013.0684601488;3.16333742864168;1.7923651431247216;4.534309714158638
2020-06-01 00:00:00;Cataluña;Hortalizas;5054.8896667308345;3564.71348276791;6545.065850693759;14429.707661064569;598.1504113108913;28261.264910818245;3.5200041047331725;2.1149930038999143;4.925015205566431
2020-02-01 00:00:00;Extremadura;Hortalizas;884.06;884.06;884.06;1783.88;1783.88;1783.88;2.02;2.02;2.02
2020-03-01 00:00:00;Extremadura;Hortalizas;1279.4548596694447;785.6802294287015;1773.2294899101878;2358.3221827604334;1586.0056501577487;3130.638715363118;2.503333334549862;2.329368396238417;2.6772982728613073
2020-04-01 00:00:00;Extremadura;Hortalizas;749.1688014494824;254.9853493165844;1243.3522535823804;1602.3347129264005;662.2753218045003;2542.3941040483005;2.240000003804456;1.6699882067240965;2.8100118008848156
2020-05-01 00:00:00;Extremadura;Hortalizas;738.0995442051938;243.91541510250687;1232.2836733078807;1688.200242471734;715.0982640595431;2661.302220883925;1.7733333421537054;0.3939039510987026;3.152762733208708
2020-06-01 00:00:00;Extremadura;Hortalizas;1102.4299814485898;608.2458512244422;1596.6141116727376;2345.829924678513;1291.1170699602847;3400.542779396742;2.07000001844966;-0.895393769255937;5.035393806155257
2020-02-01 00:00:00;Galicia;Hortalizas;2417.81;2417.81;2417.81;4922.68;4922.68;4922.68;2.04;2.04;2.04
2020-03-01 00:00:00;Galicia;Hortalizas;1889.4449356604068;1343.9216558874125;2434.9682154334014;5110.731351245922;3951.425866436887;6270.036836054957;2.24111014616264;1.8973813281520053;2.584838964173275
2020-04-01 00:00:00;Galicia;Hortalizas;1888.6998182890688;1328.2432963204756;2449.156340257662;4325.404627760179;2030.5913106829116;6620.217944837446;2.1566658056812877;1.8302526801613817;2.483078931201194
2020-05-01 00:00:00;Galicia;Hortalizas;1572.698011868378;1011.4243665289848;2133.9716572077714;4222.457718568256;782.9266158962932;7661.988821240218;2.7577769833504373;2.4349803311993448;3.08057363550153
2020-06-01 00:00:00;Galicia;Hortalizas;1670.1171706317157;1108.7982116906694;2231.436129572762;3778.0221658234454;-768.9845537891329;8325.028885436024;2.3299992167294503;2.0016120717311923;2.6583863617277084
2020-02-01 00:00:00;La rioja;Hortalizas;660.37;660.37;660.37;1109.99;1109.99;1109.99;1.68;1.68;1.68
2020-03-01 00:00:00;La rioja;Hortalizas;364.8838297991229;165.53060056928425;564.2370590289615;1369.8173113166768;1037.2881151809665;1702.346507452387;-610263047226231.9;-2.018064927142598e+24;2.018064925922072e+24
2020-04-01 00:00:00;La rioja;Hortalizas;297.6713622617899;97.18115162957517;498.1615728940046;1126.1897224863833;781.0301828358361;1471.3492621369305;-372411220428334.0;;
2020-05-01 00:00:00;La rioja;Hortalizas;342.10228939352834;141.59910986828234;542.6054689187744;2052.5340926774447;1616.920240115085;2488.1479452398044;-328261303339246.1;-2.0180649268605972e+24;2.0180649262040744e+24
2020-06-01 00:00:00;La rioja;Hortalizas;180.67163572762382;-19.83169214691867;381.1749636021663;968.5028153367339;510.7253525834539;1426.2802780900138;-554401847491458.3;;
2020-02-01 00:00:00;Madrid;Hortalizas;6742.31;6742.31;6742.31;14270.29;14270.29;14270.29;2.12;2.12;2.12
2020-03-01 00:00:00;Madrid;Hortalizas;6878.338111725469;5381.882094833389;8374.79412861755;14289.783826408071;12362.645110840951;16216.922541975191;1.9928571237644692;1.5234756263405402;2.462238621188398
2020-04-01 00:00:00;Madrid;Hortalizas;5139.24442252134;3642.5317543546234;6635.957090688057;16778.57141800711;14981.228163298525;18575.9146727157;2.58285711842218;1.9931770718065305;3.172537165037829
2020-05-01 00:00:00;Madrid;Hortalizas;4342.791563621635;2846.0788074204224;5839.504319822847;13663.192691301665;11789.120420737378;15537.264961865953;2.6599999712555995;1.9733845900027513;3.3466153525084477
2020-06-01 00:00:00;Madrid;Hortalizas;3285.8700289604312;1789.1572727290193;4782.582785191843;12605.285339985523;10585.392543343389;14625.178136627657;3.0114285398475586;2.2595706499739516;3.7632864297211657
2020-02-01 00:00:00;Murcia;Hortalizas;1760.68;1760.68;1760.68;3426.31;3426.31;3426.31;1.95;1.95;1.95
2020-03-01 00:00:00;Murcia;Hortalizas;1464.597681534922;1093.3941407395655;1835.8012223302785;3258.388523659527;2914.964321194465;3601.812726124589;2.4866666668067414;2.271470107671804;2.701863225941679
2020-04-01 00:00:00;Murcia;Hortalizas;1383.118348786052;1007.5241770235233;1758.7125205485804;3015.8530085723564;2420.902617363394;3610.803399781319;1.9599999999889022;1.7441732210878975;2.1758267788899066
2020-05-01 00:00:00;Murcia;Hortalizas;1079.3310274727821;703.633000872635;1455.0290540729293;2573.552756227462;1766.7996408076915;3380.3058716472324;1.7766666668156994;1.4620182230476448;2.091315110583754
2020-06-01 00:00:00;Murcia;Hortalizas;530.5394678654096;154.83897027537995;906.2399654554392;1917.675258179713;930.2465779939715;2905.1039383654543;3.229999999979474;2.9138090944549786;3.5461909055039698
2020-02-01 00:00:00;Navarra;Hortalizas;802.55;802.55;802.55;1530.38;1530.38;1530.38;1.91;1.91;1.91
2020-03-01 00:00:00;Navarra;Hortalizas;762.827966892776;357.3542870052435;1168.3016467803084;2028.7712417978664;772.7728446190829;3284.7696389766497;2.1318782673552437;1.7115412108780192;2.552215323832468
2020-04-01 00:00:00;Navarra;Hortalizas;457.0657844266608;-5.561429231959664;919.6929980852813;1298.2381160819668;-57.962464978307025;2654.438697142241;2.326867266548741;1.8744395920365402;2.7792949410609413
2020-05-01 00:00:00;Navarra;Hortalizas;631.1259032395081;152.58993019401663;1109.6618762849996;1373.6493475787654;-96.95136419420714;2844.250059351738;1.8325003344664805;1.1729207143969593;2.4920799545360017
2020-06-01 00:00:00;Navarra;Hortalizas;461.08925604654945;-22.14477065742841;944.3232827505274;1438.9319185153195;-25.079429543268816;2902.9432665739077;2.8106195647363847;2.1038556616888284;3.517383467783941
2020-02-01 00:00:00;Pais vasco;Hortalizas;2771.57;2771.57;2771.57;5423.27;5423.27;5423.27;1.96;1.96;1.96
2020-03-01 00:00:00;Pais vasco;Hortalizas;2513.617036483034;1873.7487013673003;3153.485371598768;5590.71604102093;4430.372514379911;6751.059567661949;-7.630000080739352;-8.122146529972989;-7.137853631505715
2020-04-01 00:00:00;Pais vasco;Hortalizas;1825.7318635713393;1182.8116156467122;2468.6521114959664;5176.281141435482;3987.534201660399;6365.028081210565;4.809999990353993;4.375097795963228;5.244902184744758
2020-05-01 00:00:00;Pais vasco;Hortalizas;1821.1059696573923;1178.1566094509808;2464.0553298638038;5245.821339135904;4038.082358972379;6453.5603192994295;3.489999949366436;2.9297922736399076;4.050207625092965
2020-06-01 00:00:00;Pais vasco;Hortalizas;1243.030011213035;600.0803726431232;1885.979649782947;4481.473696063001;3251.3536761041833;5711.593716021818;8.839999970474587;8.282664736781078;9.397335204168096
2020-02-01 00:00:00;Valencia;Hortalizas;6636.07;6636.07;6636.07;13022.45;13022.45;13022.45;1.96;1.96;1.96
2020-03-01 00:00:00;Valencia;Hortalizas;7356.229882875808;6396.703450365707;8315.756315385908;11835.898063063109;10765.268853227466;12906.527272898751;2.0126590061387586;-0.7449786059816206;4.770296618259138
2020-04-01 00:00:00;Valencia;Hortalizas;6356.231661036331;5345.688504612722;7366.774817459941;16944.784909909795;15768.462324478818;18121.10749534077;2.019621873054042;-1.050142305385573;5.089386051493657
2020-05-01 00:00:00;Valencia;Hortalizas;4544.453936753771;3528.4966627781787;5560.411210729363;17791.50486486499;15658.117303462306;19924.892426267674;2.36439804320887;-2.2042016404623554;6.932997726880095
2020-06-01 00:00:00;Valencia;Hortalizas;2828.9552353644563;1812.4086792791304;3845.501791449782;15778.009369369138;13158.943292854987;18397.07544588329;2.771382484263203;-2.1347351509371153;7.677500119463521
2020-02-01 00:00:00;Nacional;Brocoli;6854.15;6854.15;6854.15;11251.14;11251.14;11251.14;1.64;1.64;1.64
2020-03-01 00:00:00;Nacional;Brocoli;5947.323794777695;3510.6903057694017;8383.957283785989;10538.28223337478;9457.950359900793;11618.614106848769;1.6653976427992965;1.3598960607046808;1.9708992248939121
2020-04-01 00:00:00;Nacional;Brocoli;3910.5550548731558;2191.134455684551;5629.97565406176;9311.047047928472;8121.738281841863;10500.355814015082;1.5358802391097717;1.1129308407843137;1.9588296374352296
2020-05-01 00:00:00;Nacional;Brocoli;5343.43362032422;3792.566316788045;6894.300923860395;11068.602919645922;9758.151672034772;12379.054167257073;1.6264623476444937;1.1107312877349003;2.142193407554087
2020-06-01 00:00:00;Nacional;Brocoli;3915.8828437681855;2292.707659025166;5539.058028511205;8900.064284333885;7271.912918243794;10528.215650423976;1.5621453265288787;0.9670198915548128;2.1572707615029447
2020-02-01 00:00:00;Andalucia;Brocoli;1046.13;1046.13;1046.13;1696.25;1696.25;1696.25;1.62;1.62;1.62
2020-03-01 00:00:00;Andalucia;Brocoli;1051.6187283752256;-930.6348792402027;3033.872335990654;1972.8686045281454;1743.6655508512922;2202.0716582049986;1.7405646400779466;1.3914090472398726;2.0897202329160205
2020-04-01 00:00:00;Andalucia;Brocoli;717.0847781934874;-1967.525166812157;3401.6947231991317;1546.1520651941903;1104.3114344590344;1987.9926959293462;1.836012837074566;1.380791191869323;2.291234482279809
2020-05-01 00:00:00;Andalucia;Brocoli;719.3175771845531;-1490.6482828530598;2929.283437222166;1727.5185687673663;1155.0420652248515;2299.995072309881;1.7948335684405003;1.2480721565061783;2.3415949803748224
2020-06-01 00:00:00;Andalucia;Brocoli;455.1243458318352;-601.2486380308078;1511.4973296944781;1423.723642786442;750.2068151438381;2097.240470429046;1.9181048525519562;1.293338796071151;2.5428709090327613
2020-02-01 00:00:00;Aragon;Brocoli;305.86;305.86;305.86;412.38;412.38;412.38;1.35;1.35;1.35
2020-03-01 00:00:00;Aragon;Brocoli;165.69540394085922;-1797.0105441804978;2128.401352062216;277.6488619041163;112.85392857343348;442.44379523479915;1.56607677095098;1.0759000727424086;2.056253469159551
2020-04-01 00:00:00;Aragon;Brocoli;122.3113648687397;-1017.2530915131701;1261.8758212506496;290.4851865570048;29.981597618321302;550.9887754956883;1.727291335368813;1.0285977172626461;2.42598495347498
2020-05-01 00:00:00;Aragon;Brocoli;201.49128603521436;-258.2148754622;661.1974475326286;302.2279354875763;30.67516899642885;573.7807019787238;1.6085267714414004;0.7516913085672013;2.4653622343155996
2020-06-01 00:00:00;Aragon;Brocoli;85.53376747462154;-87.11510332800937;258.18263827725247;269.98488073371567;-5.920774293619559;545.8905357610508;1.8597750640242692;0.8707949558661637;2.8487551721823747
2020-02-01 00:00:00;Asturias;Brocoli;102.36;102.36;102.36;212.35;212.35;212.35;2.07;2.07;2.07
2020-03-01 00:00:00;Asturias;Brocoli;105.53523985685784;-1854.6455427354747;2065.7160224491904;287.02029588142216;211.8615139443551;362.1790778184892;2.01303741801296;1.3697817027911001;2.65629313323482
2020-04-01 00:00:00;Asturias;Brocoli;102.92593876328553;-952.3471157090316;1158.1989932356028;230.94986044371427;134.52806768325343;327.3716532041751;1.9441805327249293;1.168700706952395;2.719660358497464
2020-05-01 00:00:00;Asturias;Brocoli;86.19510047202604;-1521.0510367370466;1693.4412376810988;274.86899879348954;169.99210798438253;379.74588960259655;2.0405270195870386;1.1103681671849621;2.970685871989115
2020-06-01 00:00:00;Asturias;Brocoli;73.93853289401821;-1350.661511919346;1498.5385777073823;166.01024722973526;53.374142733314784;278.64635172615573;1.931272716404747;0.8774470766517375;2.9850983561577564
2020-02-01 00:00:00;Baleares;Brocoli;107.09;107.09;107.09;276.74;276.74;276.74;2.58;2.58;2.58
2020-03-01 00:00:00;Baleares;Brocoli;53.44534964448434;-1908.9155581157493;2015.806257404718;308.90200512432153;249.48527828497933;368.3187319636637;2.5540507982491367;2.198956407820379;2.9091451886778943
2020-04-01 00:00:00;Baleares;Brocoli;33.59812575442636;-1704.4204787387462;1771.6167302475988;302.09996920742554;226.97780809714436;377.2221303177067;2.6584655171788163;2.1860996169604596;3.130831417397173
2020-05-01 00:00:00;Baleares;Brocoli;145.8169549635781;-1411.0846057584895;1702.7185156856458;300.0515572777831;221.82085179423936;378.2822627613268;2.7159105914371744;2.140496782330925;3.2913244005434237
2020-06-01 00:00:00;Baleares;Brocoli;66.67826619238137;-1327.928276707154;1461.284809091917;284.1294101459784;196.7247211804988;371.534099111458;2.8174720437955467;2.150744688394798;3.4841993991962954
2020-02-01 00:00:00;Canarias;Brocoli;55.99;55.99;55.99;171.8;171.8;171.8;3.07;3.07;3.07
2020-03-01 00:00:00;Canarias;Brocoli;58.07695967069352;-1902.6308811648248;2018.7848005062117;142.79176249398955;45.323545536567465;240.25997945141165;2.0950191375346847;0.9110238875375225;3.2790143875318467
2020-04-01 00:00:00;Canarias;Brocoli;51.042655130365986;-882.499279110907;984.584589371639;111.1598597443792;0.07432359660333532;222.24539589215507;2.792025525288525;1.5656359543343674;4.018415096242682
2020-05-01 00:00:00;Canarias;Brocoli;113.21646366776716;31.06578699159077;195.36714034394356;175.48446810382148;52.45603435350802;298.51290185413495;1.676550113596596;0.12620623705892342;3.2268939901342684
2020-06-01 00:00:00;Canarias;Brocoli;69.56850073750887;-206.643252755353;345.78025423037076;142.19834248016429;16.65973298349101;267.73695197683753;2.675634346659294;1.0500495989939844;4.301219094324603
2020-02-01 00:00:00;Cantabria;Brocoli;51.61;51.61;51.61;101.45;101.45;101.45;1.97;1.97;1.97
2020-03-01 00:00:00;Cantabria;Brocoli;66.85196142823935;-1893.3435709566097;2027.0474938130883;128.96496596997943;103.72575374992789;154.20417819003097;1.5542922262444594;0.9395832140992851;2.1690012383896335
2020-04-01 00:00:00;Cantabria;Brocoli;39.28193250351845;-1585.8605843788414;1664.4244493858782;119.15624659421559;82.34890246292889;155.96359072550229;1.7878680742365556;1.076615495152504;2.499120653320607
2020-05-01 00:00:00;Cantabria;Brocoli;67.22239207672732;-1705.1589623236346;1839.6037464770893;107.81850329497492;63.42103207077561;152.2159745191742;1.9822391653588123;1.1332249172442594;2.831253413473365
2020-06-01 00:00:00;Cantabria;Brocoli;-7.4693404025108165;-1829.252389221185;1814.3137084161633;130.69379803491876;79.24728275052975;182.14031331930778;2.048335244149847;1.1017852410895352;2.994885247210158
2020-02-01 00:00:00;Castilla la mancha;Brocoli;227.51;227.51;227.51;407.52;407.52;407.52;1.79;1.79;1.79
2020-03-01 00:00:00;Castilla la mancha;Brocoli;107.98990695904519;-1853.6820515113275;2069.661865429418;309.1635991193127;141.7106717034249;476.61652653520053;2.0006578417731355;1.4318233165483574;2.5694923669979137
2020-04-01 00:00:00;Castilla la mancha;Brocoli;194.1209527408262;-608.6559448557374;996.8978503373897;340.997623439215;168.13561431804987;513.8596325603801;2.0061051976148616;1.306123463451382;2.706086931778341
2020-05-01 00:00:00;Castilla la mancha;Brocoli;175.9027770446486;-1514.3447519789815;1866.1503060682785;355.6699886487901;183.18893261723363;528.1510446803466;2.0387517224997964;1.2010798671487541;2.8764235778508387
2020-06-01 00:00:00;Castilla la mancha;Brocoli;196.1930711130661;-1050.8991875871727;1443.2853298133048;342.0021460574074;169.85955319719375;514.144738917621;2.012291790883708;1.0613256132989677;2.9632579684684486
2020-02-01 00:00:00;Castilla leon;Brocoli;248.01;248.01;248.01;481.65;481.65;481.65;1.94;1.94;1.94
2020-03-01 00:00:00;Castilla leon;Brocoli;218.83764317476616;-1748.9844945567645;2186.659780906297;434.7716261743649;261.5240101151587;608.019242233571;1.7603754580075688;1.2478407074156412;2.2729102085994963
2020-04-01 00:00:00;Castilla leon;Brocoli;219.3184069046074;-1146.8938958391552;1585.53070964837;479.1559392875059;290.4551887455902;667.8566898294216;2.0557922142251073;1.4695329778269657;2.642051450623249
2020-05-01 00:00:00;Castilla leon;Brocoli;174.04594246419128;-1656.886155265856;2004.9780401942385;459.83925104087734;245.92059277269507;673.7579093090596;2.0070110429688777;1.303127050849536;2.7108950350882193
2020-06-01 00:00:00;Castilla leon;Brocoli;247.11896775781003;-1634.736732953928;2128.974668469548;492.4451278011353;269.885393992972;715.0048616092986;2.066392204369748;1.2825576707586444;2.8502267379808512
2020-02-01 00:00:00;Cataluña;Brocoli;1775.77;1775.77;1775.77;2658.49;2658.49;2658.49;1.5;1.5;1.5
2020-03-01 00:00:00;Cataluña;Brocoli;1449.8792592735233;-548.4117698584118;3448.1702884054585;2298.9250669342773;1890.633058276645;2707.2170755919096;1.51466583992301;1.0344024839615886;1.9949291958844313
2020-04-01 00:00:00;Cataluña;Brocoli;393.67274146686333;-422.0415213725875;1209.387004306314;1877.5288544333732;1266.659350644713;2488.3983582220335;1.4392722501772175;0.7444660099327175;2.1340784904217176
2020-05-01 00:00:00;Cataluña;Brocoli;1020.924716542638;-680.8133731130924;2722.6628061983683;2580.227940969621;1969.180874005493;3191.2750079337493;1.5802106671871237;0.7203363004523061;2.440085033921941
2020-06-01 00:00:00;Cataluña;Brocoli;1210.288469212132;-169.420329591753;2589.997268016017;2290.2042576148474;1656.9873534458588;2923.421161783836;1.450869753262782;0.4509025881956201;2.4508369183299434
2020-02-01 00:00:00;Extremadura;Brocoli;105.51;105.51;105.51;196.32;196.32;196.32;1.86;1.86;1.86
2020-03-01 00:00:00;Extremadura;Brocoli;111.70001041238972;-1850.1993139870426;2073.5993348118222;385.798864021958;281.1016508777567;490.49607716615935;1.7633890430233172;1.4309212324882166;2.095856853558418
2020-04-01 00:00:00;Extremadura;Brocoli;105.3452995206962;-300.99648975115366;511.68708879254604;297.27759442352567;192.39824531048035;402.156943536571;1.8744721587385045;1.4677198899955994;2.2812244274814093
2020-05-01 00:00:00;Extremadura;Brocoli;117.79067796264886;-1445.7303062011001;1681.311662126398;362.35787000418395;204.5942070969482;520.1215329114198;1.8417918682528918;1.3553875842168877;2.328196152288896
2020-06-01 00:00:00;Extremadura;Brocoli;70.96648113049355;-583.8226438665752;725.7556061275623;331.786295365259;153.6566948292087;509.9158959013092;1.885336521703635;1.3340023693243679;2.4366706740829023
2020-02-01 00:00:00;Galicia;Brocoli;499.8;499.8;499.8;813.93;813.93;813.93;1.63;1.63;1.63
2020-03-01 00:00:00;Galicia;Brocoli;414.0196455304284;-1625.0333348538966;2453.0726259147536;1012.0792020975586;800.7887578122834;1223.3696463828337;1.6510711567708145;1.0424549242054517;2.259687389336177
2020-04-01 00:00:00;Galicia;Brocoli;358.5253628317814;-264.73433606121773;981.7850617247806;936.0192702004235;718.2553625830541;1153.783177817793;1.4513879703420445;0.7724945263549899;2.130281414329099
2020-05-01 00:00:00;Galicia;Brocoli;374.9689539260426;-515.5166756041306;1265.4545834562157;794.0720972197929;556.7443092588703;1031.3998851807155;1.4322479607595717;0.6157942599595955;2.248701661559548
2020-06-01 00:00:00;Galicia;Brocoli;454.22801509996884;-85.41854285507281;993.8745730550105;896.6157331179122;582.1839915636475;1211.047474672177;1.6103071268106826;0.7119188447057068;2.508695408915658
2020-02-01 00:00:00;La rioja;Brocoli;114.55;114.55;114.55;120.53;120.53;120.53;1.05;1.05;1.05
2020-03-01 00:00:00;La rioja;Brocoli;106.65533830012689;-1853.8691836742164;2067.1798602744702;76.9038226863353;41.228246920849145;112.57939845182146;0.7427845656099898;-0.48491067247783226;1.970479803697812
2020-04-01 00:00:00;La rioja;Brocoli;84.87686590224921;-2228.595177448332;2398.3489092528307;76.26741380254546;30.43143091616409;122.10339668892684;-0.13097669103273185;-1.606218178949027;1.3442647968835633
2020-05-01 00:00:00;La rioja;Brocoli;106.18437063882115;-3302.9879869059846;3515.356728183627;125.81250742086385;75.39576984774381;176.2292449939839;0.1353160414761851;-1.551585991056148;1.8222180740085183
2020-06-01 00:00:00;La rioja;Brocoli;149.08435483281937;-4675.066761157275;4973.235470822914;91.51474981889893;30.76984046593646;152.25965917186141;0.057624115402982755;-1.7792860958528929;1.8945343266588586
2020-02-01 00:00:00;Madrid;Brocoli;725.27;725.27;725.27;1361.65;1361.65;1361.65;1.88;1.88;1.88
2020-03-01 00:00:00;Madrid;Brocoli;790.2133063170993;-1173.3903812830777;2753.8169939172762;1372.934468766413;1098.5068760102272;1647.3620615225987;1.9578523546914741;1.511459429667049;2.4042452797158993
2020-04-01 00:00:00;Madrid;Brocoli;625.8381429980293;-191.08683238864853;1442.763118384707;1275.4749906298289;1002.0265049671827;1548.923476292475;1.9001036865158583;1.3195689075236148;2.4806384655081017
2020-05-01 00:00:00;Madrid;Brocoli;648.8995482459941;454.02630404906904;843.7727924429191;1268.7362150475105;994.3889132009581;1543.083516894063;1.9383897313883138;1.2397986764464504;2.6369807863301773
2020-06-01 00:00:00;Madrid;Brocoli;476.6641710376981;186.45879888058448;766.8695431948117;961.8803095357778;679.7751351520244;1243.9854839195311;1.9797779409939102;1.1798825881944863;2.7796732937933344
2020-02-01 00:00:00;Murcia;Brocoli;208.82;208.82;208.82;361.09;361.09;361.09;1.73;1.73;1.73
2020-03-01 00:00:00;Murcia;Brocoli;113.48821655132912;-1849.5432972101946;2076.519730312853;190.2539986707257;74.98767178587359;305.5203255555778;1.4721243024136235;0.5825746142334776;2.3616739905937694
2020-04-01 00:00:00;Murcia;Brocoli;187.836858026905;-871.6877624407646;1247.3614784945746;368.8680213062398;251.8083721566469;485.92767045583275;1.4087741359972774;0.1157789975945287;2.701769274400026
2020-05-01 00:00:00;Murcia;Brocoli;218.29507134917708;59.769724617182504;376.8204180811716;517.4548697381965;393.3291388962672;641.5806005801259;1.4450533554983735;-0.14223046196959288;3.03233717296634
2020-06-01 00:00:00;Murcia;Brocoli;57.01410273541193;-370.6117958587057;484.6400013295296;96.65363113872633;-49.22579770582104;242.5330599832737;1.1425349070200455;-0.6812621238886227;2.9663319379287136
2020-02-01 00:00:00;Navarra;Brocoli;225.77;225.77;225.77;236.69;236.69;236.69;1.05;1.05;1.05
2020-03-01 00:00:00;Navarra;Brocoli;131.108517128764;-1833.0725523806605;2095.289586638188;88.76467377063986;-27.97696330071632;205.50631084199603;0.8930734686659294;0.19495393250821258;1.5911930048236462
2020-04-01 00:00:00;Navarra;Brocoli;75.29177777740854;-720.6433875520959;871.226943106913;70.93607270088572;-47.488424178977255;189.3605695807487;0.6609400807323715;-0.09186660392138468;1.4137467653861278
2020-05-01 00:00:00;Navarra;Brocoli;274.0513068350714;-867.3957472092487;1415.4983608793914;199.513487646819;81.1578467593217;317.86912853431625;1.0751203666648972;0.16202449918107842;1.988216234148716
2020-06-01 00:00:00;Navarra;Brocoli;44.52615771099405;-748.4796560372479;837.531971459236;31.987669984914987;-87.16903789037123;151.1443778602012;0.4659606699389063;-0.5196829347199802;1.4516042745977926
2020-02-01 00:00:00;Pais vasco;Brocoli;496.11;496.11;496.11;731.91;731.91;731.91;1.48;1.48;1.48
2020-03-01 00:00:00;Pais vasco;Brocoli;1093.704342343431;-870.3545636542478;3057.76324834111;898.3889176014852;771.82273833127;1024.9550968717003;1.707049517709949;1.3558033328933863;2.058295702526512
2020-04-01 00:00:00;Pais vasco;Brocoli;1935.1851020300796;-7321.87730051118;11192.24750457134;604.0676535897096;404.9267697890871;803.2085373903321;1.3360425598453773;0.9495080003717287;1.722577119319026
2020-05-01 00:00:00;Pais vasco;Brocoli;6091.900312318887;-29480.646978609882;41664.44760324766;756.7810489365538;543.9262962067032;969.6358016664044;1.3518331514657569;0.8862056430434029;1.817460659888111
2020-06-01 00:00:00;Pais vasco;Brocoli;20420.112133732266;-109260.45814738398;150100.6824148485;540.5318379574489;318.85165639247776;762.2120195224202;1.4106021204290622;0.9020574293505287;1.9191468115075958
2020-02-01 00:00:00;Valencia;Brocoli;557.99;557.99;557.99;1010.37;1010.37;1010.37;1.81;1.81;1.81
2020-03-01 00:00:00;Valencia;Brocoli;505.8457042735586;-1456.9573874089742;2468.6487959560914;1181.56798932574;1044.1753159601215;1318.9606626913585;1.819681246952061;1.4506034070400493;2.1887590868640725
2020-04-01 00:00:00;Valencia;Brocoli;424.1987498247494;172.3428191556732;676.0546804938257;936.939989750709;738.1424129942329;1135.737566507185;1.8806658339350084;1.3054756359328208;2.455856031937196
2020-05-01 00:00:00;Valencia;Brocoli;480.6153107977274;-80.60982756153408;1041.8404491569888;1174.471986868235;939.0646956511414;1409.8792780853287;1.8857916682992588;1.1520451179652258;2.619538218633292
2020-06-01 00:00:00;Valencia;Brocoli;372.17948665771024;200.8839816784714;543.4749916369491;1001.765632269;722.713902369529;1280.817362168471;1.9867186529343908;1.1213579370585458;2.8520793688102355
2020-02-01 00:00:00;Nacional;Alcachofas;12687.5;12687.5;12687.5;22350.4;22350.4;22350.4;1.76;1.76;1.76
2020-03-01 00:00:00;Nacional;Alcachofas;13644.225942431032;12743.610922145073;14544.840962716991;21364.23709485657;15581.666473814596;27146.807715898543;1.6918197168416453;0.997744194799006;2.3858952388842845
2020-04-01 00:00:00;Nacional;Alcachofas;12291.489385867826;10036.551140071804;14546.427631663848;15790.949359196282;9493.159039339289;22088.739679053273;1.7376998037301483;1.0027962628944618;2.472603344565835
2020-05-01 00:00:00;Nacional;Alcachofas;14771.164623304461;9258.252899390218;20284.076347218703;11741.06923270387;5182.046156602818;18300.092308804924;1.832952727368261;1.1004300275256838;2.5654754272108384
2020-06-01 00:00:00;Nacional;Alcachofas;21845.11884647631;8455.064161112896;35235.173531839726;4095.6081084820153;-2686.900799370481;10878.117016334512;1.990983434494648;1.2575107911243828;2.724456077864913
2020-02-01 00:00:00;Andalucia;Alcachofas;1564.46;1564.46;1564.46;2754.09;2754.09;2754.09;1.76;1.76;1.76
2020-03-01 00:00:00;Andalucia;Alcachofas;1255.0897481958916;1097.3590200050578;1412.8204763867254;1722.3388462464407;1366.5110462271575;2078.166646265724;1.7947874181398837;0.7871164856078097;2.802458350671958
2020-04-01 00:00:00;Andalucia;Alcachofas;1578.438115669649;1314.342988450624;1842.533242888674;2356.09529425453;1998.6770173436423;2713.513571165418;1.861779779857615;0.37873786209196525;3.3448216976232645
2020-05-01 00:00:00;Andalucia;Alcachofas;818.2980548127622;427.4064904934257;1209.1896191320986;2023.5782332009226;1606.2940194275848;2440.8624469742604;1.8270837342346076;0.04425583272694422;3.6099116357422707
2020-06-01 00:00:00;Andalucia;Alcachofas;750.9480309018938;197.3493240467037;1304.546737757084;765.49672242375;276.3322536901506;1254.6611911573495;1.8020924692045917;-0.22626465131307683;3.83044958972226
2020-02-01 00:00:00;Aragon;Alcachofas;443.89;443.89;443.89;726.07;726.07;726.07;1.64;1.64;1.64
2020-03-01 00:00:00;Aragon;Alcachofas;426.50274903598574;345.9499439930865;507.055554078885;665.7252957850193;511.8161989705468;819.6343925994918;1.3227758093568136;0.7509339208968216;1.8946176978168054
2020-04-01 00:00:00;Aragon;Alcachofas;286.2153211329087;201.58641277848514;370.8442294873322;511.7002937951137;353.28689840685576;670.1136891833717;1.7498166710549778;0.8155042725466172;2.6841290695633386
2020-05-01 00:00:00;Aragon;Alcachofas;345.54470077255297;250.76156017144558;440.32784137366036;545.1083262405438;357.04806739112905;733.1685850899585;1.8146386489789084;0.8397663215018997;2.789510976455917
2020-06-01 00:00:00;Aragon;Alcachofas;207.39680051550098;109.42148673436239;305.37211429663955;590.9329724774116;385.4067482661193;796.4591966887039;2.075889937127267;1.093037544718881;3.058742329535653
2020-02-01 00:00:00;Asturias;Alcachofas;134.58;134.58;134.58;292.91;292.91;292.91;2.18;2.18;2.18
2020-03-01 00:00:00;Asturias;Alcachofas;104.25400693839983;79.00618197778829;129.50183189901136;416.9796849642868;323.86809201662425;510.0912779119493;2.076490593926876;0.8647131004142161;3.2882680874395356
2020-04-01 00:00:00;Asturias;Alcachofas;129.20278850180347;103.49368262433597;154.91189437927096;437.6939832165072;287.7481883173407;587.6397781156737;2.3618034927662177;0.781911453022375;3.94169553251006
2020-05-01 00:00:00;Asturias;Alcachofas;100.29239264811369;60.18365379085732;140.40113150537007;454.8274117878815;208.15950824956732;701.4953153261956;2.3772017748675984;0.7098104874724533;4.044593062262743
2020-06-01 00:00:00;Asturias;Alcachofas;92.43472573983973;50.66984308857601;134.19960839110345;408.58355540884287;96.12709025122797;721.0400205664578;2.37673284442251;0.6261701764311876;4.127295512413832
2020-02-01 00:00:00;Baleares;Alcachofas;225.72;225.72;225.72;420.59;420.59;420.59;1.86;1.86;1.86
2020-03-01 00:00:00;Baleares;Alcachofas;272.2071198852938;230.2772888269716;314.13695094361606;398.0244869128141;348.09923882233255;447.94973500329564;1.4860760724209758;0.7444669138521132;2.2276852309898385
2020-04-01 00:00:00;Baleares;Alcachofas;309.2799815156415;243.44279415885177;375.11716887243125;444.09530682117986;370.8608058664652;517.3298077758946;1.3532558137774575;-0.03183399044145219;2.738345617996367
2020-05-01 00:00:00;Baleares;Alcachofas;155.1994141757193;70.49049895692981;239.90832939450883;322.9828366317464;226.87834612402338;419.08732713946944;1.3369326749551402;-0.6294285125991994;3.30329386250948
2020-06-01 00:00:00;Baleares;Alcachofas;37.846409301481884;-62.96978747020428;138.66260607316804;208.999054463745;97.1614953285936;320.8366135988964;1.293377093887275;-1.1179771752724796;3.7047313630470295
2020-02-01 00:00:00;Canarias;Alcachofas;25.09;25.09;25.09;76.56;76.56;76.56;3.05;3.05;3.05
2020-03-01 00:00:00;Canarias;Alcachofas;21.80656426282025;3.513898205310454;40.099230320330044;11.577733719503499;-26.04254326332328;49.19801070233028;1.782895897836383;-0.044477976801718055;3.610269772474484
2020-04-01 00:00:00;Canarias;Alcachofas;24.65972632402375;1.0098028484083557;48.309649799639146;-7.843903275735613;-51.90525238201021;36.217445830538985;1.9837950178412036;-0.393974357107828;4.3615643927902354
2020-05-01 00:00:00;Canarias;Alcachofas;-19.881667896021916;-55.62812098385178;15.864785191807947;-1.6841102483553705;-45.91312947273093;42.544908976020196;1.69596985856722;-0.6709515017503513;4.062891218884792
2020-06-01 00:00:00;Canarias;Alcachofas;46.62108103680427;-2.6192374042749336;95.86139947788348;-12.647924842203153;-69.49557457037781;44.199724885971506;2.0464038837015557;-0.32432613321191583;4.417133900615028
2020-02-01 00:00:00;Cantabria;Alcachofas;57.75;57.75;57.75;105.64;105.64;105.64;1.83;1.83;1.83
2020-03-01 00:00:00;Cantabria;Alcachofas;66.48324096680292;52.96329998873609;80.00318194486977;136.86188254139216;109.37208442135399;164.35168066143032;2.2733431052020787;0.9400280063891422;3.606658204015015
2020-04-01 00:00:00;Cantabria;Alcachofas;77.67866626484899;61.56521542990893;93.79211709978904;159.25766992495915;122.10695853951415;196.40838131040414;2.213688537177626;0.618806361710921;3.8085707126443307
2020-05-01 00:00:00;Cantabria;Alcachofas;33.10833884816492;16.07724164914109;50.13943604718875;104.22616252972801;38.89607773516637;169.55624732428964;2.1444583430747697;0.14524348929626485;4.143673196853275
2020-06-01 00:00:00;Cantabria;Alcachofas;14.372213960017342;-2.9008649297304476;31.645292849765134;49.04776424900643;-24.31986413542979;122.41539263344265;2.197688796780951;0.19850747969803906;4.196870113863863
2020-02-01 00:00:00;Castilla la mancha;Alcachofas;459.53;459.53;459.53;771.62;771.62;771.62;1.68;1.68;1.68
2020-03-01 00:00:00;Castilla la mancha;Alcachofas;-651.9585223950957;-723.4589015704963;-580.458143219695;1444.7856837593358;1383.8129357057005;1505.7584318129711;1.6655942914841781;0.7389226232145041;2.592265959753852
2020-04-01 00:00:00;Castilla la mancha;Alcachofas;4509.834507539456;4204.336873350045;4815.332141728868;2938.7649132260076;2806.2842829100787;3071.2455435419365;2.080271067520181;0.682661431080529;3.4778807039598334
2020-05-01 00:00:00;Castilla la mancha;Alcachofas;-18507.286657725588;-19842.15356990876;-17172.419745542415;6665.562842986963;6347.961174148908;6983.164511825018;2.08639171818458;0.6711262767698385;3.501657159599322
2020-06-01 00:00:00;Castilla la mancha;Alcachofas;81579.58889859341;75754.02060448527;87405.15719270156;15895.463467638196;15117.364407722034;16673.562527554357;2.2475217437865607;0.8304622550430718;3.6645812325300495
2020-02-01 00:00:00;Castilla leon;Alcachofas;270.28;270.28;270.28;549.06;549.06;549.06;2.03;2.03;2.03
2020-03-01 00:00:00;Castilla leon;Alcachofas;509.6910816783902;399.67023025841615;619.7119330983643;606.5877217775268;515.193377151933;697.9820664031206;2.075810413607499;1.0242513903773398;3.1273694368376583
2020-04-01 00:00:00;Castilla leon;Alcachofas;372.7318063337067;250.25269649184224;495.2109161755711;488.43050199822676;391.92354978782953;584.937454208624;2.1321544804070465;0.7597083514622598;3.504600609351833
2020-05-01 00:00:00;Castilla leon;Alcachofas;184.6235089460252;39.93822251816937;329.308795373881;403.69816484428026;306.9302542239554;500.4660754646051;2.1271551809905094;0.5677405702728677;3.686569791708151
2020-06-01 00:00:00;Castilla leon;Alcachofas;161.19084003753224;7.685196014866165;314.6964840601983;250.56542573960397;153.79446277892862;347.3363887002793;2.0568657349910393;0.2785461586584199;3.8351853113236585
2020-02-01 00:00:00;Cataluña;Alcachofas;4102.27;4102.27;4102.27;7636.68;7636.68;7636.68;1.86;1.86;1.86
2020-03-01 00:00:00;Cataluña;Alcachofas;4281.764792107798;3987.8307392456595;4575.6988449699365;5986.943066089142;5341.061641584834;6632.82449059345;1.6225009893704558;1.1548367376041822;2.0901652411367295
2020-04-01 00:00:00;Cataluña;Alcachofas;2831.952342510405;2399.423776230186;3264.4809087906237;4000.272252629696;3368.6752414026637;4631.869263856729;1.6810813537703968;0.9746498797996423;2.3875128277411513
2020-05-01 00:00:00;Cataluña;Alcachofas;2379.590278909792;1815.0589182108556;2944.121639608728;3721.2603000748845;3092.04607875094;4350.474521398829;1.9016921354618885;1.1860229309536394;2.6173613399701376
2020-06-01 00:00:00;Cataluña;Alcachofas;1235.4195409428032;535.6529336978591;1935.1861481877472;1549.9952362380013;730.0805259657204;2369.909946510282;2.194994882321993;1.4783930426120593;2.911596722031927
2020-02-01 00:00:00;Extremadura;Alcachofas;180.03;180.03;180.03;314.12;314.12;314.12;1.74;1.74;1.74
2020-03-01 00:00:00;Extremadura;Alcachofas;297.12855563349297;221.09771853366806;373.1593927333179;295.3220717620911;216.30485560486062;374.33928791932163;1.3857640248174423;0.12139532847377876;2.650132721161106
2020-04-01 00:00:00;Extremadura;Alcachofas;148.32129823557628;64.79515836230811;231.84743810884444;176.84314091860273;92.01318624285625;261.6730955943492;1.5368194682662666;0.17325921879086148;2.9003797177416715
2020-05-01 00:00:00;Extremadura;Alcachofas;138.3883118285068;52.86040112648409;223.91622253052952;254.73490430988727;148.16704259608983;361.30276602368474;1.5372195581768597;0.13503124574111158;2.939407870612608
2020-06-01 00:00:00;Extremadura;Alcachofas;140.17983300126463;54.60310799966898;225.7565580028603;233.21198269372897;94.61227321400048;371.81169217345746;1.5568744642797294;0.15481052970327047;2.9589383988561884
2020-02-01 00:00:00;Galicia;Alcachofas;151.48;151.48;151.48;295.97;295.97;295.97;1.95;1.95;1.95
2020-03-01 00:00:00;Galicia;Alcachofas;77.90627835690208;28.42639524583651;127.38616146796764;0.8383107769662388;-69.84442156276654;71.52104311669902;1.554173329217065;0.8428710211314275;2.2654756373027025
2020-04-01 00:00:00;Galicia;Alcachofas;242.52038815987348;185.0418792501598;299.99889706958714;319.50061650893934;247.2561897559213;391.7450432619574;1.7385977193914184;0.9138545880682282;2.5633408507146087
2020-05-01 00:00:00;Galicia;Alcachofas;115.60224645242207;53.55760184662588;177.64689105821824;31.08727231552399;-44.1495366538705;106.32408128491848;1.9364568824455408;1.1145690179989804;2.758344746892101
2020-06-01 00:00:00;Galicia;Alcachofas;129.24127430821147;67.19112491766823;191.29142369875473;122.20859308111135;47.76719247764882;196.64999368457387;1.6657518229276613;0.8410516885302814;2.490451957325041
2020-02-01 00:00:00;La rioja;Alcachofas;151.6;151.6;151.6;266.9;266.9;266.9;1.76;1.76;1.76
2020-03-01 00:00:00;La rioja;Alcachofas;114.97793769753049;43.884474613203636;186.07140078185734;290.38099445673146;207.85736464245508;372.90462427100783;1.4492825418898545;0.202504503291139;2.6960605804885702
2020-04-01 00:00:00;La rioja;Alcachofas;135.32388400026164;64.23003088303517;206.41773711748812;103.16498833674137;17.42299474728243;188.90698192620033;1.2263805880048408;-0.29858959262422125;2.7513507686339027
2020-05-01 00:00:00;La rioja;Alcachofas;51.25956892102315;-20.24466454266129;122.76380238470759;99.92186040778208;13.135164572239873;186.70855624332427;1.3186799148982713;-0.27349588762402344;2.9108557174205663
2020-06-01 00:00:00;La rioja;Alcachofas;45.86604662058587;-25.638204801054904;117.37029804222664;194.70116811494609;101.74135228489052;287.66098394500165;1.5654696611742807;-0.0478336472848675;3.178772969633429
2020-02-01 00:00:00;Madrid;Alcachofas;1395.25;1395.25;1395.25;2649.22;2649.22;2649.22;1.9;1.9;1.9
2020-03-01 00:00:00;Madrid;Alcachofas;1421.3937523945729;1300.4954179595952;1542.2920868295505;3205.6786359945822;2956.284903194167;3455.0723687949976;1.9106558118142223;1.0240140457120694;2.797297577916375
2020-04-01 00:00:00;Madrid;Alcachofas;777.302338140619;445.47471142404424;1109.1299648571937;3071.522849016533;2441.924535671476;3701.1211623615905;1.9749145336796674;0.7011491995038406;3.2486798678554942
2020-05-01 00:00:00;Madrid;Alcachofas;975.0028486633083;194.20163281550163;1755.804064511115;2879.7103463280973;1976.1697906654504;3783.2509019907443;1.9979023897434913;0.4770799801134855;3.518724799373497
2020-06-01 00:00:00;Madrid;Alcachofas;-568.6117726134049;-2343.750304653728;1206.526759426918;2639.824857777013;1535.1231248355728;3744.526590718454;2.006126081136348;0.2872554363253763;3.7249967259473196
2020-02-01 00:00:00;Murcia;Alcachofas;556.73;556.73;556.73;878.33;878.33;878.33;1.58;1.58;1.58
2020-03-01 00:00:00;Murcia;Alcachofas;599.6061043424709;438.71271426061435;760.4994944243274;984.567082265263;627.1893822268437;1341.9447823036824;1.3623217559503265;0.46409327360440866;2.2605502382962444
2020-04-01 00:00:00;Murcia;Alcachofas;421.7779739497132;256.3075134316143;587.2484344678121;1160.2846955248388;646.7823491291587;1673.7870419205187;1.346757348319539;-0.19622656955701334;2.8897412661960913
2020-05-01 00:00:00;Murcia;Alcachofas;-39.71022489919784;-296.97702673188456;217.55657693348888;1325.5889442514695;589.2255522628515;2061.9523362400873;1.2299234311067546;-0.8411239200928997;3.300970782306409
2020-06-01 00:00:00;Murcia;Alcachofas;-239.49027702243262;-504.7772853287904;25.79673128392517;1468.1528977247183;467.2057312877017;2469.1000641617347;1.1753566582987005;-1.3282106137934806;3.678923930390882
2020-02-01 00:00:00;Navarra;Alcachofas;111.47;111.47;111.47;234.4;234.4;234.4;2.1;2.1;2.1
2020-03-01 00:00:00;Navarra;Alcachofas;453.10752466066526;385.8297244965456;520.3853248247849;333.244934818422;257.5253889708274;408.9644806660166;1.3287269414681153;-0.08183913076643878;2.739293013702669
2020-04-01 00:00:00;Navarra;Alcachofas;55.43815930083464;-19.08067645947243;129.9569950611417;324.01364653842495;213.06929405459024;434.9579990222596;1.7412455563308646;0.17492452989052;3.3075665827712095
2020-05-01 00:00:00;Navarra;Alcachofas;-100.0272531515543;-222.21875671261702;22.164250409508412;355.57813211384854;163.0397215869308;548.1165426407663;2.07722763577469;0.5109761824539294;3.6434790890954503
2020-06-01 00:00:00;Navarra;Alcachofas;273.2488245031817;115.66198465861561;430.8356643477478;355.31132169815794;79.83753721876917;630.7851061775467;5.477558168356717;3.8908616451423796;7.064254691571055
2020-02-01 00:00:00;Pais vasco;Alcachofas;518.47;518.47;518.47;792.19;792.19;792.19;1.53;1.53;1.53
2020-03-01 00:00:00;Pais vasco;Alcachofas;513.7241380951328;407.2058927066404;620.2423834836253;945.8543044697814;817.7560406932296;1073.9525682463332;1.6872768235242313;0.6762356028928955;2.6983180441555668
2020-04-01 00:00:00;Pais vasco;Alcachofas;563.7086838902527;438.06584186613316;689.3515259143722;350.2380230100363;207.5960218950649;492.88002412500765;2.288600831081753;1.0515592817031871;3.5256423804603187
2020-05-01 00:00:00;Pais vasco;Alcachofas;469.59187962041256;311.407430968087;627.776328272738;1001.3521300726378;726.2694804140053;1276.4347797312703;2.1782548552619456;0.9464255701149542;3.4100841404089373
2020-06-01 00:00:00;Pais vasco;Alcachofas;363.0803415062449;167.14473921976284;559.015943792727;-282.13093724942985;-557.0811100649771;-7.180764433882587;2.1209307350164006;0.8869106157730435;3.3549508542597577
2020-02-01 00:00:00;Valencia;Alcachofas;2338.91;2338.91;2338.91;3586.05;3586.05;3586.05;1.53;1.53;1.53
2020-03-01 00:00:00;Valencia;Alcachofas;2394.9947266157938;2094.678862316414;2695.3105909151736;3327.5643714695634;2990.432932864302;3664.6958100748247;1.5993660070486793;0.9874304281447432;2.211301585952615
2020-04-01 00:00:00;Valencia;Alcachofas;1682.6639473891487;1373.0355299135997;1992.2923648646977;1993.8878953278195;1565.8583485803676;2421.917442075271;1.5508170556819665;0.7903213652377132;2.3113127461262195
2020-05-01 00:00:00;Valencia;Alcachofas;1205.203798014874;889.664740810849;1520.7428552188992;1727.9507418333592;1290.7587986836547;2165.1426849830636;1.7034373939165717;0.9459539596975511;2.4609208281355923
2020-06-01 00:00:00;Valencia;Alcachofas;242.84016080196224;-73.74895115497921;559.4292727589037;-8.16685523781689;-445.22703562494985;428.89332514931607;1.8351114355801985;1.0770082697948515;2.5932146013655455
2020-02-01 00:00:00;Nacional;Verduras;25383.33;25383.33;25383.33;69399.9;69399.9;69399.9;2.73;2.73;2.73
2020-03-01 00:00:00;Nacional;Verduras;25191.300360198627;21542.63487917337;28839.965841223886;68979.96578111793;65617.10774285854;72342.82381937733;2.723441918812019;2.567722067342136;2.879161770281902
2020-04-01 00:00:00;Nacional;Verduras;25191.300360198627;21540.292618799085;28842.30810159817;65090.57291408087;61706.07793433688;68475.06789382486;2.723441918812019;2.4930896290197375;2.9537942086043008
2020-05-01 00:00:00;Nacional;Verduras;25191.300360198627;21537.95186011087;28844.648860286386;67626.88052272006;64235.6930106986;71018.06803474153;2.723441918812019;2.4373026473316926;3.0095811902923457
2020-06-01 00:00:00;Nacional;Verduras;25191.300360198627;21535.6126002241;28846.988120173155;64350.207268928505;60956.58168383264;67743.83285402437;2.723441918812019;2.3907420721723835;3.0561417654516547
2020-02-01 00:00:00;Andalucia;Verduras;4288.79;4288.79;4288.79;10905.45;10905.45;10905.45;2.54;2.54;2.54
2020-03-01 00:00:00;Andalucia;Verduras;4380.170480936579;3398.923695063242;5361.417266809916;11254.13611078865;10211.302763836826;12296.969457740473;2.501154669911986;2.271798066507636;2.730511273316336
2020-04-01 00:00:00;Andalucia;Verduras;4380.170480936579;3281.3068301064227;5479.034131766735;11026.197980790796;9982.303186913996;12070.092774667595;2.501154669911986;2.2477181148862257;2.754591224937746
2020-05-01 00:00:00;Andalucia;Verduras;4380.170480936579;3175.115547979244;5585.225413893914;11312.363421033679;10268.394586786508;12356.33225528085;2.501154669911986;2.225735492436143;2.7765738473878288
2020-06-01 00:00:00;Andalucia;Verduras;4380.170480936579;3077.5525554596447;5682.788406413514;11040.31292788076;9996.329254744129;12084.29660101739;2.501154669911986;2.2053821911050244;2.7969271487189475
2020-02-01 00:00:00;Aragon;Verduras;643.99;643.99;643.99;1787.59;1787.59;1787.59;2.78;2.78;2.78
2020-03-01 00:00:00;Aragon;Verduras;770.7160973881421;385.55364173110286;1155.8785530451814;2073.9086535843708;1585.034928186358;2562.7823789823833;2.653162134555833;2.07168452930655;3.2346397398051163
2020-04-01 00:00:00;Aragon;Verduras;770.7160973881421;373.6550868408616;1167.7771079354225;1964.7723425250222;1475.8048717119132;2453.739813338131;2.653162134555833;2.044315707133353;3.2620085619783135
2020-05-01 00:00:00;Aragon;Verduras;770.7160973881421;362.1028634542734;1179.3293313220108;1965.2194329365861;1476.2501398785482;2454.188725994624;2.653162134555833;2.0181253332885407;3.2881989358231256
2020-06-01 00:00:00;Aragon;Verduras;770.7160973881421;350.8683823830924;1190.5638123931917;2085.2331587014705;1596.2637533116033;2574.202564091338;2.653162134555833;1.9929731421131605;3.313351126998506
2020-02-01 00:00:00;Asturias;Verduras;483.95;483.95;483.95;1368.74;1368.74;1368.74;2.83;2.83;2.83
2020-03-01 00:00:00;Asturias;Verduras;469.83454380707434;293.30885828883515;646.3602293253135;1891.8175231786195;1529.6262503199669;2254.008796037272;2.8818365697249795;2.470972480107367;3.292700659342592
2020-04-01 00:00:00;Asturias;Verduras;469.83454380707434;293.30710653875343;646.3619810753953;975.3776636770506;613.1495832639214;1337.6057440901798;2.8818365697249795;2.4383029169248633;3.3253702225250956
2020-05-01 00:00:00;Asturias;Verduras;469.83454380707434;293.3053548060548;646.3637328080938;1678.8860771905997;1316.6573806200622;2041.1147737611373;2.8818365697249795;2.407879923822511;3.355793215627448
2020-06-01 00:00:00;Asturias;Verduras;469.83454380707434;293.30360309073876;646.3654845234099;1612.1274269277915;1249.8985285671283;1974.3563252884546;2.8818365697249795;2.3792953244286132;3.3843778150213457
2020-02-01 00:00:00;Baleares;Verduras;723.5;723.5;723.5;2128.71;2128.71;2128.71;2.94;2.94;2.94
2020-03-01 00:00:00;Baleares;Verduras;735.6180376770646;490.1297367106546;981.1063386434747;2216.106205852148;1854.6234006878549;2577.589011016441;2.9296000342311586;2.409611337075495;3.449588731386822
2020-04-01 00:00:00;Baleares;Verduras;735.6180376770646;490.12702661699075;981.1090487371386;2270.3158431702277;1893.2318956944987;2647.3997906459567;2.9296000342311586;2.409611333569922;3.4495887348923953
2020-05-01 00:00:00;Baleares;Verduras;735.6180376770646;490.1243165532447;981.1117588008847;2351.6561218560137;1959.7979245351908;2743.5143191768366;2.9296000342311586;2.4096113300643487;3.4495887383979684
2020-06-01 00:00:00;Baleares;Verduras;735.6180376770646;490.1216065194153;981.114468834714;2405.1223481940124;1999.0286508289742;2811.2160455590506;2.9296000342311586;2.4096113265587755;3.4495887419035416
2020-02-01 00:00:00;Canarias;Verduras;1564.51;1564.51;1564.51;4169.2;4169.2;4169.2;2.66;2.66;2.66
2020-03-01 00:00:00;Canarias;Verduras;1451.406201234084;955.7659067611718;1947.0464957069962;3421.250736657649;2928.814015800192;3913.6874575151064;2.6051042232433272;2.170130472058702;3.0400779744279527
2020-04-01 00:00:00;Canarias;Verduras;1451.406201234084;901.1556934966635;2001.6567089715045;3315.766490227288;2712.0183399956486;3919.5146404589277;2.6051042232433272;2.1628797489997846;3.04732869748687
2020-05-01 00:00:00;Canarias;Verduras;1451.406201234084;851.4962571379865;2051.3161453301814;3249.468922654578;2552.0941394253177;3946.843705883838;2.6051042232433272;2.155746006427021;3.0544624400596336
2020-06-01 00:00:00;Canarias;Verduras;1451.406201234084;805.6444334083038;2097.167969059864;3283.7593238505156;2503.919483828929;4063.599163872102;2.6051042232433272;2.1487237586957266;3.061484687790928
2020-02-01 00:00:00;Cantabria;Verduras;222.1;222.1;222.1;595.27;595.27;595.27;2.68;2.68;2.68
2020-03-01 00:00:00;Cantabria;Verduras;293.2357430497368;-258.6734506734682;845.1449367729418;760.1247814276742;-321.5307410153116;1841.78030387066;2.698799606535082;1.6319415832441102;3.7656576298260536
2020-04-01 00:00:00;Cantabria;Verduras;293.2357430497368;-258.6750233557027;845.1465094551763;871.9714312774527;-209.8000091501283;1953.7428717050336;2.698799606535082;1.6319415339950318;3.765657679075132
2020-05-01 00:00:00;Cantabria;Verduras;293.2357430497368;-258.6765960334558;845.1480821329294;806.2264095764555;-275.56315920497593;1888.015978357887;2.698799606535082;1.631941484745956;3.765657728324208
2020-06-01 00:00:00;Cantabria;Verduras;293.2357430497368;-258.67816870672743;845.149654806201;942.5451917817743;-139.2473180425245;2024.337701606073;2.698799606535082;1.6319414354968822;3.7656577775732814
2020-02-01 00:00:00;Castilla la mancha;Verduras;902.97;902.97;902.97;2416.29;2416.29;2416.29;2.68;2.68;2.68
2020-03-01 00:00:00;Castilla la mancha;Verduras;870.1736694038982;582.6693407331431;1157.6779980746533;2401.5641663670162;2072.3004062701957;2730.827926463837;2.651878107642217;2.244080975281351;3.0596752400030827
2020-04-01 00:00:00;Castilla la mancha;Verduras;870.1736694038982;576.3980735111656;1163.9492652966308;2427.287882598483;1726.884616871534;3127.691148325432;2.651878107642217;2.2124213872481757;3.091334828036258
2020-05-01 00:00:00;Castilla la mancha;Verduras;870.1736694038982;570.2579104317518;1170.0894283760445;2478.370667521656;1544.222211338707;3412.5191237046047;2.651878107642217;2.182894187835548;3.1208620274488856
2020-06-01 00:00:00;Castilla la mancha;Verduras;870.1736694038982;564.2409574923618;1176.1063813154346;2497.69068368667;1377.5551264105782;3617.8262409627623;2.651878107642217;2.1551189859595152;3.1486372293249185
2020-02-01 00:00:00;Castilla leon;Verduras;1184.41;1184.41;1184.41;3169.07;3169.07;3169.07;2.68;2.68;2.68
2020-03-01 00:00:00;Castilla leon;Verduras;1017.0834680578544;611.5084692670977;1422.6584668486112;3509.988353396688;3178.59883494417;3841.3778718492063;2.7706579087185235;2.2911307714012072;3.2501850460358397
2020-04-01 00:00:00;Castilla leon;Verduras;1017.0834680578544;602.0548480295377;1432.112088086171;3646.112283448192;3124.1733462505204;4168.051220645864;2.7706579087185235;2.219648103672822;3.3216677137642248
2020-05-01 00:00:00;Castilla leon;Verduras;1017.0834680578544;592.811820123308;1441.3551159924007;3598.596578442563;2939.0648369664023;4258.128319918724;2.7706579087185235;2.1564288512088163;3.3848869662282306
2020-06-01 00:00:00;Castilla leon;Verduras;1017.0834680578544;583.7659089403151;1450.4010271753937;3424.7142784771513;2651.704533039703;4197.7240239145995;2.7706579087185235;2.099135113184355;3.4421807042526917
2020-02-01 00:00:00;Cataluña;Verduras;4974.6;4974.6;4974.6;13764.41;13764.41;13764.41;2.77;2.77;2.77
2020-03-01 00:00:00;Cataluña;Verduras;4660.909344484686;3773.6398057180904;5548.178883251281;14276.564752919734;12716.282847681123;15836.846658158345;2.7219538761861934;2.5017634343884922;2.9421443179838946
2020-04-01 00:00:00;Cataluña;Verduras;4660.909344484686;3769.0658251127206;5552.752863856651;13388.920725535383;11828.666984002042;14949.174467068724;2.7219538761861934;2.4969611952602584;2.9469465571121285
2020-05-01 00:00:00;Cataluña;Verduras;4660.909344484686;3764.515183599833;5557.3035053695385;14149.741087986364;12589.497177734575;15709.984998238153;2.7219538761861934;2.4922593349332236;2.9516484174391633
2020-06-01 00:00:00;Cataluña;Verduras;4660.909344484686;3759.9875275154527;5561.831161453919;13432.87485277526;11872.63264909409;14993.117056456429;2.7219538761861934;2.487651810270024;2.956255942102363
2020-02-01 00:00:00;Extremadura;Verduras;475.07;475.07;475.07;1287.94;1287.94;1287.94;2.71;2.71;2.71
2020-03-01 00:00:00;Extremadura;Verduras;585.709729092688;305.09098555418007;866.328472631196;1497.9187855744922;1164.1922496249626;1831.6453215240217;2.651798319012741;2.026246276168118;3.277350361857364
2020-04-01 00:00:00;Extremadura;Verduras;585.709729092688;305.0717474422782;866.3477107430979;1578.1205030519136;1244.3652300091107;1911.8757760947165;2.651798319012741;1.8715265062255582;3.432070131799924
2020-05-01 00:00:00;Extremadura;Verduras;585.709729092688;305.0525106490844;866.3669475362916;1554.3390764023807;1220.583510883515;1888.0946419212464;2.651798319012741;1.7427698016639654;3.5608268363615165
2020-06-01 00:00:00;Extremadura;Verduras;585.709729092688;305.03327517432757;866.3861830110484;1314.7751384429014;981.0195383999176;1648.5307384858852;2.651798319012741;1.6301126585102415;3.6734839795152405
2020-02-01 00:00:00;Galicia;Verduras;775.13;775.13;775.13;2239.47;2239.47;2239.47;2.89;2.89;2.89
2020-03-01 00:00:00;Galicia;Verduras;1201.8497489697188;376.40657776691546;2027.2929201725221;2898.153901337011;2104.6311553448213;3691.676647329201;2.80257145512531;2.1044501361303283;3.5006927741202913
2020-04-01 00:00:00;Galicia;Verduras;1201.8497489697188;376.40590015530825;2027.2935977841294;2929.51549581121;2135.5531663564934;3723.477825265926;2.80257145512531;2.029284630254249;3.5758582799963707
2020-05-01 00:00:00;Galicia;Verduras;1201.8497489697188;376.4052225442573;2027.2942753951802;2995.245952260448;2201.2644677443677;3789.2274367765285;2.80257145512531;1.9608044737088128;3.6443384365418066
2020-06-01 00:00:00;Galicia;Verduras;1201.8497489697188;376.4045449337625;2027.294953005675;2821.13614024007;2027.152306353075;3615.119974127065;2.80257145512531;1.8974909125839758;3.7076519976666438
2020-02-01 00:00:00;La rioja;Verduras;112.61;112.61;112.61;350.48;350.48;350.48;3.11;3.11;3.11
2020-03-01 00:00:00;La rioja;Verduras;100.21369399034941;22.041483897181664;178.38590408351718;307.94471120858884;154.49927919203168;461.390143225146;3.2390486293815166;1.9107596766910095;4.567337582072024
2020-04-01 00:00:00;La rioja;Verduras;100.21369399034941;21.005564958557528;179.4218230221413;281.59009229151104;114.30408753440193;448.8760970486202;3.2390486293815166;1.8958381787510192;4.5822590800120135
2020-05-01 00:00:00;La rioja;Verduras;100.21369399034941;19.983020438498784;180.44436754220004;295.24333178302453;115.19082775092676;475.2958358151223;3.2390486293815166;1.8810806299329568;4.597016628830076
2020-06-01 00:00:00;La rioja;Verduras;100.21369399034941;18.97334531772087;181.45404266297794;319.32639468252205;127.35453255810364;511.29825680694046;3.2390486293815166;1.8664817419878044;4.611615516775229
2020-02-01 00:00:00;Madrid;Verduras;3383.61;3383.61;3383.61;10300.06;10300.06;10300.06;3.04;3.04;3.04
2020-03-01 00:00:00;Madrid;Verduras;3385.951644405169;2435.316500302655;4336.586788507683;10342.88040766127;9382.98949296444;11302.771322358101;2.924774461753392;2.6822957555827758;3.1672531679240086
2020-04-01 00:00:00;Madrid;Verduras;3385.951644405169;2435.3159240583473;4336.587364751991;10424.026433630293;9188.460538282878;11659.59232897771;2.924774461753392;2.6796747906920464;3.169874132814738
2020-05-01 00:00:00;Madrid;Verduras;3385.951644405169;2435.3153478143895;4336.587940995949;10556.887015148573;9097.223515479689;12016.550514817458;2.924774461753392;2.6770815580145415;3.172467365492243
2020-06-01 00:00:00;Madrid;Verduras;3385.951644405169;2435.3147715707805;4336.588517239557;10446.068559666379;8792.407744703933;12099.729374628825;2.924774461753392;2.67451519544985;3.1750337280569343
2020-02-01 00:00:00;Murcia;Verduras;830.89;830.89;830.89;2246.62;2246.62;2246.62;2.7;2.7;2.7
2020-03-01 00:00:00;Murcia;Verduras;642.8153953372946;354.667322123441;930.9634685511483;1800.0165490478537;1295.6923776615495;2304.340720434158;2.7725446584227185;2.3151970138852955;3.2298923029601414
2020-04-01 00:00:00;Murcia;Verduras;642.8153953372946;349.2049820802137;936.4258085943754;1860.7166848652298;1356.2887922906502;2365.1445774398094;2.7725446584227185;2.301957187513314;3.243132129332123
2020-05-01 00:00:00;Murcia;Verduras;642.8153953372946;343.84242423600705;941.7883664385822;1909.8585811434318;1405.4287433656182;2414.2884189212455;2.7725446584227185;2.2890798017993124;3.2560095150461246
2020-06-01 00:00:00;Murcia;Verduras;642.8153953372946;338.5743722564668;947.0564184181223;1553.888802478064;1049.4589232504711;2058.318681705657;2.7725446584227185;2.2765366268316245;3.2685526900138124
2020-02-01 00:00:00;Navarra;Verduras;425.61;425.61;425.61;1126.58;1126.58;1126.58;2.65;2.65;2.65
2020-03-01 00:00:00;Navarra;Verduras;374.2492297475323;-154.9247738857493;903.4232333808138;970.5730964774382;427.2385929309288;1513.9076000239475;2.5380000410923573;1.4275639745940525;3.648436107590662
2020-04-01 00:00:00;Navarra;Verduras;374.2492297475323;-154.92510997321364;903.4235694682782;955.9001352274518;391.4050544123111;1520.3952160425924;2.5380000410923573;1.427563969015454;3.648436113169261
2020-05-01 00:00:00;Navarra;Verduras;374.2492297475323;-154.92544606046448;903.423905555529;951.8061685363434;367.597973181975;1536.0143638907118;2.5380000410923573;1.4275639634368555;3.648436118747859
2020-06-01 00:00:00;Navarra;Verduras;374.2492297475323;-154.92578214750193;903.4242416425666;976.748869882911;373.4826827987962;1580.0150569670259;2.5380000410923573;1.427563957858257;3.648436124326458
2020-02-01 00:00:00;Pais vasco;Verduras;1257.37;1257.37;1257.37;3433.71;3433.71;3433.71;2.73;2.73;2.73
2020-03-01 00:00:00;Pais vasco;Verduras;1179.7908837147338;794.9880379800953;1564.5937294493724;3710.684260446735;3168.70138913708;4252.6671317563905;2.7513142079753035;2.2139884273846735;3.2886399885659334
2020-04-01 00:00:00;Pais vasco;Verduras;1179.7908837147338;794.9877442414503;1564.5940231880172;3629.749671738565;3087.644322393529;4171.855021083602;2.7513142079753035;2.2121857282941115;3.2904426876564954
2020-05-01 00:00:00;Pais vasco;Verduras;1179.7908837147338;794.9874505030295;1564.594316926438;3525.146124249484;2983.0370806467827;4067.255167852185;2.7513142079753035;2.21038903688472;3.292239379065887
2020-06-01 00:00:00;Pais vasco;Verduras;1179.7908837147338;794.9871567648329;1564.5946106646347;3118.744549878225;2576.635030819012;3660.8540689374377;2.7513142079753035;2.2085982934902013;3.2940301224604056
2020-02-01 00:00:00;Valencia;Verduras;3134.21;3134.21;3134.21;8110.33;8110.33;8110.33;2.59;2.59;2.59
2020-03-01 00:00:00;Valencia;Verduras;2767.8212688038675;2235.0048936860594;3300.6376439216756;8547.096156128215;7361.419335211533;9732.772977044897;2.8017412715393117;2.4775107521951174;3.125971790883506
2020-04-01 00:00:00;Valencia;Verduras;2767.8212688038675;2235.001639693719;3300.640897914016;6875.865604921077;5689.771994634638;8061.959215207516;2.8017412715393117;2.472553511333308;3.1309290317453153
2020-05-01 00:00:00;Valencia;Verduras;2767.8212688038675;2234.9983857212505;3300.6441518864845;8156.703794102713;6970.532602621433;9342.874985583992;2.8017412715393117;2.467669822198479;3.1358127208801445
2020-06-01 00:00:00;Valencia;Verduras;2767.8212688038675;2234.9951317686546;3300.6474058390804;7587.349096181155;6401.156707369815;8773.541484992495;2.8017412715393117;2.4628565049003788;3.1406260381782447
2020-02-01 00:00:00;Nacional;Frutas frescas;321171.62;321171.62;321171.62;544534.23;544534.23;544534.23;1.7;1.7;1.7
52;Nacional;Frutas frescas;175071.30114265296;-473485.6448585049;823628.2471438108;288860.5872689984;-687327.9004459972;1265049.074983994;2.7;0.9791212289428408;4.4208787710571595
53;Nacional;Frutas frescas;175071.30114265296;-475560.28270518105;825702.884990487;288860.5872689984;-689598.9295180457;1267320.1040560426;2.7;0.2663099027710212;5.133690097228979
54;Nacional;Frutas frescas;175071.30114265296;-477628.326246802;827770.928532108;288860.5872689984;-691864.6996666355;1269585.8742046324;2.7;-0.2806494651376896;5.68064946513769
55;Nacional;Frutas frescas;175071.30114265296;-479689.8379671186;829832.4402524246;288860.5872689984;-694125.2472570272;1271846.421795024;2.7;-0.7417575421143185;6.141757542114319
56;Nacional;Frutas frescas;175071.30114265296;-481744.8793693057;831887.4816546116;288860.5872689984;-696380.6082372961;1274101.7827752929;2.7;-1.148001913120106;6.548001913120107
57;Nacional;Frutas frescas;175071.30114265296;-483793.51099737186;833936.1132826778;288860.5872689984;-698630.8181450021;1276351.992682999;2.7;-1.5152748982778323;6.915274898277833
58;Nacional;Frutas frescas;175071.30114265296;-485835.79245697137;835978.3947422773;288860.5872689984;-700875.9121137229;1278597.0866517196;2.7;-1.8530172647077006;7.253017264707701
59;Nacional;Frutas frescas;175071.30114265296;-487871.7824356395;838014.3847209455;288860.5872689984;-703115.9248794542;1280837.0994174508;2.7;-2.167380194457958;7.567380194457958
60;Nacional;Frutas frescas;175071.30114265296;-489901.5387224705;840044.1410077765;288860.5872689984;-705350.89078688;1283072.065324877;2.7;-2.462636313171478;7.862636313171478
61;Nacional;Frutas frescas;175071.30114265296;-491925.1182272561;842067.7205125621;288860.5872689984;-707580.8437955173;1285302.0183335142;2.7;-2.74189649357207;8.14189649357207
62;Nacional;Frutas frescas;175071.30114265296;-493942.5769991026;844085.1792844086;288860.5872689984;-709805.8174857353;1287526.992023732;2.7;-3.007509193284508;8.407509193284508
63;Nacional;Frutas frescas;175071.30114265296;-495953.9702445461;846096.572529852;288860.5872689984;-712025.8450646561;1289747.0196026529;2.7;-3.2612989302753785;8.661298930275379
64;Nacional;Frutas frescas;175071.30114265296;-497959.3523451778;848101.9546304838;288860.5872689984;-714240.959371937;1291962.1339099337;2.7;-3.5047166479040426;8.904716647904042
2020-02-01 00:00:00;Andalucia;Frutas frescas;49507.36;49507.36;49507.36;81515.04;81515.04;81515.04;1.65;1.65;1.65
52;Andalucia;Frutas frescas;28329.37626746058;-75991.66113360369;132650.41366852485;45120.53856524182;-103325.35311847736;193566.430248961;2.7;0.9165703237403666;4.483429676259634
53;Andalucia;Frutas frescas;28329.37626746058;-76276.94120916238;132935.69374408355;45120.53856524182;-103644.08404010267;193885.1611705863;2.7;0.17784956429496823;5.222150435705032
54;Andalucia;Frutas frescas;28329.37626746058;-76561.44538822967;133220.19792315082;45120.53856524182;-103962.13353331783;194203.21066380147;2.7;-0.3889908110077993;5.7889908110078
55;Andalucia;Frutas frescas;28329.37626746058;-76845.17996736076;133503.9325022819;45120.53856524182;-104279.50595008867;194520.5830805723;2.7;-0.8668593525192669;6.266859352519267
56;Andalucia;Frutas frescas;28329.37626746058;-77128.15115840589;133786.90369332704;45120.53856524182;-104596.20559625409;194837.28272673773;2.7;-1.2878699892069836;6.687869989206984
57;Andalucia;Frutas frescas;28329.37626746058;-77410.36509009695;134069.11762501812;45120.53856524182;-104912.23673220747;195153.3138626911;2.7;-1.668492698973096;7.068492698973096
58;Andalucia;Frutas frescas;28329.37626746058;-77691.82780959632;134350.58034451748;45120.53856524182;-105227.60357356543;195468.68070404907;2.7;-2.018511404155424;7.418511404155424
59;Andalucia;Frutas frescas;28329.37626746058;-77972.5452840087;134631.29781892986;45120.53856524182;-105542.31029182408;195783.38742230771;2.7;-2.3443008714100637;7.744300871410064
2020-02-01 00:00:00;Aragon;Frutas frescas;9330.31;9330.31;9330.31;15607.02;15607.02;15607.02;1.67;1.67;1.67
52;Aragon;Frutas frescas;5321.435890168553;-4980.828195474701;15623.699975811807;8312.857227669127;-7059.609531720254;23685.32398705851;3.66;1.9298236576014232;5.390176342398577
53;Aragon;Frutas frescas;5321.435890168553;-4998.62946510993;15641.501245447034;8312.857227669127;-7088.601279735727;23714.31573507398;3.66;1.2131611512828568;6.106838848717143
54;Aragon;Frutas frescas;5321.435890168553;-5016.40008183756;15659.271862174664;8312.857227669127;-7117.538556046053;23743.253011384306;3.66;0.6632466689119787;6.656753331088021
55;Aragon;Frutas frescas;5321.435890168553;-5034.140203462742;15677.011983799846;8312.857227669127;-7146.421666537972;23772.136121876225;3.66;0.19964731520284618;7.1203526847971546
56;Aragon;Frutas frescas;5321.435890168553;-5051.849986441247;15694.721766778352;8312.857227669127;-7175.250914246042;23800.965369584294;3.66;-0.2087919146651691;7.528791914665169
57;Aragon;Frutas frescas;5321.435890168553;-5069.529585895581;15712.401366232687;8312.857227669127;-7204.026599389732;23829.741054727987;3.66;-0.57804920391143;7.89804920391143
58;Aragon;Frutas frescas;5321.435890168553;-5087.179155630821;15730.050935967927;8312.857227669127;-7232.749019409906;23858.46347474816;3.66;-0.9176163262739729;8.237616326273972
59;Aragon;Frutas frescas;5321.435890168553;-5104.798848150237;15747.670628487343;8312.857227669127;-7261.418469004686;23887.13292434294;3.66;-1.2336776974342865;8.553677697434287
2020-02-01 00:00:00;Asturias;Frutas frescas;9371.29;9371.29;9371.29;15954.08;15954.08;15954.08;1.7;1.7;1.7
52;Asturias;Frutas frescas;4680.929821701972;-4399.150042011416;13761.00968541536;7666.405394928087;-6621.824006575452;21954.634796431626;2.56;0.5074829493133608;4.612517050686639
53;Asturias;Frutas frescas;4680.929821701972;-4421.902166196597;13783.761809600543;7666.405394928087;-6657.220592595654;21990.031382451827;2.56;-0.3426974500830702;5.46269745008307
54;Asturias;Frutas frescas;4680.929821701972;-4444.597564066234;13806.45720747018;7666.405394928087;-6692.529921833418;22025.34071168959;2.56;-0.9950638151906839;6.115063815190684
55;Asturias;Frutas frescas;4680.929821701972;-4467.236657811921;13829.096301215865;7666.405394928087;-6727.752636419774;22060.56342627595;2.56;-1.5450341013732785;6.665034101373278
56;Asturias;Frutas frescas;4680.929821701972;-4489.81986441408;13851.679507818026;7666.405394928087;-6762.889370648346;22095.70016050452;2.56;-2.0295676503127065;7.149567650312706
57;Asturias;Frutas frescas;4680.929821701972;-4512.347595731583;13874.207239135529;7666.405394928087;-6797.940751108615;22130.75154096479;2.56;-2.4676194625445036;7.587619462544504
58;Asturias;Frutas frescas;4680.929821701972;-4534.82025858937;13896.679901993313;7666.405394928087;-6832.907396816289;22165.718186672464;2.56;-2.8704496778366013;7.990449677836601
59;Asturias;Frutas frescas;4680.929821701972;-4557.238254864181;13919.097898268126;7666.405394928087;-6867.78991934086;22200.600709197035;2.56;-3.2453949001661404;8.365394900166141
2020-02-01 00:00:00;Baleares;Frutas frescas;7413.23;7413.23;7413.23;12759.76;12759.76;12759.76;1.72;1.72;1.72
52;Baleares;Frutas frescas;4543.146913336573;-3437.1746652576758;12523.46849193082;8374.62386147903;-4323.82137127739;21073.069094235452;2.48;0.4912189416699464;4.468781058330054
53;Baleares;Frutas frescas;4543.146913336573;-3438.6362393092595;12524.930065982404;8374.62386147903;-4323.821383197472;21073.069106155534;2.48;-0.3325611452810793;5.292561145281079
54;Baleares;Frutas frescas;4543.146913336573;-3440.0975457755685;12526.391372448714;8374.62386147903;-4323.821395117553;21073.069118075615;2.48;-0.9646698381582559;5.924669838158255
55;Baleares;Frutas frescas;4543.146913336573;-3441.558584803516;12527.852411476662;8374.62386147903;-4323.821407037634;21073.069129995696;2.48;-1.4975621166601072;6.457562116660107
56;Baleares;Frutas frescas;4543.146913336573;-3443.019356539883;12529.313183213028;8374.62386147903;-4323.821418957712;21073.069141915774;2.48;-1.9670496387899736;6.927049638789974
57;Baleares;Frutas frescas;4543.146913336573;-3444.4798611313154;12530.77368780446;8374.62386147903;-4323.821430877793;21073.069153835855;2.48;-2.3914988030209394;7.35149880302094
58;Baleares;Frutas frescas;4543.146913336573;-3445.9400987243253;12532.233925397471;8374.62386147903;-4323.821442797875;21073.069165755936;2.48;-2.781820092497163;7.7418200924971625
59;Baleares;Frutas frescas;4543.146913336573;-3447.4000694652923;12533.693896138437;8374.62386147903;-4323.821454717952;21073.069177676014;2.48;-3.1451222905621585;8.105122290562159
2020-02-01 00:00:00;Canarias;Frutas frescas;13739.7;13739.7;13739.7;24111.15;24111.15;24111.15;1.75;1.75;1.75
52;Canarias;Frutas frescas;8197.991093505643;-6937.8676273578185;23333.849814369103;14250.633462564385;-9332.723534804622;37833.99045993339;2.15;0.8197699821059281;3.4802300178940717
53;Canarias;Frutas frescas;8197.991093505643;-6975.106269483289;23371.088456494574;14250.633462564385;-9369.215085488502;37870.48201061727;2.15;0.26877066761839874;4.031229332381601
54;Canarias;Frutas frescas;8197.991093505643;-7012.253741984179;23408.235928995466;14250.633462564385;-9405.650345349282;37906.91727047805;2.15;-0.154025976745789;4.454025976745789
55;Canarias;Frutas frescas;8197.991093505643;-7049.310711218626;23445.292898229913;14250.633462564385;-9442.029574083912;37943.29649921268;2.15;-0.5104600357881437;4.810460035788143
56;Canarias;Frutas frescas;8197.991093505643;-7086.277835466757;23482.260022478044;14250.633462564385;-9478.353029398617;37979.619954527385;2.15;-0.824484745721906;5.124484745721906
57;Canarias;Frutas frescas;8197.991093505643;-7123.1557650671275;23519.137952078414;14250.633462564385;-9514.6209670302;38015.88789215897;2.15;-1.1083847843738126;5.408384784373812
58;Canarias;Frutas frescas;8197.991093505643;-7159.94514255021;23555.9273295615;14250.633462564385;-9550.833640767023;38052.100565895795;2.15;-1.3694578138607145;5.669457813860714
59;Canarias;Frutas frescas;8197.991093505643;-7196.646602769011;23592.628789780298;14250.633462564385;-9586.991302469765;38088.25822759853;2.15;-1.6124586647632029;5.912458664763203
2020-02-01 00:00:00;Cantabria;Frutas frescas;3991.83;3991.83;3991.83;6786.48;6786.48;6786.48;1.7;1.7;1.7
52;Cantabria;Frutas frescas;2282.9048564885775;-1681.1150248629838;6246.924737840139;3347.8953296902755;-2808.8495260669843;9504.640185447535;3.53;1.5363091976430754;5.523690802356924
53;Cantabria;Frutas frescas;2282.9048564885775;-1681.1155579177903;6246.925270894945;3347.8953296902755;-2815.258524274551;9511.049183655101;3.53;0.7104954281283393;6.349504571871661
54;Cantabria;Frutas frescas;2282.9048564885775;-1681.1160909725254;6246.92580394968;3347.8953296902755;-2821.6608647526837;9517.451524133234;3.53;0.07682623573504621;6.983173764264953
55;Cantabria;Frutas frescas;2282.9048564885775;-1681.1166240271887;6246.926337004344;3347.8953296902755;-2828.056568206719;9523.84722758727;3.53;-0.45738160471384903;7.517381604713849
56;Cantabria;Frutas frescas;2282.9048564885775;-1681.11715708178;6246.926870058935;3347.8953296902755;-2834.445655234892;9530.236314615442;3.53;-0.9280281601861815;7.988028160186181
57;Cantabria;Frutas frescas;2282.9048564885775;-1681.1176901363;6246.9274031134555;3347.8953296902755;-2840.8281463291123;9536.618805709662;3.53;-1.3535251706544504;8.41352517065445
58;Cantabria;Frutas frescas;2282.9048564885775;-1681.1182231907483;6246.927936167904;3347.8953296902755;-2847.20406187573;9542.99472125628;3.53;-1.7448100541932479;8.804810054193247
59;Cantabria;Frutas frescas;2282.9048564885775;-1681.118756245125;6246.92846922228;3347.8953296902755;-2853.573422156298;9549.364081536849;3.53;-2.1090091437433203;9.16900914374332
2020-02-01 00:00:00;Castilla la mancha;Frutas frescas;13548.69;13548.69;13548.69;21445.88;21445.88;21445.88;1.58;1.58;1.58
52;Castilla la mancha;Frutas frescas;7259.482011874126;-7618.57248546713;22137.53650921538;10815.074648746931;-9771.986329730864;31402.13562722473;2.36;0.6150209308199963;4.104979069180003
53;Castilla la mancha;Frutas frescas;7259.482011874126;-7665.103814161883;22184.067837910137;10815.074648746931;-9832.401443450415;31462.55074094428;2.36;-0.1077730656915401;4.82777306569154
54;Castilla la mancha;Frutas frescas;7259.482011874126;-7711.490519380266;22230.45454312852;10815.074648746931;-9892.640295789055;31522.78959328292;2.36;-0.6623924059640127;5.382392405964012
55;Castilla la mancha;Frutas frescas;7259.482011874126;-7757.7339413054815;22276.697965053732;10815.074648746931;-9952.704420533859;31582.85371802772;2.36;-1.1299581383600072;5.849958138360007
56;Castilla la mancha;Frutas frescas;7259.482011874126;-7803.835399549251;22322.799423297503;10815.074648746931;-10012.59532935564;31642.744626849504;2.36;-1.541891818000796;6.261891818000796
57;Castilla la mancha;Frutas frescas;7259.482011874126;-7849.796193591192;22368.760217339444;10815.074648746931;-10072.314512252897;31702.46380974676;2.36;-1.914308331327756;6.634308331327755
58;Castilla la mancha;Frutas frescas;7259.482011874126;-7895.617603206199;22414.581626954452;10815.074648746931;-10131.863437984297;31762.012735478158;2.36;-2.256780660063263;6.9767806600632625
59;Castilla la mancha;Frutas frescas;7259.482011874126;-7941.3008888802415;22460.264912628496;10815.074648746931;-10191.243554490144;31821.392851984005;2.36;-2.57554613138308;7.29554613138308
2020-02-01 00:00:00;Castilla leon;Frutas frescas;16858.71;16858.71;16858.71;25851.03;25851.03;25851.03;1.53;1.53;1.53
52;Castilla leon;Frutas frescas;10253.851154706028;-10891.779526245622;31399.48183565768;15770.207022163906;-13793.020464885101;45333.434509212915;3.28;1.138480266909212;5.421519733090788
53;Castilla leon;Frutas frescas;10253.851154706028;-10955.825113007626;31463.527422419684;15770.207022163906;-13854.232007268287;45394.6460515961;3.28;0.25143374937339713;6.308566250626603
54;Castilla leon;Frutas frescas;10253.851154706028;-11019.6778865045;31527.380195916558;15770.207022163906;-13915.317331737622;45455.731376065436;3.28;-0.4292209831245857;6.989220983124586
55;Castilla leon;Frutas frescas;10253.851154706028;-11083.339577750756;31591.041887162814;15770.207022163906;-13976.277215870277;45516.69126019809;3.28;-1.0030394661815758;7.563039466181575
56;Castilla leon;Frutas frescas;10253.851154706028;-11146.811892014082;31654.514201426136;15770.207022163906;-14037.112429292165;45577.526473619975;3.28;-1.508583698348208;8.068583698348208
57;Castilla leon;Frutas frescas;10253.851154706028;-11210.096509348308;31717.798818760362;15770.207022163906;-14097.823733791307;45638.23777811912;3.28;-1.9656306201736542;8.525630620173654
58;Castilla leon;Frutas frescas;10253.851154706028;-11273.195085112277;31780.897394524334;15770.207022163906;-14158.41188342915;45698.82592775696;3.28;-2.3859286414956444;8.945928641495644
59;Castilla leon;Frutas frescas;10253.851154706028;-11336.109250475069;31843.811559887123;15770.207022163906;-14218.877624649796;45759.29166897761;3.28;-2.7771325012532055;9.337132501253205
2020-02-01 00:00:00;Cataluña;Frutas frescas;55306.88;55306.88;55306.88;97481.04;97481.04;97481.04;1.76;1.76;1.76
52;Cataluña;Frutas frescas;29224.359146997358;-79630.74352541842;138079.46181941315;50380.67986893499;-122269.24602392671;223030.6057617967;2.99;1.0610268032944372;4.918973196705563
53;Cataluña;Frutas frescas;29224.359146997358;-79999.16923074293;138447.88752473766;50380.67986893499;-122705.18390298894;223466.54364085893;2.99;0.26201994376480897;5.7179800562351915
54;Cataluña;Frutas frescas;29224.359146997358;-80366.35635730026;138815.07465129497;50380.67986893499;-123140.02657423101;223901.386312101;2.99;-0.3510795831325888;6.331079583132589
55;Cataluña;Frutas frescas;29224.359146997358;-80732.31731334658;139181.0356073413;50380.67986893499;-123573.78225089039;224335.14198876038;2.99;-0.8679463934111258;6.847946393411126
56;Cataluña;Frutas frescas;29224.359146997358;-81097.06430133208;139545.7825953268;50380.67986893499;-124006.45904405983;224767.81878192982;2.99;-1.3233151946087114;7.303315194608712
57;Cataluña;Frutas frescas;29224.359146997358;-81460.60932264838;139909.3276166431;50380.67986893499;-124438.06496445675;225199.42470232674;2.99;-1.735000059433954;7.7150000594339545
58;Cataluña;Frutas frescas;29224.359146997358;-81822.96418223614;140271.68247623087;50380.67986893499;-124868.60792415391;225629.9676620239;2.99;-2.1135833641921975;8.093583364192199
59;Cataluña;Frutas frescas;29224.359146997358;-82184.14049305787;140632.8587870526;50380.67986893499;-125298.09573827169;226059.45547614168;2.99;-2.4659601124703823;8.445960112470383
2020-02-01 00:00:00;Extremadura;Frutas frescas;6753.85;6753.85;6753.85;10390.9;10390.9;10390.9;1.54;1.54;1.54
52;Extremadura;Frutas frescas;4178.912951191038;-3962.5872126519725;12320.413115034047;6403.77931724079;-4929.553380166665;17737.112014648246;2.58;0.6783658914430386;4.481634108556961
53;Extremadura;Frutas frescas;4178.912951191038;-3977.72303250361;12335.548934885686;6403.77931724079;-4942.986786389599;17750.545420871178;2.58;-0.10931674699252536;5.2693167469925255
54;Extremadura;Frutas frescas;4178.912951191038;-3992.830817622872;12350.656720004947;6403.77931724079;-4956.404307633685;17763.962942115264;2.58;-0.7137268934266072;5.873726893426607
55;Extremadura;Frutas frescas;4178.912951191038;-4007.9107232138003;12365.736625595877;6403.77931724079;-4969.806000117883;17777.364634599464;2.58;-1.2232682171139229;6.383268217113923
56;Extremadura;Frutas frescas;4178.912951191038;-4022.962903053656;12380.788805435732;6403.77931724079;-4983.191919730322;17790.750554211903;2.58;-1.6721831350655796;6.83218313506558
57;Extremadura;Frutas frescas;4178.912951191038;-4037.9875095112056;12395.813411893281;6403.77931724079;-4996.562122031021;17804.120756512602;2.58;-2.07803324343691;7.23803324343691
58;Extremadura;Frutas frescas;4178.912951191038;-4052.9846935647147;12410.81059594679;6403.77931724079;-5009.916662254575;17817.475296736156;2.58;-2.4512509358797248;7.611250935879725
59;Extremadura;Frutas frescas;4178.912951191038;-4067.9546048196607;12425.780507201736;6403.77931724079;-5023.255595312829;17830.81422979441;2.58;-2.798633493985051;7.958633493985051
2020-02-01 00:00:00;Galicia;Frutas frescas;20405.42;20405.42;20405.42;35674.21;35674.21;35674.21;1.75;1.75;1.75
52;Galicia;Frutas frescas;11707.416937499325;-12775.104613052594;36189.938488051244;20260.249338495134;-18151.718785237437;58672.21746222771;3.44;1.1881793728567067;5.691820627143294
53;Galicia;Frutas frescas;11707.416937499325;-12844.006602587571;36258.84047758622;20260.249338495134;-18231.3483129922;58751.84698998247;3.44;0.2554447290624662;6.624555270937534
54;Galicia;Frutas frescas;11707.416937499325;-12912.715763528646;36327.5496385273;20260.249338495134;-18310.81344682779;58831.31212381806;3.44;-0.460267735743797;7.340267735743797
55;Galicia;Frutas frescas;11707.416937499325;-12981.233705816943;36396.067580815594;20260.249338495134;-18390.11520072573;58910.613877715994;3.44;-1.0636412542865865;7.943641254286586
56;Galicia;Frutas frescas;11707.416937499325;-13049.562017114957;36464.39589211361;20260.249338495134;-18469.254578286444;58989.75325527671;3.44;-1.5952239954286118;8.475223995428612
57;Galicia;Frutas frescas;11707.416937499325;-13117.702263235813;36532.53613823446;20260.249338495134;-18548.232572877507;59068.73124986778;3.44;-2.07581152877508;8.95581152877508
58;Galicia;Frutas frescas;11707.416937499325;-13185.655988561899;36600.48986356055;20260.249338495134;-18627.050167779085;59147.54884476935;3.44;-2.517757376546658;9.397757376546657
59;Galicia;Frutas frescas;11707.416937499325;-13253.424716453297;36668.258591451944;20260.249338495134;-18705.708336326785;59226.20701331705;3.44;-2.9291105418750685;9.809110541875068
2020-02-01 00:00:00;La rioja;Frutas frescas;2315.94;2315.94;2315.94;4635.82;4635.82;4635.82;2.0;2.0;2.0
52;La rioja;Frutas frescas;1155.845353290125;-1003.9004351244569;3315.5911417047073;1927.1488292321262;-1575.2876205776518;5429.585279041904;2.58;0.7200471520139771;4.439952847986023
53;La rioja;Frutas frescas;1155.845353290125;-1003.9074703245794;3315.5981769048294;1927.1488292321262;-1575.297962594201;5429.595621058454;2.58;-0.050370542996297285;5.210370542996298
54;La rioja;Frutas frescas;1155.845353290125;-1003.9145055017864;3315.605212082037;1927.1488292321262;-1575.308304580212;5429.605963044464;2.58;-0.6415328323942244;5.801532832394225
55;La rioja;Frutas frescas;1155.845353290125;-1003.9215406560763;3315.6122472363268;1927.1488292321262;-1575.318646535686;5429.616304999939;2.58;-1.139905695972046;6.299905695972046
56;La rioja;Frutas frescas;1155.845353290125;-1003.9285757874507;3315.619282367701;1927.1488292321262;-1575.3289884606231;5429.626646924876;2.58;-1.578981003041081;6.738981003041081
57;La rioja;Frutas frescas;1155.845353290125;-1003.9356108959093;3315.62631747616;1927.1488292321262;-1575.3393303550226;5429.636988819275;2.58;-1.9759354232021238;7.135935423202124
58;La rioja;Frutas frescas;1155.845353290125;-1003.942645981452;3315.633352561702;1927.1488292321262;-1575.349672218885;5429.647330683138;2.58;-2.3409726860773397;7.50097268607734
59;La rioja;Frutas frescas;1155.845353290125;-1003.9496810440794;3315.6403876243294;1927.1488292321262;-1575.360014052212;5429.657672516464;2.58;-2.6807410859925955;7.840741085992596
2020-02-01 00:00:00;Madrid;Frutas frescas;48646.04;48646.04;48646.04;83227.54;83227.54;83227.54;1.71;1.71;1.71
52;Madrid;Frutas frescas;24567.95319151109;-65281.11577235258;114417.02215537475;40771.910555208866;-95136.34324732298;176680.1643577407;2.69;0.9199485347068481;4.4600514652931516
53;Madrid;Frutas frescas;24567.95319151109;-65696.91496335734;114832.82134637951;40771.910555208866;-95601.47691200534;177145.29802242306;2.69;0.18676921168405514;5.193230788315945
54;Madrid;Frutas frescas;24567.95319151109;-66110.8075651205;115246.71394814267;40771.910555208866;-96065.02951183758;177608.8506222553;2.69;-0.3758190698994781;5.755819069899478
55;Madrid;Frutas frescas;24567.95319151109;-66522.8195667715;115658.72594979368;40771.910555208866;-96527.0170609309;178070.83817134862;2.69;-0.8501029305863037;6.230102930586304
56;Madrid;Frutas frescas;24567.95319151109;-66932.97637231206;116068.88275533423;40771.910555208866;-96987.45530487163;178531.27641528935;2.69;-1.2679554000685975;6.647955400068597
57;Madrid;Frutas frescas;24567.95319151109;-67341.30281889503;116477.2092019172;40771.910555208866;-97446.35972698298;178990.1808374007;2.69;-1.64572290843391;7.0257229084339095
58;Madrid;Frutas frescas;24567.95319151109;-67747.82319437554;116883.72957739771;40771.910555208866;-97903.74555440023;179447.56666481795;2.69;-1.9931159849511553;7.373115984951156
59;Madrid;Frutas frescas;24567.95319151109;-68152.56125416954;117288.46763719172;40771.910555208866;-98359.62776396621;179903.44887438393;2.69;-2.3164615766318897;7.69646157663189
2020-02-01 00:00:00;Murcia;Frutas frescas;9295.14;9295.14;9295.14;15384.63;15384.63;15384.63;1.66;1.66;1.66
52;Murcia;Frutas frescas;5149.805879046272;-4672.357643855606;14971.96940194815;8268.107811978718;-6310.112741660645;22846.32836561808;2.75;0.7701240524187727;4.7298759475812275
53;Murcia;Frutas frescas;5149.805879046272;-4687.991966352657;14987.603724445202;8268.107811978718;-6332.598087315086;22868.813711272524;2.75;-0.049967416885654536;5.5499674168856545
54;Murcia;Frutas frescas;5149.805879046272;-4703.60148202672;15003.213240119265;8268.107811978718;-6355.048858343616;22891.264482301052;2.75;-0.6792457338942608;6.179245733894261
55;Murcia;Frutas frescas;5149.805879046272;-4719.186308586616;15018.79806667916;8268.107811978718;-6377.465213748621;22913.68083770606;2.75;-1.2097518951624546;6.709751895162455
56;Murcia;Frutas frescas;5149.805879046272;-4734.746562813226;15034.358320905769;8268.107811978718;-6399.847311317506;22936.062935274942;2.75;-1.6771372058084353;7.177137205808435
57;Murcia;Frutas frescas;5149.805879046272;-4750.282360569684;15049.894118662229;8268.107811978718;-6422.195307635649;22958.410931593084;2.75;-2.0996858255833413;7.599685825583341
58;Murcia;Frutas frescas;5149.805879046272;-4765.79381681145;15065.405574903994;8268.107811978718;-6444.509358099189;22980.724982056625;2.75;-2.4882593840582814;7.988259384058281
59;Murcia;Frutas frescas;5149.805879046272;-4781.281045596233;15080.892803688777;8268.107811978718;-6466.78961692763;23003.005240885068;2.75;-2.84993483377131;8.34993483377131
2020-02-01 00:00:00;Navarra;Frutas frescas;5421.76;5421.76;5421.76;9493.02;9493.02;9493.02;1.75;1.75;1.75
52;Navarra;Frutas frescas;2685.558854361922;-2255.2546183151712;7626.372327039015;4292.3700448840955;-3508.5266749194034;12093.266764687594;3.07;1.3137507446914154;4.826249255308584
53;Navarra;Frutas frescas;2685.558854361922;-2255.51453213947;7626.632240863313;4292.3700448840955;-3515.1376368155225;12099.877726583713;3.07;0.5862884842349514;5.553711515765048
54;Navarra;Frutas frescas;2685.558854361922;-2255.7744322923168;7626.89214101616;4292.3700448840955;-3521.743005651844;12106.483095420035;3.07;0.028087059050526886;6.111912940949473
55;Navarra;Frutas frescas;2685.558854361922;-2256.0343187758704;7627.152027499715;4292.3700448840955;-3528.3427956000533;12113.082885368243;3.07;-0.44249851061716905;6.582498510617169
56;Navarra;Frutas frescas;2685.558854361922;-2256.294191592287;7627.41190031613;4292.3700448840955;-3534.937020772086;12119.677110540277;3.07;-0.8570927203033785;6.997092720303378
57;Navarra;Frutas frescas;2685.558854361922;-2256.5540507437213;7627.671759467565;4292.3700448840955;-3541.5256952204873;12126.265784988678;3.07;-1.2319145366489725;7.371914536648973
58;Navarra;Frutas frescas;2685.558854361922;-2256.8138962323296;7627.931604956173;4292.3700448840955;-3548.108832938755;12132.848922706946;3.07;-1.5765987697888986;7.716598769788899
59;Navarra;Frutas frescas;2685.558854361922;-2257.0737280602675;7628.191436784111;4292.3700448840955;-3554.686447861691;12139.426537629883;3.07;-1.897423031530098;8.037423031530098
2020-02-01 00:00:00;Pais vasco;Frutas frescas;18838.63;18838.63;18838.63;33675.75;33675.75;33675.75;1.79;1.79;1.79
52;Pais vasco;Frutas frescas;9682.573361456582;-9188.694122192823;28553.840845105988;16885.345240159426;-13612.664073070078;47383.35455338893;2.32;0.9467018498029593;3.69329815019704
53;Pais vasco;Frutas frescas;9682.573361456582;-9236.765305050625;28601.912027963786;16885.345240159426;-13665.151686067042;47435.84216638589;2.32;0.3778631308094613;4.262136869190538
54;Pais vasco;Frutas frescas;9682.573361456582;-9284.714655456804;28649.86137836997;16885.345240159426;-13717.549276681817;47488.23975700067;2.32;-0.0586221700816294;4.698622170081629
55;Pais vasco;Frutas frescas;9682.573361456582;-9332.543095065519;28697.68981797868;16885.345240159426;-13769.857306528324;47540.54778684718;2.32;-0.42659630039408114;5.066596300394081
56;Pais vasco;Frutas frescas;9682.573361456582;-9380.251533968783;28745.39825688195;16885.345240159426;-13822.076233288819;47592.76671360767;2.32;-0.750788017215299;5.390788017215298
57;Pais vasco;Frutas frescas;9682.573361456582;-9427.840870898524;28792.98759381169;16885.345240159426;-13874.206510760632;47644.896991079484;2.32;-1.0438797326907632;5.683879732690762
58;Pais vasco;Frutas frescas;9682.573361456582;-9475.31199342411;28840.45871633727;16885.345240159426;-13926.248588902203;47696.93906922106;2.32;-1.313405381366397;5.953405381366396
59;Pais vasco;Frutas frescas;9682.573361456582;-9522.665778145494;28887.81250105866;16885.345240159426;-13978.202913878336;47748.89339419719;2.32;-1.5642737383810768;6.204273738381076
2020-02-01 00:00:00;Valencia;Frutas frescas;30426.87;30426.87;30426.87;50540.89;50540.89;50540.89;1.66;1.66;1.66
52;Valencia;Frutas frescas;17588.80145455419;-16918.85416758687;52096.457076695246;28110.440211867168;-21410.883261010593;77631.76368474493;2.54;0.9051765688922213;4.174823431107779
53;Valencia;Frutas frescas;17588.80145455419;-16995.06384083141;52172.66674993979;28110.440211867168;-21490.44342000628;77711.32384374061;2.54;0.22801053164206175;4.851989468357939
54;Valencia;Frutas frescas;17588.80145455419;-17071.10594581937;52248.70885492775;28110.440211867168;-21569.876168163155;77790.75659189749;2.54;-0.2915972440827508;5.371597244082751
55;Valencia;Frutas frescas;17588.80145455419;-17146.98158305075;52324.58449215913;28110.440211867168;-21649.182115650223;77870.06253938455;2.54;-0.7296468622155574;5.8096468622155575
56;Valencia;Frutas frescas;17588.80145455419;-17222.691841032203;52400.29475014058;28110.440211867168;-21728.361867781827;77949.24229151616;2.54;-1.115576323166438;6.1955763231664385
57;Valencia;Frutas frescas;17588.80145455419;-17298.23779645921;52475.840705567585;28110.440211867168;-21807.41602507156;78028.2964488059;2.54;-1.4644832257601053;6.544483225760105
58;Valencia;Frutas frescas;17588.80145455419;-17373.620514394737;52551.223423503114;28110.440211867168;-21886.345183285393;78107.22560701973;2.54;-1.785336236212518;6.865336236212518
59;Valencia;Frutas frescas;17588.80145455419;-17448.84104844444;52626.443957552816;28110.440211867168;-21965.149933494064;78186.0303572284;2.54;-2.0839789367158765;7.163978936715877
2020-02-01 00:00:00;Nacional;Naranjas;85997.39;85997.39;85997.39;84048.65;84048.65;84048.65;0.98;0.98;0.98
2020-03-01 00:00:00;Nacional;Naranjas;85274.21511654374;77145.01194882646;93403.41828426102;85977.73030725897;77251.7905575484;94703.67005696954;0.983041614123581;0.7430566715950572;1.223026556652105
2020-04-01 00:00:00;Nacional;Naranjas;78159.11530215405;69148.063213271;87170.1673910371;91364.19294086659;81810.41198651836;100917.97389521482;0.9839667557712578;0.5895701398195232;1.3783633717229924
2020-05-01 00:00:00;Nacional;Naranjas;76672.95135562633;66912.43256595776;86433.4701452949;68195.62684564218;50956.01915897048;85435.23453231389;0.9842481481614465;0.4666623428051082;1.5018339535177847
2020-06-01 00:00:00;Nacional;Naranjas;74927.48145607219;64476.08526312424;85378.87764902014;71938.84164635184;50921.565098668274;92956.1181940354;0.9843337368682731;0.3639999590864468;1.6046675146500995
2020-07-01 00:00:00;Nacional;Naranjas;80172.88353189298;69075.7129141618;91270.05414962415;19411.24287584913;-14104.462704259546;52926.948455957805;0.9843597696502233;0.275034872247782;1.6936846670526646
2020-08-01 00:00:00;Nacional;Naranjas;75294.63566597903;63588.94454088752;87000.32679107055;69956.53051280291;25623.149611225323;114289.9114143805;0.9843676878179489;0.19576143241380717;1.7729739432220906
2020-09-01 00:00:00;Nacional;Naranjas;73969.38800997296;61687.399197377454;86251.37682256846;-7871.130261109138;-75207.62101170517;59465.36048948689;0.9843700962190276;0.12367918325769534;1.8450610091803599
2020-10-01 00:00:00;Nacional;Naranjas;73807.06369720866;60978.19906879048;86635.92832562685;127968.4882174857;34688.68025861941;221248.296176352;0.9843708287617012;0.05716118126062186;1.9115804762627806
2020-11-01 00:00:00;Nacional;Naranjas;76572.42367150773;63225.72493135255;89919.1224116629;-39139.50671935591;-177401.49808211013;99122.48464339832;0.9843710515729155;-0.004900770900470697;1.9736428740463017
2020-02-01 00:00:00;Andalucia;Naranjas;13370.02;13370.02;13370.02;13001.87;13001.87;13001.87;0.97;0.97;0.97
2020-03-01 00:00:00;Andalucia;Naranjas;13171.2431057658;11236.316192035234;15106.170019496365;12830.126239025121;11174.50505248585;14485.747425564392;0.9721800741225202;0.7078272422127656;1.2365329060322747
2020-04-01 00:00:00;Andalucia;Naranjas;13250.078800267738;10384.934734857681;16115.222865677795;12916.467785410237;11172.714236275813;14660.221334544662;0.9726553464404883;0.5560549042693985;1.3892557886115782
2020-05-01 00:00:00;Andalucia;Naranjas;12674.589367365395;9243.247515273066;16105.931219457725;11209.390560536693;8255.782784016252;14162.998337057134;0.9727589593286436;0.43845748082125413;1.5070604378360333
2020-06-01 00:00:00;Andalucia;Naranjas;12441.905129538054;8423.226390884269;16460.58386819184;8945.775665478275;5625.625643942452;12265.925687014098;0.9727815477062663;0.3409268254747452;1.6046362699377874
2020-02-01 00:00:00;Aragon;Naranjas;2297.13;2297.13;2297.13;2219.57;2219.57;2219.57;0.97;0.97;0.97
2020-03-01 00:00:00;Aragon;Naranjas;2604.685075876343;1836.714276417079;3372.655875335607;2586.9527107775157;2052.285561553904;3121.6198600011276;0.9727831925492492;0.7008876527710259;1.2446787323274724
2020-04-01 00:00:00;Aragon;Naranjas;2196.717415516247;1140.6690824090188;3252.7657486234752;2259.6094755687036;1692.6655679343608;2826.5533832030465;0.9729381157645731;0.5775730017061897;1.3683032298229565
2020-05-01 00:00:00;Aragon;Naranjas;2256.241291600079;956.1910353948886;3556.291547805269;2033.7781784955694;1388.6647437935376;2678.891613197601;0.972946739387345;0.48388202556580134;1.4620114532088886
2020-06-01 00:00:00;Aragon;Naranjas;1914.156661957818;425.6804620531318;3402.632861862504;1554.375198106243;852.894762614099;2255.855633598387;0.972947219411398;0.40542451793780465;1.5404699208849912
2020-02-01 00:00:00;Asturias;Naranjas;2708.88;2708.88;2708.88;2652.61;2652.61;2652.61;0.98;0.98;0.98
2020-03-01 00:00:00;Asturias;Naranjas;3026.876588119459;2381.8329957977635;3671.9201804411546;3358.4188239066993;3009.6632403158683;3707.1744074975304;0.9825994162714278;0.6874951077381646;1.277703724804691
2020-04-01 00:00:00;Asturias;Naranjas;2893.2168427011334;1813.8250494674905;3972.6086359347764;2431.6816151005823;2000.3114811634928;2863.051749037672;0.9828246484364999;0.5470282023329516;1.4186210945400481
2020-05-01 00:00:00;Asturias;Naranjas;3032.134663791276;1555.4448681014944;4508.824459481058;2583.8674638258976;2076.520181693925;3091.21474595787;0.9828441641749911;0.44046386330230336;1.5252244650476787
2020-06-01 00:00:00;Asturias;Naranjas;2676.360985498978;834.2374630046615;4518.484507993295;1793.2837219616715;1220.7494369386977;2365.8180069846453;0.9828458551592638;0.35153115710331273;1.614160553215215
2020-02-01 00:00:00;Baleares;Naranjas;1880.33;1880.33;1880.33;1821.92;1821.92;1821.92;0.97;0.97;0.97
2020-03-01 00:00:00;Baleares;Naranjas;2087.733045034656;1613.3436373386162;2562.1224527306954;1877.580103050952;1333.937217643364;2421.22298845854;0.9635393490018661;0.6887256129360557;1.2383530850676765
2020-04-01 00:00:00;Baleares;Naranjas;2179.011395995254;1371.9665735943258;2986.0562183961824;2009.821659848349;1373.2159893633525;2646.4273303333457;0.962495848718874;0.5412932492240963;1.3836984482136516
2020-05-01 00:00:00;Baleares;Naranjas;2196.9867020471606;1100.6477611707262;3293.3256429235953;2108.552818584672;1349.8716678411495;2867.2339693281947;0.9623273064402523;0.42947751779435317;1.4951770950861514
2020-06-01 00:00:00;Baleares;Naranjas;1911.4927281840464;562.1032278378682;3260.882228530225;1447.39414389911;598.2108648267798;2296.5774229714402;0.9623000841192372;0.33683758238662775;1.5877625858518467
2020-02-01 00:00:00;Canarias;Naranjas;2631.01;2631.01;2631.01;2638.38;2638.38;2638.38;1.0;1.0;1.0
2020-03-01 00:00:00;Canarias;Naranjas;2665.251059874708;1747.6306666121384;3582.871453137278;2938.1787175531535;1729.737240033286;4146.620195073021;1.0102502406159768;0.7135666493864072;1.3069338318455463
2020-04-01 00:00:00;Canarias;Naranjas;2346.9311585184028;1011.9654514479273;3681.8968655888784;2349.984291319056;14.963092899313779;4685.005489738798;1.0137524883721576;0.5172978215497519;1.5102071551945633
2020-05-01 00:00:00;Canarias;Naranjas;2568.7899638244353;955.1407145299204;4182.439213118951;2658.5447687057804;-772.46841454379;6089.55795195535;1.0149491177787449;0.356400488887753;1.6734977466697367
2020-06-01 00:00:00;Canarias;Naranjas;2801.4093199662384;921.6389874466183;4681.179652485858;2618.2708852399937;-1842.625033000575;7079.1668034805625;1.015357975756934;0.22082271941019838;1.8098932321036696
2020-02-01 00:00:00;Cantabria;Naranjas;1399.09;1399.09;1399.09;1532.15;1532.15;1532.15;1.1;1.1;1.1
2020-03-01 00:00:00;Cantabria;Naranjas;1523.6487307226046;1142.5184244189338;1904.7790370262753;1202.2007315580938;575.5706575290296;1828.830805587158;1.1040744625036527;0.8565308194049426;1.3516181056023628
2020-04-01 00:00:00;Cantabria;Naranjas;1542.4890926763894;930.0948054107299;2154.883379942049;1212.7068662149306;520.3668187419213;1905.04691368794;1.1043511499152139;0.7421899039043274;1.4665123959261004
2020-05-01 00:00:00;Cantabria;Naranjas;1596.7783716114097;779.8908414074722;2413.6659018153473;1220.5568039210657;432.21283525415663;2008.9007725879746;1.1043699391232746;0.6553170210729373;1.553422857173612
2020-06-01 00:00:00;Cantabria;Naranjas;1632.3788767066894;631.0965355835176;2633.661217829861;1088.965635230071;222.31257090854058;1955.6186995516014;1.1043712150553366;0.5826649315428325;1.6260774985678408
2020-02-01 00:00:00;Castilla la mancha;Naranjas;4048.97;4048.97;4048.97;3670.47;3670.47;3670.47;0.91;0.91;0.91
2020-03-01 00:00:00;Castilla la mancha;Naranjas;3777.3084908947812;2631.749952276968;4922.867029512594;3683.0744830653516;2607.677887893133;4758.47107823757;0.9031125828227496;0.6280083265166029;1.1782168391288965
2020-04-01 00:00:00;Castilla la mancha;Naranjas;4098.207838892475;2382.3912454510373;5814.024432333912;4261.339867748075;3025.6965258664154;5496.983209629736;0.9015313656436335;0.46552206890515657;1.3375406623821102
2020-05-01 00:00:00;Castilla la mancha;Naranjas;3416.2625518055506;1356.4184214171332;5476.106682193968;3282.472068486697;1897.1795341953107;4667.764602778083;0.9011683488982866;0.3403245876786448;1.4620121101179282
2020-06-01 00:00:00;Castilla la mancha;Naranjas;3187.914875309941;774.9145040202134;5600.9152465996685;2033.6814065706924;513.6148029750138;3553.748010166371;0.9010850073060355;0.23674544137822284;1.565424573233848
2020-02-01 00:00:00;Castilla leon;Naranjas;5205.13;5205.13;5205.13;4592.85;4592.85;4592.85;0.88;0.88;0.88
2020-03-01 00:00:00;Castilla leon;Naranjas;5681.137789246308;4202.193028379839;7160.0825501127765;5217.900437679297;3779.1665396028516;6656.634335755743;0.8604153802978403;0.6334137840354687;1.087416976560212
2020-04-01 00:00:00;Castilla leon;Naranjas;4789.77345259888;2801.551510937247;6777.995394260513;4718.782716056944;3173.089914205638;6264.47551790825;0.8540227581498698;0.47694281199461724;1.2311027043051224
2020-05-01 00:00:00;Castilla leon;Naranjas;5227.258559837026;2774.884712883235;7679.632406790817;4503.071786528417;2872.4063811136757;6133.737191943158;0.8519361402554098;0.35394194366414433;1.349930336846675
2020-06-01 00:00:00;Castilla leon;Naranjas;3759.531802382424;968.7230204198258;6550.340584345022;2312.2159707411474;601.2242635506618;4023.207677931633;0.8512550466232978;0.2520845207916085;1.450425572454987
2020-02-01 00:00:00;Cataluña;Naranjas;14348.52;14348.52;14348.52;14675.33;14675.33;14675.33;1.02;1.02;1.02
2020-03-01 00:00:00;Cataluña;Naranjas;14545.05839634879;12510.893484299788;16579.22330839779;17322.664617904506;15869.67882476507;18775.650411043942;1.0281268436578026;0.7822029729531084;1.2740507143624968
2020-04-01 00:00:00;Cataluña;Naranjas;14564.953904298662;11476.827225348981;17653.080583248342;16305.906933017568;13198.053464936474;19413.76040109866;1.0303283632524147;0.6326326182333311;1.4280241082714984
2020-05-01 00:00:00;Cataluña;Naranjas;13923.475922557398;10235.729934675255;17611.22191043954;14755.251641180914;9768.210746639896;19742.292535721932;1.0309247434375814;0.5137673088260598;1.548082178049103
2020-06-01 00:00:00;Cataluña;Naranjas;13655.819079618179;9322.992467312202;17988.645691924154;10610.26528696628;3599.6655632647553;17620.865010667803;1.0310862997217636;0.4146465208319582;1.6475260786115689
2020-02-01 00:00:00;Extremadura;Naranjas;1918.49;1918.49;1918.49;1858.25;1858.25;1858.25;0.97;0.97;0.97
2020-03-01 00:00:00;Extremadura;Naranjas;2126.5420966202864;1420.5011101866025;2832.5830830539703;2227.115827663708;1196.253490423005;3257.9781649044107;0.9670113438045879;0.699090692039543;1.2349319955696327
2020-04-01 00:00:00;Extremadura;Naranjas;1740.39888762301;680.9564466671982;2799.841328578822;1229.8764970496088;-84.83959345254948;2544.592587551767;0.9665647405118691;0.5583750068796969;1.3747544741440414
2020-05-01 00:00:00;Extremadura;Naranjas;1403.3727046122958;127.46131764223219;2679.2840915823595;921.0285866770719;-552.1820783471496;2394.239251701293;0.9664980033269853;0.4515447353616828;1.4814512712922878
2020-06-01 00:00:00;Extremadura;Naranjas;1299.5676394018542;-194.72309706528563;2793.858375868994;421.54169486244103;-1166.3944547903438;2009.477844515226;0.966488030601932;0.362917811573525;1.570058249630339
2020-02-01 00:00:00;Galicia;Naranjas;5209.94;5209.94;5209.94;5043.38;5043.38;5043.38;0.97;0.97;0.97
2020-03-01 00:00:00;Galicia;Naranjas;5191.787414056241;4158.432410174387;6225.142417938095;5850.888875718984;4994.8700089775475;6706.907742460421;0.9673390789119596;0.7261202974304142;1.208557860393505
2020-04-01 00:00:00;Galicia;Naranjas;4854.457336325543;3175.5519153274054;6533.362757323681;4829.239811557745;3862.4511405485146;5796.028482566976;0.9669850538601207;0.6024498104955864;1.331520297224655
2020-05-01 00:00:00;Galicia;Naranjas;4551.347179929676;2540.2577408917764;6562.436618967575;4526.227546801461;3444.133230045515;5608.321863557408;0.9669379522238141;0.5087484342022948;1.4251274702453334
2020-06-01 00:00:00;Galicia;Naranjas;4387.284667910549;2017.4930403018038;6757.076295519293;3457.040620236235;2271.829254401004;4642.251986071466;0.9669316855369476;0.4309232612903948;1.5029401097835005
2020-02-01 00:00:00;La rioja;Naranjas;541.04;541.04;541.04;556.68;556.68;556.68;1.03;1.03;1.03
2020-03-01 00:00:00;La rioja;Naranjas;624.2018376634028;420.94352559312085;827.4601497336847;706.9788713649185;55.83831453798757;1358.1194281918495;1.0123435843054083;0.5012363489353724;1.5234508196754442
2020-04-01 00:00:00;La rioja;Naranjas;690.0529840923883;360.8975650131387;1019.2084031716379;816.4903929138344;25.802837287579905;1607.177948540089;1.0158074622518551;0.3600501589186077;1.6715647655851025
2020-05-01 00:00:00;La rioja;Naranjas;616.6019685669919;194.9674955736266;1038.2364415603572;715.9668022065796;-122.77157893933497;1554.7051833524943;1.0151279103747686;0.23068225022143296;1.7995735705281042
2020-06-01 00:00:00;La rioja;Naranjas;588.5548794018399;91.15073924308984;1085.95901956059;703.8672156755127;-151.96824807582937;1559.702679426855;1.015261226490634;0.12229737268987739;1.9082250802913907
2020-02-01 00:00:00;Madrid;Naranjas;13182.72;13182.72;13182.72;12589.78;12589.78;12589.78;0.96;0.96;0.96
2020-03-01 00:00:00;Madrid;Naranjas;12870.600031122298;11122.013560934502;14619.186501310094;12922.8187926141;10453.09674174556;15392.54084348264;0.9682440476189708;0.7242134510758137;1.212274644162128
2020-04-01 00:00:00;Madrid;Naranjas;12678.158756852145;9986.12380518265;15370.19370852164;12359.815801956796;9917.599371631517;14802.032232282076;0.9705095249904326;0.5751258020454502;1.3658932479354151
2020-05-01 00:00:00;Madrid;Naranjas;12460.264679796597;9246.338433133471;15674.190926459723;11903.497202627366;9297.93857499911;14509.055830255622;0.9711320817681004;0.4564371060612894;1.4858270574749115
2020-06-01 00:00:00;Madrid;Naranjas;12156.119856569481;8376.836406621776;15935.403306517186;7933.238841482821;5218.544377015662;10647.93330594998;0.9713031613587872;0.35741667124601206;1.5851896514715624
2020-02-01 00:00:00;Murcia;Naranjas;2802.18;2802.18;2802.18;2854.0;2854.0;2854.0;1.02;1.02;1.02
2020-03-01 00:00:00;Murcia;Naranjas;2760.1692339701067;1791.3135811345041;3729.0248868057092;2168.7270175908307;-825.6014062552663;5163.055441436927;1.0205870178739418;0.7307407407076689;1.3104332950402147
2020-04-01 00:00:00;Murcia;Naranjas;2583.539560025567;1084.400479118912;4082.678640932222;2558.176583020392;-300.6342937894706;5416.987459830255;1.0206214768723745;0.5985143843012716;1.4427285694434775
2020-05-01 00:00:00;Murcia;Naranjas;2302.723936685265;348.8930281649557;4256.554845205575;3320.687150630527;435.9697414270954;6205.404559833958;1.0206234996771744;0.498175509979375;1.5430714893749737
2020-06-01 00:00:00;Murcia;Naranjas;2597.665821182566;235.4845016604586;4959.847140704674;2010.1009865200097;-870.8813536979412;4891.08332673796;1.0206236184194317;0.41418688678234306;1.6270603500565204
2020-02-01 00:00:00;Navarra;Naranjas;1836.91;1836.91;1836.91;2000.4;2000.4;2000.4;1.09;1.09;1.09
2020-03-01 00:00:00;Navarra;Naranjas;2042.430403600097;1568.6807148470543;2516.1800923531396;1412.8591140318877;893.7736394685538;1931.9445885952214;1.0790617995521514;0.7667592498991442;1.3913643492051586
2020-04-01 00:00:00;Navarra;Naranjas;2385.916229357519;1574.6822519145644;3197.150206800474;1675.9478700079721;1142.2174290207379;2209.6783109952066;1.0807710028241833;0.6721559440859488;1.4893860615624177
2020-05-01 00:00:00;Navarra;Naranjas;2533.264506893479;1388.2205479583024;3678.3084658286552;1364.203423779798;659.0413477257674;2069.3654998338284;1.0805039227099493;0.5901198926735782;1.5708879527463204
2020-06-01 00:00:00;Navarra;Naranjas;2872.062640138338;1395.7863152667821;4348.338965009893;1443.3893393488572;715.8958952613757;2170.8827834363387;1.08054565665031;0.5207760496369291;1.6403152636636908
2020-02-01 00:00:00;Pais vasco;Naranjas;5291.02;5291.02;5291.02;5726.95;5726.95;5726.95;1.08;1.08;1.08
2020-03-01 00:00:00;Pais vasco;Naranjas;5658.001443142729;4605.698412560632;6710.304473724826;6888.389364336765;5468.625818653386;8308.152910020144;1.0867826951765291;0.8482615676415277;1.3253038227115306
2020-04-01 00:00:00;Pais vasco;Naranjas;5544.969552624606;3600.5792560643945;7489.359849184817;7190.000239994017;4184.752788076108;10195.247691911925;1.0890829428694146;0.6904398556777989;1.4877260300610304
2020-05-01 00:00:00;Pais vasco;Naranjas;5373.126156820965;2603.291157983638;8142.961155658291;7168.272940745687;2391.8187017605705;11944.727179730804;1.0898630368159825;0.5614525547721568;1.6182735188598083
2020-06-01 00:00:00;Pais vasco;Naranjas;5202.177575658418;1684.5923354134338;8719.762815903403;6639.81152460024;-14.729388611701324;13294.35243781218;1.0901275937884138;0.4528998314485676;1.72735535612826
2020-02-01 00:00:00;Valencia;Naranjas;7326.03;7326.03;7326.03;6614.05;6614.05;6614.05;0.9;0.9;0.9
2020-03-01 00:00:00;Valencia;Naranjas;8065.5509643103505;6670.6916991999315;9460.41022942077;9326.922034330153;8447.41453230221;10206.429536358097;0.8971570282819795;0.6331356292569282;1.1611784273070307
2020-04-01 00:00:00;Valencia;Naranjas;7433.362698822035;5094.659252018435;9772.066145625635;8221.238507593685;6824.730645004326;9617.746370183044;0.896348779463033;0.466600180271085;1.326097378654981
2020-05-01 00:00:00;Valencia;Naranjas;6836.172664496656;4031.1570874913227;9641.188241501988;7955.721506974665;6157.625848902692;9753.81716504664;0.8961189966096942;0.3352380208907374;1.456999972328651
2020-06-01 00:00:00;Valencia;Naranjas;6245.3977338782515;2939.8529262890897;9550.942541467413;5832.2631210111085;3701.181440323745;7963.344801698472;0.8960536699943613;0.2260528752956703;1.5660544646930523
2020-02-01 00:00:00;Nacional;Mandarinas;38020.65;38020.65;38020.65;66810.21;66810.21;66810.21;1.76;1.76;1.76
2020-03-01 00:00:00;Nacional;Mandarinas;38020.65;19392.574786889334;56648.725213110665;67240.77741200259;60250.18144041536;74231.3733835898;1.7934274122357277;1.5178741349344231;2.068980689537032
2020-04-01 00:00:00;Nacional;Mandarinas;38020.65;11676.573392712813;64364.726607287186;67288.0909639185;57848.85290373246;76727.32902410453;1.6738577069072866;1.2940566101994557;2.0536588036151175
2020-05-01 00:00:00;Nacional;Mandarinas;38020.65;5755.877283677884;70285.42271632212;66102.22747519973;54434.59579048373;77769.85915991574;1.7455279412734215;1.3651779293319035;2.1258779532149394
2020-06-01 00:00:00;Nacional;Mandarinas;38020.65;764.4995737786667;75276.80042622134;66806.81063377297;53318.208672153574;80295.41259539236;1.8172567038461982;1.4363532213386399;2.1981601863537565
2020-07-01 00:00:00;Nacional;Mandarinas;38020.65;-3632.992466494332;79674.29246649434;66336.13073374986;51225.86730672249;81446.39416077723;1.7150680795396627;1.3336065390785987;2.0965296200007266
2020-08-01 00:00:00;Nacional;Mandarinas;38020.65;-7608.6291623081415;83649.92916230814;65936.37632580324;49366.367636231626;82506.38501537486;1.513523580892038;1.1314993625916214;1.8955477991924545
2020-09-01 00:00:00;Nacional;Mandarinas;38020.65;-11264.604417697352;87305.90441769735;66296.97550092639;48384.418115754015;84209.53288609876;1.5953711304539613;1.2127795818401006;1.977962679067822
2020-10-01 00:00:00;Nacional;Mandarinas;38020.65;-14667.503214574375;90708.80321457438;72682.43279906675;53521.508252650005;91843.3573454835;1.7369273378239765;1.3537637736797574;2.1200909019681955
2020-11-01 00:00:00;Nacional;Mandarinas;38020.65;-17863.575639331997;93904.87563933199;76413.63122884887;56080.73208156461;96746.53037613313;1.8338067691288713;1.4500664713400733;2.2175470669176693
2020-02-01 00:00:00;Andalucia;Mandarinas;5624.6;5624.6;5624.6;9535.25;9535.25;9535.25;1.7;1.7;1.7
2020-03-01 00:00:00;Andalucia;Mandarinas;5624.6;2552.030734383164;8697.169265616836;9681.25390511494;7045.8781023728725;12316.629707857006;1.7160141079330267;1.4538687642590955;1.9781594516069578
2020-04-01 00:00:00;Andalucia;Mandarinas;5624.6;1279.3308732339292;9969.869126766072;8769.43350158675;4483.967251684528;13054.89975148897;1.71786856552283;1.3449214540276628;2.0908156770179973
2020-05-01 00:00:00;Andalucia;Mandarinas;5624.6;302.75392217704666;10946.446077822955;8345.738477242703;3026.479036074935;13664.99791841047;1.5856712450486563;1.2124054794371921;1.9589370106601205
2020-06-01 00:00:00;Andalucia;Mandarinas;5624.6;-520.5385312336721;11769.738531233674;8193.053231315087;2104.1724075406264;14281.934055089547;1.5586438501390067;1.1850511833096609;1.9322365169683526
2020-02-01 00:00:00;Aragon;Mandarinas;1378.83;1378.83;1378.83;2259.93;2259.93;2259.93;1.64;1.64;1.64
2020-03-01 00:00:00;Aragon;Mandarinas;1378.83;607.857388813165;2149.802611186835;2077.5075450155073;1431.7414321691197;2723.273657861895;1.5991625669907763;1.268534266490314;1.9297908674912385
2020-04-01 00:00:00;Aragon;Mandarinas;1378.83;288.5100770413792;2469.1499229586207;1783.4350872831378;407.4589150003799;3159.4112595658958;1.4842434765933685;1.0791570369444559;1.8893299162422812
2020-05-01 00:00:00;Aragon;Mandarinas;1378.83;43.4662661803568;2714.193733819643;1539.822862977414;-481.58774450078226;3561.23347045561;1.567017435265894;1.1620440908215004;1.9719907797102878
2020-06-01 00:00:00;Aragon;Mandarinas;1378.83;-163.1152223736699;2920.7752223736697;1279.036223729829;-1242.341002003141;3800.4134494627992;1.5148045260010032;1.1099440865020682;1.9196649654999383
2020-02-01 00:00:00;Asturias;Mandarinas;1159.04;1159.04;1159.04;2170.8;2170.8;2170.8;1.87;1.87;1.87
2020-03-01 00:00:00;Asturias;Mandarinas;1159.04;638.9052148633489;1679.174785136651;2273.5380405403735;1677.3540011327384;2869.7220799480083;1.7459607867533211;0.9043584005362557;2.5875631729703867
2020-04-01 00:00:00;Asturias;Mandarinas;1159.04;423.45833259773224;1894.6216674022676;2263.975030761972;1166.7070278904566;3361.2430336334874;1.7530254359736521;0.911446535041207;2.594604336906097
2020-05-01 00:00:00;Asturias;Mandarinas;1159.04;258.140125359399;2059.939874640601;2123.072074313069;576.5837694966344;3669.560379129504;1.7457612300807503;0.9037491952603113;2.5877732649011893
2020-06-01 00:00:00;Asturias;Mandarinas;1159.04;118.77042972669778;2199.309570273302;1946.5083424727711;3.047225684549403;3889.969459260993;1.7544248468915211;0.9119730956356573;2.596876598147385
2020-02-01 00:00:00;Baleares;Mandarinas;778.29;778.29;778.29;1355.73;1355.73;1355.73;1.74;1.74;1.74
2020-03-01 00:00:00;Baleares;Mandarinas;778.29;400.2469159680059;1156.333084031994;1565.6215635308472;1091.0874504256474;2040.155676636047;1.4835372704169094;0.6980440090376926;2.269030531796126
2020-04-01 00:00:00;Baleares;Mandarinas;778.29;243.65634340060228;1312.9236565993976;1589.9410424465002;723.9510581165772;2455.931026776423;1.6396035893680605;0.5353307044659006;2.7438764742702206
2020-05-01 00:00:00;Baleares;Mandarinas;778.29;123.50017100655566;1433.0798289934442;1793.110777546414;658.0102660027067;2928.2112890901217;1.4170235179101915;0.31322639981035705;2.520820636010026
2020-06-01 00:00:00;Baleares;Mandarinas;778.29;22.203831936011852;1534.3761680639882;1817.7227246070147;497.34104831376453;3138.104400900265;1.1845237586017046;0.08119268578695626;2.287854831416453
2020-02-01 00:00:00;Canarias;Mandarinas;1742.3;1742.3;1742.3;3072.5;3072.5;3072.5;1.76;1.76;1.76
2020-03-01 00:00:00;Canarias;Mandarinas;1742.3;1107.6533655408375;2376.9466344591624;3325.687519044474;2354.938585447625;4296.436452641323;1.806019325986598;1.3976431281867876;2.2143955237864086
2020-04-01 00:00:00;Canarias;Mandarinas;1742.3;844.7741222334122;2639.825877766588;3323.057450222418;1640.5082013019016;5005.606699142934;1.7396262972726368;1.2460335435231276;2.233219051022146
2020-05-01 00:00:00;Canarias;Mandarinas;1742.3;643.0597842641373;2841.5402157358626;2819.276617857291;646.2938931191547;4992.259342595427;1.6144904781054175;1.1207576277959244;2.1082233284149106
2020-06-01 00:00:00;Canarias;Mandarinas;1742.3;473.00673108167484;3011.593268918325;2614.8369150205335;79.5477910373088;5150.126039003759;1.6642223637592701;1.1703480082325337;2.1580967192860063
2020-02-01 00:00:00;Cantabria;Mandarinas;461.94;461.94;461.94;793.97;793.97;793.97;1.72;1.72;1.72
2020-03-01 00:00:00;Cantabria;Mandarinas;461.94;222.50690631915185;701.3730936808481;823.3344722199737;586.9691378498078;1059.6998065901396;1.769362999277477;1.23772499330135;2.301001005253604
2020-04-01 00:00:00;Cantabria;Mandarinas;461.94;123.33047163559678;800.5495283644032;871.9371859090558;451.9069162792724;1291.9674555388392;1.6952102117114654;1.1483652031568403;2.2420552202660904
2020-05-01 00:00:00;Cantabria;Mandarinas;461.94;47.22971673137232;876.6502832686276;998.4261292162172;412.47013558762274;1584.3821228448116;1.7196010510936086;1.1727824257382897;2.2664196764489275
2020-06-01 00:00:00;Cantabria;Mandarinas;461.94;-16.926187361696293;940.8061873616963;1087.358090823228;353.5618861729537;1821.1542954735023;1.6593814905923552;1.1125892390935934;2.206173742091117
2020-02-01 00:00:00;Castilla la mancha;Mandarinas;1742.53;1742.53;1742.53;2882.76;2882.76;2882.76;1.65;1.65;1.65
2020-03-01 00:00:00;Castilla la mancha;Mandarinas;1742.53;618.6847082098363;2866.375291790164;2293.7683724078192;1091.876117172439;3495.6606276431994;1.6061447241486442;1.0542040526873258;2.1580853956099624
2020-04-01 00:00:00;Castilla la mancha;Mandarinas;1742.53;153.17274634120213;3331.887253658798;1805.565411746992;-358.07905525680894;3969.209878750793;1.5605769543845636;0.8957486399781388;2.2254052687909884
2020-05-01 00:00:00;Castilla la mancha;Mandarinas;1742.53;-204.02714522763358;3689.0871452276333;1705.1068412699099;-1233.512721647807;4643.726404187627;1.5733718350485835;0.9087276387569565;2.2380160313402104
2020-06-01 00:00:00;Castilla la mancha;Mandarinas;1742.53;-505.1605835803273;3990.220583580327;1337.167567925302;-2234.0194108233654;4908.35454667397;1.6061672542843215;0.9417068789006413;2.2706276296680015
2020-02-01 00:00:00;Castilla leon;Mandarinas;1848.24;1848.24;1848.24;3038.44;3038.44;3038.44;1.64;1.64;1.64
2020-03-01 00:00:00;Castilla leon;Mandarinas;1848.24;764.221248527039;2932.258751472961;2639.9363410000333;1498.2992162049254;3781.573465795141;1.6666822850338634;0.977010977113169;2.356353592954558
2020-04-01 00:00:00;Castilla leon;Mandarinas;1848.24;315.2059798001892;3381.274020199811;2279.195832536928;405.33647799914706;4153.055187074709;1.595934546835185;0.8279661982297748;2.3639028954405954
2020-05-01 00:00:00;Castilla leon;Mandarinas;1848.24;-29.33555390854781;3725.815553908548;1913.9803571211542;-684.3216155194336;4512.2823297617415;1.6942630723976124;0.9264411002869324;2.4620850445082922
2020-06-01 00:00:00;Castilla leon;Mandarinas;1848.24;-319.7975029459219;4016.2775029459217;1561.0182766846456;-1692.4593336682988;4814.49588703759;1.7476249339106225;0.9799491681963481;2.5153006996248966
2020-02-01 00:00:00;Cataluña;Mandarinas;7522.85;7522.85;7522.85;13630.69;13630.69;13630.69;1.81;1.81;1.81
2020-03-01 00:00:00;Cataluña;Mandarinas;7522.85;4014.5521608800495;11031.14783911995;15128.309619725733;12091.301134412668;18165.318105038798;1.753157257014982;1.53825637474311;1.9680581392868541
2020-04-01 00:00:00;Cataluña;Mandarinas;7522.85;2561.367615072343;12484.332384927657;13621.873747273612;9689.133745250585;17554.61374929664;1.7435391282687451;1.4395163775795519;2.0475618789579384
2020-05-01 00:00:00;Cataluña;Mandarinas;7522.85;1446.299894560143;13599.400105439858;13941.991387600194;8474.9424110414;19409.040364158987;1.710269763499518;1.4062099254407383;2.014329601558298
2020-06-01 00:00:00;Cataluña;Mandarinas;7522.85;506.2543217600987;14539.445678239903;12860.356157293714;6444.805557879501;19275.906756707926;1.6370346226631087;1.332937558756814;1.9411316865694035
2020-02-01 00:00:00;Extremadura;Mandarinas;648.81;648.81;648.81;1011.35;1011.35;1011.35;1.56;1.56;1.56
2020-03-01 00:00:00;Extremadura;Mandarinas;648.81;195.89748543774084;1101.722514562259;701.217298018591;282.247113963413;1120.187482073769;1.5558784215271988;0.7114164417315602;2.4003404013228375
2020-04-01 00:00:00;Extremadura;Mandarinas;648.81;8.29497933755124;1289.3250206624487;609.9234844158266;-300.25913954774364;1520.1061083793968;1.5334919309994974;0.5142584282679645;2.5527254337310303
2020-05-01 00:00:00;Extremadura;Mandarinas;648.81;-135.65748660561178;1433.2774866056116;658.726620620882;-718.9573503690464;2036.4105916108106;1.5254553569147906;0.5060984161430677;2.5448122976865135
2020-06-01 00:00:00;Extremadura;Mandarinas;648.81;-257.01502912451826;1554.635029124518;776.5472479144992;-998.2083533650402;2551.3028491940386;1.7076674433294128;0.6881841475070538;2.7271507391517718
2020-02-01 00:00:00;Galicia;Mandarinas;2179.22;2179.22;2179.22;4176.37;4176.37;4176.37;1.92;1.92;1.92
2020-03-01 00:00:00;Galicia;Mandarinas;2179.22;1017.6435419671247;3340.796458032875;3544.0382534835967;2178.40111896488;4909.675388002313;1.856965546450391;1.487331426014633;2.2265996668861487
2020-04-01 00:00:00;Galicia;Mandarinas;2179.22;536.5028193166056;3821.937180683394;3405.933978462676;1063.9715753652908;5747.896381560061;1.7871420147329031;1.3581313396884513;2.216152689777355
2020-05-01 00:00:00;Galicia;Mandarinas;2179.22;167.31055781116265;4191.129442188837;3120.0265155318734;-22.450729487577973;6262.503760551324;1.8503444726000369;1.4204391532996061;2.2802497919004674
2020-06-01 00:00:00;Galicia;Mandarinas;2179.22;-143.9329160657503;4502.372916065749;2763.88065287357;-1051.5525080086595;6579.3138137558;1.893715698896813;1.4629050019574938;2.324526395836132
2020-02-01 00:00:00;La rioja;Mandarinas;275.83;275.83;275.83;487.73;487.73;487.73;1.77;1.77;1.77
2020-03-01 00:00:00;La rioja;Mandarinas;275.83;104.04971198748311;447.6102880125169;558.8695553165443;341.9625777498211;775.7765328832675;1.7886113741033942;1.2394330021485853;2.337789746058203
2020-04-01 00:00:00;La rioja;Mandarinas;275.83;32.895986944342184;518.7640130556578;532.9223032593172;230.85216980657572;834.9924367120587;1.7212128093543757;1.1281824699307463;2.3142431487780053
2020-05-01 00:00:00;La rioja;Mandarinas;275.83;-21.702186576494228;573.3621865764942;547.5812304255384;134.6230718534802;960.5393889975965;1.86704328779027;1.2736196058377027;2.4604669697428374
2020-06-01 00:00:00;La rioja;Mandarinas;275.83;-67.73057602503377;619.3905760250337;429.41107063357174;-67.95489524788337;926.7770365150268;1.783348668738598;1.1895300075068835;2.3771673299703124
2020-02-01 00:00:00;Madrid;Mandarinas;6077.31;6077.31;6077.31;10883.7;10883.7;10883.7;1.79;1.79;1.79
2020-03-01 00:00:00;Madrid;Mandarinas;6077.31;3226.9588578557614;8927.66114214424;10869.768336128725;8671.847402500056;13067.689269757395;1.8848237363733353;1.686924102697407;2.082723370049264
2020-04-01 00:00:00;Madrid;Mandarinas;6077.31;2046.3047572539758;10108.315242746025;10036.417830727536;6052.244030712685;14020.591630742387;1.8013236422303178;1.5200140246749227;2.082633259785713
2020-05-01 00:00:00;Madrid;Mandarinas;6077.31;1140.3570023941993;11014.262997605802;9402.914728397633;3864.7433050313057;14941.08615176396;1.7424912177738843;1.4609769696623052;2.0240054658854634
2020-06-01 00:00:00;Madrid;Mandarinas;6077.31;376.60771571152236;11778.012284288478;8831.108614899897;1947.5014018388501;15714.715827960943;1.6237898832513222;1.3420663773331396;1.9055133891695049
2020-02-01 00:00:00;Murcia;Mandarinas;714.13;714.13;714.13;1199.13;1199.13;1199.13;1.68;1.68;1.68
2020-03-01 00:00:00;Murcia;Mandarinas;714.13;222.16011884165738;1206.0998811583427;939.061731989872;441.2039344063314;1436.9195295734125;1.6916527732085493;1.0031735884737076;2.380131957943391
2020-04-01 00:00:00;Murcia;Mandarinas;714.13;18.379521786792225;1409.8804782132079;848.4985781116906;7.662161148721225;1689.33499507466;1.6532480855208582;0.9442114130596272;2.3622847579820894
2020-05-01 00:00:00;Murcia;Mandarinas;714.13;-137.9868299598719;1566.2468299598718;787.282027324367;-325.5032160292716;1900.0672706780056;1.605836087115244;0.8967171381127913;2.3149550361176967
2020-06-01 00:00:00;Murcia;Mandarinas;714.13;-269.80976231668524;1698.0697623166852;614.9292119506708;-722.8293752682548;1952.6877991695965;1.3541525565729844;0.6449508683281941;2.0633542448177744
2020-02-01 00:00:00;Navarra;Mandarinas;831.95;831.95;831.95;1532.56;1532.56;1532.56;1.84;1.84;1.84
2020-03-01 00:00:00;Navarra;Mandarinas;831.95;511.18558827539056;1152.7144117246096;1746.0085574610296;1380.2178521593994;2111.79926276266;1.6943489834058436;1.0905263183940384;2.298171648417649
2020-04-01 00:00:00;Navarra;Mandarinas;831.95;378.3206186124299;1285.5793813875703;1997.1750951783367;1337.5740920160138;2656.7760983406597;1.664433607007711;1.0338830976414333;2.294984116373989
2020-05-01 00:00:00;Navarra;Mandarinas;831.95;276.3697416330343;1387.5302583669659;2184.6949808690238;1237.0401821645605;3132.349779573487;1.6689146982988972;1.038380149441414;2.2994492471563803
2020-06-01 00:00:00;Navarra;Mandarinas;831.95;190.42117655078107;1473.478823449219;2345.320436376108;1126.6460493381871;3563.9948234140284;1.3388637167664588;0.708345108968638;1.9693823245642794
2020-02-01 00:00:00;Pais vasco;Mandarinas;2165.9;2165.9;2165.9;3996.04;3996.04;3996.04;1.84;1.84;1.84
2020-03-01 00:00:00;Pais vasco;Mandarinas;2165.9;1088.0873545953375;3243.712645404663;4279.393773921361;3202.8480033158876;5355.939544526834;1.826817732396488;1.5484479870450656;2.1051874777479105
2020-04-01 00:00:00;Pais vasco;Mandarinas;2165.9;641.6427391715026;3690.157260828498;4086.4618535015993;2062.6368340372564;6110.286872965942;1.7858839289918358;1.4035924822919283;2.1681753756917432
2020-05-01 00:00:00;Pais vasco;Mandarinas;2165.9;299.07373711890614;4032.726262881094;3999.7398144148333;1088.3207739966533;6911.158854833013;1.8470905914495106;1.46496221467791;2.229218968221111
2020-06-01 00:00:00;Pais vasco;Mandarinas;2165.9;10.274709190674912;4321.525290809325;3620.2086911033844;-101.68144786784933;7342.098830074618;1.733335665917157;1.3513699534891934;2.1153013783451207
2020-02-01 00:00:00;Valencia;Mandarinas;2868.87;2868.87;2868.87;4783.26;4783.26;4783.26;1.67;1.67;1.67
2020-03-01 00:00:00;Valencia;Mandarinas;2868.87;986.861842452462;4750.878157547538;4449.252271565497;2462.8553799340616;6435.649163196932;1.6092787784615223;1.1560165300950231;2.0625410268280215
2020-04-01 00:00:00;Valencia;Mandarinas;2868.87;207.3085390994711;5530.431460900529;4560.356354340443;1368.7959414560323;7751.916767224855;1.58597163727676;1.1103895174558385;2.0615537570976814
2020-05-01 00:00:00;Valencia;Mandarinas;2868.87;-390.863749131428;6128.603749131427;3760.0489634407295;-180.33066641899495;7700.428593300454;1.5518833788825568;1.0751915331531845;2.028575224611929
2020-06-01 00:00:00;Valencia;Mandarinas;2868.87;-895.1463150950758;6632.886315095076;3421.415713195766;-1082.1551217308865;7924.986548122419;1.6511514289142455;1.1733326240238344;2.1289702338046568
2020-02-01 00:00:00;Nacional;Limones;8026.31;8026.31;8026.31;13229.11;13229.11;13229.11;1.65;1.65;1.65
2020-03-01 00:00:00;Nacional;Limones;7989.929524413178;5254.999318580927;10724.85973024543;13334.638069734863;8610.038459965966;18059.23767950376;1.635357997949418;-1958.3286416066544;1961.599357602553
2020-04-01 00:00:00;Nacional;Limones;8546.776029026409;5776.101688230239;11317.450369822578;12985.418069734862;6928.674003393489;19042.162136076236;1.620845927654071;-1940.9505766629309;1944.192268518239
2020-05-01 00:00:00;Nacional;Limones;9016.75850304119;6241.989082204465;11791.527923877915;15194.27806973486;8049.597818128464;22338.95832134126;1.6064626363431596;-1923.7267276216219;1926.9396528943082
2020-06-01 00:00:00;Nacional;Limones;8789.207534821322;5985.658747246969;11592.756322395675;15210.588069734862;7123.019639716636;23298.156499753088;1.5922069815123137;-1906.6557222895697;1909.8401362525944
2020-07-01 00:00:00;Nacional;Limones;9617.267234921275;6807.05198728906;12427.48248255349;16831.168069734864;7899.702886308323;25762.633253161403;1.578077830522926;-1889.7362043432702;1892.892360004316
2020-08-01 00:00:00;Nacional;Limones;8769.150635114302;5934.71197541716;11603.589294811443;16249.798069734861;6547.562371953987;25952.033767515735;1.564074060787357;-1872.9668294951775;1876.0949776167522
2020-09-01 00:00:00;Nacional;Limones;8654.32686755905;5811.183438994823;11497.470296123276;17304.128069734863;6888.00188252752;27720.254256942208;1.5501945596797437;-1856.3462653868976;1859.4466545062571
2020-10-01 00:00:00;Nacional;Limones;8404.808640148369;5540.501248798534;11269.116031498204;16192.538069734863;5108.405629152985;27276.67051031674;1.5364382244476003;-1839.8731914833293;1842.9460679322247
2020-11-01 00:00:00;Nacional;Limones;9902.40135381782;7027.856633109715;12776.946074525926;17179.648069734867;5465.54122487074;28893.754914598994;1.5228039621242007;-1823.5462989677465;1826.591906891995
2020-02-01 00:00:00;Andalucia;Limones;1276.07;1276.07;1276.07;2090.59;2090.59;2090.59;1.64;1.64;1.64
2020-03-01 00:00:00;Andalucia;Limones;1614.5912448115391;1506.2735553356129;1722.9089342874654;2392.698627881438;1502.7874749579612;3282.6097808049144;1.6248928351288412;-1958.3391216098885;1961.588907280146
2020-04-01 00:00:00;Andalucia;Limones;1531.6370319902762;1422.027372966101;1641.2466910144515;2104.458627881438;954.8859707458996;3254.0312850169767;1.6099248315510102;-1940.2995502385563;1943.5193999016585
2020-05-01 00:00:00;Andalucia;Limones;1955.689410506898;1811.2036611000212;2100.1751599137747;2844.638627881438;1484.0899415163624;4205.187314246514;1.5950947090693437;-1922.4261479280635;1925.6163373462023
2020-06-01 00:00:00;Andalucia;Limones;1346.818854136099;1199.4979340180562;1494.1397742541417;2213.558627881438;670.6172285062689;3756.500027256607;1.5804011970234633;-1904.7173900567636;1907.8781924508107
2020-02-01 00:00:00;Aragon;Limones;200.19;200.19;200.19;322.18;322.18;322.18;1.61;1.61;1.61
2020-03-01 00:00:00;Aragon;Limones;205.5368272620449;94.47981263767107;316.5938418864188;429.09907234821856;152.44169598609085;705.7564487103463;1.5792000331401495;-1958.3848078983715;1961.5432079646516
2020-04-01 00:00:00;Aragon;Limones;136.36584018801432;-38.76039504440479;311.4920754204334;391.9890723482185;-67.65634707775672;851.6344917741937;1.5489892833597123;-1920.9201140128698;1924.0180925795894
2020-05-01 00:00:00;Aragon;Limones;258.0996827262047;33.42363540809757;482.7757300443119;456.4690723482185;-131.75581602610492;1044.693960722542;1.5193564774025932;-1884.1721480550357;1887.210861009841
2020-06-01 00:00:00;Aragon;Limones;26.576427732079935;-239.1685897537791;292.32144521793896;459.86907234821854;-233.4873489869343;1153.2254936833715;1.490290559285387;-1848.1271864907853;1851.107767609356
2020-02-01 00:00:00;Asturias;Limones;215.83;215.83;215.83;358.14;358.14;358.14;1.66;1.66;1.66
2020-03-01 00:00:00;Asturias;Limones;282.1496014038278;214.49131999414493;349.8078828135106;431.7753365302167;319.75806925650204;543.7926038039313;1.6316357792817924;-1958.3323775203646;1961.5956490789283
2020-04-01 00:00:00;Asturias;Limones;269.9956179493862;156.5764402552835;383.4147956434889;375.7953365302167;232.6790330647446;518.9116399956888;1.6037562157182685;-1924.8706182105127;1928.0781306419492
2020-05-01 00:00:00;Asturias;Limones;249.8034770618107;-53.37072259179669;552.977676715418;393.5553365302167;224.98284628411656;562.1278267763169;1.5763530264374837;-1891.980623620418;1895.1333296732932
2020-06-01 00:00:00;Asturias;Limones;231.090701930515;-433.8284818976448;896.0098857586748;374.48533653021667;183.82571149669786;565.1449615637355;1.5494180721511441;-1859.6526170634183;1862.7514532077207
2020-02-01 00:00:00;Baleares;Limones;146.78;146.78;146.78;232.57;232.57;232.57;1.58;1.58;1.58
2020-03-01 00:00:00;Baleares;Limones;112.58947368421087;-103.90153188109801;329.0804792495197;111.2819855965282;-233.87828999633348;456.4422611893899;1.5364634621120912;-1958.4276017551408;1961.500528679365
2020-04-01 00:00:00;Baleares;Limones;207.343228536457;-47.67235639956655;462.3588134724805;208.4219855965283;-136.73988997424462;553.5838611673012;1.4941265638076329;-1904.463643556253;1907.4518966838682
2020-05-01 00:00:00;Baleares;Limones;157.05199825144337;-347.33610250425465;661.4400990071414;135.10198559652832;-210.06148994473932;480.26546113779597;1.4529562488171366;-1851.986680994414;1854.8925934920483
2020-06-01 00:00:00;Baleares;Limones;167.57797866759793;-535.3527774701814;870.5087348053772;116.83198559652831;-228.33308990781754;461.99706110087413;1.412920372419377;-1800.9557118448731;1803.781552589712
2020-02-01 00:00:00;Canarias;Limones;411.32;411.32;411.32;639.77;639.77;639.77;1.56;1.56;1.56
2020-03-01 00:00:00;Canarias;Limones;212.5629829068279;155.24445625675784;269.881509556898;515.301622977159;218.26925382616662;812.3339921281514;1.5385065497445554;-1958.4254874306366;1961.5025005301259
2020-04-01 00:00:00;Canarias;Limones;267.16655073609286;123.58235112792087;410.7507503442648;560.0616229771591;206.11198321757456;914.0112627367437;1.517309233077198;-1931.4425999965486;1934.477218462703
2020-05-01 00:00:00;Canarias;Limones;192.07249876494325;-77.40123455022268;461.5462320801092;519.4516229771591;116.54658869683641;922.3566572574819;1.4964039699109244;-1904.8314785129803;1907.8242864528022
2020-06-01 00:00:00;Canarias;Limones;259.4414069755931;-184.6795147889345;703.5623287401207;608.291622977159;161.7666115713966;1054.8166343829214;1.475786736381935;-1878.587001285158;1881.5385747579219
2020-02-01 00:00:00;Cantabria;Limones;60.18;60.18;60.18;99.39;99.39;99.39;1.65;1.65;1.65
2020-03-01 00:00:00;Cantabria;Limones;77.99096685375423;-60.02812631347399;216.01006002098245;153.12132687389902;-24.744968969100682;330.9876227168987;1.6077425322831251;-1958.356355272582;1961.5718403371482
2020-04-01 00:00:00;Cantabria;Limones;72.80943873768929;-81.35375294015755;226.97263041553612;126.51132687389901;-63.28111059603819;316.3037643438362;1.5665673140860317;-1908.2017007952543;1911.3348354234265
2020-05-01 00:00:00;Cantabria;Limones;59.614531398919915;-126.07786595358724;245.30692875142708;121.65132687389902;-79.36091017810372;322.66356392590177;1.5264466153796763;-1859.3315670901356;1862.384460320895
2020-06-01 00:00:00;Cantabria;Limones;55.52625013237324;-149.1203046658026;260.1728049305491;107.13132687389903;-104.5067357909276;318.76938953872565;1.4873534310675078;-1811.7130264178174;1814.6877332799525
2020-02-01 00:00:00;Castilla la mancha;Limones;254.45;254.45;254.45;396.99;396.99;396.99;1.56;1.56;1.56
2020-03-01 00:00:00;Castilla la mancha;Limones;632.2315031300691;344.37288278912956;920.0901234710086;374.7189339299283;40.30308859352397;709.1347792663327;1.5280889653508223;-1958.4359270104583;1961.49210494116
2020-04-01 00:00:00;Castilla la mancha;Limones;534.0111004587857;164.78381127809985;903.2383896394715;407.5189339299284;-36.248318722108706;851.2861865819655;1.4968306984439603;-1918.3745922928642;1921.3682536897522
2020-05-01 00:00:00;Castilla la mancha;Limones;829.6714540708185;411.72108903301665;1247.6218191086205;427.6589339299284;-103.4011299428999;958.7189978027568;1.4662118430395195;-1879.1327538250657;1882.0651775111446
2020-06-01 00:00:00;Castilla la mancha;Limones;351.8564806683456;-110.50807487974498;814.2210362164362;618.5589339299283;12.654479122994758;1224.4633887368618;1.4362193205311455;-1840.6936388282202;1843.5660774692824
2020-02-01 00:00:00;Castilla leon;Limones;498.24;498.24;498.24;794.97;794.97;794.97;1.6;1.6;1.6
2020-03-01 00:00:00;Castilla leon;Limones;784.9228932968842;641.1649484660869;928.6808381276816;835.7080228972269;332.73285275156576;1338.683193042888;1.574128281208561;-1958.389875976903;1961.53813253932
2020-04-01 00:00:00;Castilla leon;Limones;940.2437306505891;775.7915996854894;1104.6958616156887;783.2180228972272;178.62204600232587;1387.8139997921285;1.5486749029387186;-1926.7230845481374;1929.8204343540149
2020-05-01 00:00:00;Castilla leon;Limones;557.1915028876776;395.3445753554756;719.0384304198797;712.8480228972271;21.40853257870083;1404.2875132157533;1.5236331014561135;-1895.5683362723569;1898.6156024752693
2020-06-01 00:00:00;Castilla leon;Limones;951.51863002614;789.0933708698344;1113.9438891824457;742.7080228972272;-25.823591459909608;1511.239637254364;1.4989962215101746;-1864.91735523742;1867.9153476804404
2020-02-01 00:00:00;Cataluña;Limones;1291.82;1291.82;1291.82;2244.81;2244.81;2244.81;1.74;1.74;1.74
2020-03-01 00:00:00;Cataluña;Limones;1875.9734875631395;1418.6548882321827;2333.2920868940964;2069.421922328656;1208.479053405585;2930.3647912517267;1.7179510595082275;-1958.2460580763418;1961.6819601953584
2020-04-01 00:00:00;Cataluña;Limones;1277.8980316238212;843.5990945645515;1712.196968683091;2130.171922328656;1194.946808573449;3065.397036083863;1.6961815189406386;-1933.4315840611362;1936.8239470990175
2020-05-01 00:00:00;Cataluña;Limones;1318.715209635895;801.2458247626014;1836.1845945091886;3086.7919223286563;2082.765327438167;4090.8185172191456;1.6746878376221375;-1908.9315622109918;1912.280937886236
2020-06-01 00:00:00;Cataluña;Limones;1983.8260308554259;1385.7094828787995;2581.9425788320523;2370.0819223286558;1301.675261409536;3438.4885832477758;1.653466520040337;-1884.7420004488154;1888.0489334888962
2020-02-01 00:00:00;Extremadura;Limones;62.34;62.34;62.34;99.22;99.22;99.22;1.59;1.59;1.59
2020-03-01 00:00:00;Extremadura;Limones;93.49494480615556;-176.74872822086132;363.73861783317244;202.41683482112592;-110.649372892987;515.4830425352388;1.5780560704649498;-1958.3860158944535;1961.5421280353835
2020-04-01 00:00:00;Extremadura;Limones;83.03804039710448;-168.1655438555017;334.2416246497107;162.58683482112593;-157.47663020358476;482.6502998458366;1.5662018637675146;-1943.674842507188;1946.807246234723
2020-05-01 00:00:00;Extremadura;Limones;8.42235857328172;-250.6159692220125;267.4606863685759;81.26683482112587;-245.6441513429251;408.1778209851769;1.5544367068615086;-1929.0741550915827;1932.1830285053056
2020-06-01 00:00:00;Extremadura;Limones;69.40384884967358;-187.48179078013374;326.2894884794809;234.64683482112588;-98.97115645914147;568.2648261013933;1.5427599286761675;-1914.5831467032044;1917.6686665605566
2020-02-01 00:00:00;Galicia;Limones;556.4;556.4;556.4;883.68;883.68;883.68;1.59;1.59;1.59
2020-03-01 00:00:00;Galicia;Limones;501.19966013916377;215.4718998127671;786.9274204655604;659.1767262377094;196.33265726958058;1122.0207952058383;1.5696262837143824;-1958.394396713142;1961.5336492805707
2020-04-01 00:00:00;Galicia;Limones;529.6324815036357;237.9451217467676;821.3198412605038;710.0067262377095;205.13446377529505;1214.878988700124;1.5495136327874504;-1933.3002200753765;1936.3992473409514
2020-05-01 00:00:00;Galicia;Limones;514.8312753833166;54.26013366265926;975.4024171039739;741.0267262377095;197.36564557360646;1284.6878069018126;1.5296586976800164;-1908.5275982080452;1911.586915603405
2020-06-01 00:00:00;Galicia;Limones;461.45779145546464;-21.06468034383215;943.9802632547614;721.9567262377093;142.0957602693113;1301.8176922061073;1.5100581768867123;-1884.0724044968324;1887.092520850606
2020-02-01 00:00:00;La rioja;Limones;81.95;81.95;81.95;147.44;147.44;147.44;1.8;1.8;1.8
2020-03-01 00:00:00;La rioja;Limones;79.88721325902029;38.13487783604587;121.63954868199471;176.76503037150943;93.86799473938697;259.6620660036319;1.7654656547160588;-1958.1986648742577;1961.7295961836899
2020-04-01 00:00:00;La rioja;Limones;82.90302141390444;28.39378643095634;137.41225639685254;169.37503037150944;78.79382785114908;259.95623289186983;1.7315939280257606;-1920.6291981086097;1924.0923859646614
2020-05-01 00:00:00;La rioja;Limones;75.1885156937519;9.797498367875335;140.57953301962846;164.06503037150944;66.40239686474956;261.7276638782693;1.698372044655731;-1883.7805793435325;1887.177323432844
2020-06-01 00:00:00;La rioja;Limones;118.79111762980352;44.17056709181358;193.41166816779347;268.41503037150943;164.15081926857704;372.6792414744418;1.665787547174384;-1847.638928855768;1850.9705039501168
2020-02-01 00:00:00;Madrid;Limones;1140.31;1140.31;1140.31;1856.67;1856.67;1856.67;1.63;1.63;1.63
2020-03-01 00:00:00;Madrid;Limones;1251.6179656588267;1189.4631807717758;1313.7727505458777;1925.6224882131057;1502.0762875001255;2349.168688926086;1.6018559300560646;-1958.362145223311;1961.565857083423
2020-04-01 00:00:00;Madrid;Limones;1112.0339311932314;1049.2293954992747;1174.8384668871881;1598.392488213106;1030.860835660188;2165.924140766024;1.5741978040172766;-1924.54849966282;1927.6968952708546
2020-05-01 00:00:00;Madrid;Limones;1261.9694015179784;1178.8474715451457;1345.0913314908112;2144.0724882131058;1462.3152226408997;2825.829753785312;1.5470172313775827;-1891.3186946367396;1894.4127290994948
2020-06-01 00:00:00;Madrid;Limones;1361.0431921114844;1276.4703969513141;1445.6159872716546;2338.2124882131056;1558.7936267069592;3117.6313497192523;1.5203059666781849;-1858.6626459095671;1861.7032578429237
2020-02-01 00:00:00;Murcia;Limones;425.54;425.54;425.54;841.61;841.61;841.61;1.98;1.98;1.98
2020-03-01 00:00:00;Murcia;Limones;503.8638474186122;-199.60430671407892;1207.3320015513032;2.194183427858434;-1258.3851336233813;1262.7735004790982;1.9718444917055378;-1957.9922480497576;1961.9359370331686
2020-04-01 00:00:00;Murcia;Limones;658.7598125616573;-96.11826633349676;1413.6378914568113;106.38418342785839;-1154.2331418363208;1367.0015086920378;1.9637226339385199;-1949.9274566804431;1953.85490194832
2020-05-01 00:00:00;Murcia;Limones;1004.5136007892141;78.56223772977717;1930.4649638486512;364.0641834278583;-896.5911489033294;1624.719515759046;1.955634209341473;-1941.895929921197;1945.80719833988
2020-06-01 00:00:00;Murcia;Limones;874.672956264387;-124.69090836769976;1874.0368208964737;625.7941834278583;-634.8991548245103;1886.487521680227;1.947579100351901;-1933.8974847281474;1937.7926429288514
2020-02-01 00:00:00;Navarra;Limones;138.48;138.48;138.48;235.93;235.93;235.93;1.7;1.7;1.7
2020-03-01 00:00:00;Navarra;Limones;123.33303687635573;85.16432606174106;161.5017476909704;189.39039986486844;23.315819764925465;355.4649799648114;1.661562955460413;-1958.3024817497874;1961.625607660708
2020-04-01 00:00:00;Navarra;Limones;148.32715835140993;96.53218390821355;200.12213279460633;218.73039986486845;43.54442418707754;393.91637554265935;1.623994974581482;-1914.0252712495069;1917.27326119867
2020-05-01 00:00:00;Navarra;Limones;122.43986984815612;59.774622422701455;185.1051172736108;216.6403998648684;32.79403467646799;400.48676505326887;1.5872764063724591;-1870.7491737646158;1873.9237265773606
2020-06-01 00:00:00;Navarra;Limones;145.54212581344893;73.64202207744952;217.44222954944834;274.3303998648684;82.21364913294016;466.44715059679663;1.5513880459365044;-1828.4515514207146;1831.5543275125874
2020-02-01 00:00:00;Pais vasco;Limones;409.04;409.04;409.04;688.6;688.6;688.6;1.68;1.68;1.68
2020-03-01 00:00:00;Pais vasco;Limones;788.073665209922;457.92981713997574;1118.2175132798682;642.5089734904659;245.29536219628835;1039.7225847846435;1.646232948334567;-1958.317777224285;1961.610243120954
2020-04-01 00:00:00;Pais vasco;Limones;707.2579528894412;377.4061925902733;1037.109713188609;754.6589734904658;288.5012605965325;1220.816686384399;1.6131445943855824;-1918.9567241361483;1922.1830133249196
2020-05-01 00:00:00;Pais vasco;Limones;954.3012499129447;624.3917645931809;1284.2107352327084;670.4189734904656;144.2751019271418;1196.5628450537895;1.5807212977305918;-1880.3868206971827;1883.548263292644
2020-06-01 00:00:00;Pais vasco;Limones;463.14789657870466;133.2406431118457;793.0551500455636;637.8989734904658;57.94058370997118;1217.8573632709604;1.548949691054067;-1842.5921514810025;1845.6900508631106
2020-02-01 00:00:00;Valencia;Limones;857.38;857.38;857.38;1296.53;1296.53;1296.53;1.51;1.51;1.51
2020-03-01 00:00:00;Valencia;Limones;1246.617895438462;819.5409661142787;1673.6948247626453;1464.296652692132;994.3523184481996;1934.2409869360645;1.4781355715889353;-1958.4858691309896;1961.4421402741673
2020-04-01 00:00:00;Valencia;Limones;1536.134442100465;1035.3014607158018;2036.9674234851284;1418.016652692132;631.0830454023898;2204.9502599818743;1.446943555724358;-1917.1573875729034;1920.0512746843522
2020-05-01 00:00:00;Valencia;Limones;581.8337194215;82.89933378574887;1080.768105057251;1355.4366526921322;346.63472601072453;2364.23857937354;1.4164097618804319;-1876.7010390468643;1879.5338585706252
2020-06-01 00:00:00;Valencia;Limones;2162.717862186561;1659.8496578439647;2665.5860665291575;1738.7066526921321;548.7074290494468;2928.7058763348177;1.3865203004037328;-1837.0984118489387;1839.8714524497464
2020-02-01 00:00:00;Nacional;Platanos;55209.87;55209.87;55209.87;85384.4;85384.4;85384.4;1.55;1.55;1.55
2020-03-01 00:00:00;Nacional;Platanos;57837.16082781325;54946.297563979984;60728.02409164651;97502.55515109506;79736.17394054844;115268.93636164168;1.5360400172402506;1.409962227072951;1.6621178074075502
2020-04-01 00:00:00;Nacional;Platanos;56677.41496797162;53590.119874876604;59764.71006106664;86129.48099725973;64812.453201143064;107446.50879337639;1.4472346264301132;1.2533578916641708;1.6411113611960557
2020-05-01 00:00:00;Nacional;Platanos;58404.82934309476;55084.6549973258;61725.00368886372;85479.0504776824;64086.915300306886;106871.1856550579;1.48273115454691;1.2692592474812994;1.6962030616125205
2020-06-01 00:00:00;Nacional;Platanos;50061.78805474777;46306.1152325769;53817.46087691864;72854.48759936243;51279.37059495427;94429.6046037706;1.5891381837085774;1.3758912826936425;1.8023850847235123
2020-07-01 00:00:00;Nacional;Platanos;44830.39267626318;40831.09420143426;48829.691151092105;60249.0114062316;38533.41594590926;81964.60686655394;1.5327812438640998;1.3091809954924645;1.756381492235735
2020-08-01 00:00:00;Nacional;Platanos;42147.63151279705;37900.55249965165;46394.71052594246;54926.118568213155;33199.72029457695;76652.51684184936;1.4968909140801787;1.2572587744232757;1.7365230537370817
2020-09-01 00:00:00;Nacional;Platanos;47584.57904577896;43071.74047900165;52097.41761255627;68907.84471648918;47178.09979082394;90637.58964215443;1.543673054522326;1.2972946760105617;1.7900514330340904
2020-10-01 00:00:00;Nacional;Platanos;53150.25169754698;48411.18484589038;57889.31854920358;90578.51086752095;68843.35454049475;112313.66719454715;1.7287690532442135;1.482364798776244;1.975173307712183
2020-11-01 00:00:00;Nacional;Platanos;53933.05908060861;48973.28237529088;58892.83578592634;91741.57003594746;70005.56257815253;113477.57749374238;1.707649820890053;1.4587489272769218;1.9565507145031842
2020-02-01 00:00:00;Andalucia;Platanos;9063.2;9063.2;9063.2;13124.64;13124.64;13124.64;1.45;1.45;1.45
2020-03-01 00:00:00;Andalucia;Platanos;9593.286559244614;8712.740927732864;10473.832190756364;15517.107390562041;13949.48846538371;17084.726315740372;1.4393479762130794;1.333763245940431;1.544932706485728
2020-04-01 00:00:00;Andalucia;Platanos;9550.35277017309;8651.980236737598;10448.725303608584;13548.293911743162;11591.075937311309;15505.511886175014;1.2275222709968008;0.9853880433556731;1.4696564986379284
2020-05-01 00:00:00;Andalucia;Platanos;9595.929573898096;8602.981820029603;10588.87732776659;12904.813763146976;10843.144882232753;14966.4826440612;1.1647089763276568;0.7629258672416371;1.5664920854136763
2020-06-01 00:00:00;Andalucia;Platanos;7795.948254803187;6692.563412920528;8899.333096685847;10669.990699340884;8584.576774534204;12755.404624147564;1.1903431735525483;0.6266835346966267;1.7540028124084697
2020-02-01 00:00:00;Aragon;Platanos;1570.47;1570.47;1570.47;2372.03;2372.03;2372.03;1.51;1.51;1.51
2020-03-01 00:00:00;Aragon;Platanos;1519.352141683966;1260.309102676611;1778.395180691321;2645.4104486473516;2168.781774161946;3122.039123132757;2.027459761723022;1.742763067259405;2.3121564561866386
2020-04-01 00:00:00;Aragon;Platanos;1530.4910882129568;1279.9638659967663;1781.0183104291473;2317.972003631372;1766.1904871625964;2869.7535201001474;-0.4855580838804925;-1.7819853984325575;0.8108692306715726
2020-05-01 00:00:00;Aragon;Platanos;1620.433986362283;1333.3628752218742;1907.5050975026916;2202.8611799542614;1639.490474791282;2766.231885117241;11.180029958443868;4.914555865624166;17.44550405126357
2020-06-01 00:00:00;Aragon;Platanos;1471.2317265664642;1158.1736609366872;1784.2897921962413;2054.9579988958876;1490.304800500117;2619.6111972916583;-45.34200224579532;-75.5025398789527;-15.181464612637942
2020-02-01 00:00:00;Asturias;Platanos;1584.29;1584.29;1584.29;2427.41;2427.41;2427.41;1.53;1.53;1.53
2020-03-01 00:00:00;Asturias;Platanos;1589.6013434928584;1288.9252010850523;1890.2774859006645;2429.566467192917;2006.5857860136225;2852.5471483722117;1.575264384004538;1.2994404260894725;1.8510883419196034
2020-04-01 00:00:00;Asturias;Platanos;1615.7562998930825;1299.0837577212308;1932.4288420649343;2328.6602460455438;1894.6675567143348;2762.652935376753;1.5150830740789791;1.1253411728005527;1.9048249753574056
2020-05-01 00:00:00;Asturias;Platanos;1643.6766430976868;1288.6751144448033;1998.6781717505703;2374.914651774809;1926.0028239795524;2823.8264795700657;1.4470334447217685;1.0295149584587133;1.8645519309848237
2020-06-01 00:00:00;Asturias;Platanos;1490.82021360726;1095.4153228481716;1886.2251043663484;1879.419593587506;1427.9918879069078;2330.847299268104;1.576796364856693;1.1591663130820145;1.9944264166313714
2020-02-01 00:00:00;Baleares;Platanos;1350.41;1350.41;1350.41;2086.38;2086.38;2086.38;1.54;1.54;1.54
2020-03-01 00:00:00;Baleares;Platanos;1515.2549676413591;1347.6658540707708;1682.8440812119475;2382.85834790011;2002.9451135077145;2762.7715822925056;1.6436718615849613;1.3835427050149418;1.9038010181549807
2020-04-01 00:00:00;Baleares;Platanos;1513.2095062579344;1311.7457887213602;1714.6732237945087;2255.522660194909;1731.0895709418737;2779.955749447944;1.5093406016484074;1.1428763427765132;1.8758048605203017
2020-05-01 00:00:00;Baleares;Platanos;1449.1129700214328;1188.767111618115;1709.4588284247507;2186.8087479304104;1636.5800158976383;2737.0374799631827;1.5630411634898622;1.175444982845111;1.9506373441346134
2020-06-01 00:00:00;Baleares;Platanos;1198.121192355874;902.7496701823258;1493.4927145294223;1858.1443957521042;1307.815757653064;2408.4730338511445;1.5511792942316598;1.1640885928331621;1.9382699956301574
2020-02-01 00:00:00;Canarias;Platanos;2943.91;2943.91;2943.91;4067.8;4067.8;4067.8;1.38;1.38;1.38
2020-03-01 00:00:00;Canarias;Platanos;3027.1266159180595;2745.412489169217;3308.840742666902;5431.176301646876;4833.820042325884;6028.5325609678675;1.2341709238309062;1.0373735087469258;1.4309683389148866
2020-04-01 00:00:00;Canarias;Platanos;2894.79866636369;2632.742309065463;3156.8550236619167;5076.666936698403;4474.020128200321;5679.313745196486;1.2828882294813497;1.0499836359912906;1.5157928229714088
2020-05-01 00:00:00;Canarias;Platanos;2992.4239858749265;2711.552834082856;3273.295137666997;4398.4901510115915;3663.5640637739452;5133.416238249238;1.401193615422144;1.169492713522429;1.6328945173218592
2020-06-01 00:00:00;Canarias;Platanos;2920.065656075368;2589.743193726399;3250.3881184243373;4751.159790516919;4007.501101032153;5494.818480001685;1.5263175780183342;1.283992859896648;1.7686422961400206
2020-02-01 00:00:00;Cantabria;Platanos;609.84;609.84;609.84;909.39;909.39;909.39;1.49;1.49;1.49
2020-03-01 00:00:00;Cantabria;Platanos;608.5227517014139;471.6363376464889;745.4091657563388;966.4100769165545;727.2366244164201;1205.5835294166889;1.395206255306699;1.2112026254243267;1.5792098851890715
2020-04-01 00:00:00;Cantabria;Platanos;637.3733223934578;511.74649692595904;763.0001478609565;865.1765161071244;625.6800216819511;1104.6730105322977;1.4688005025194386;1.1903793558445623;1.7472216491943149
2020-05-01 00:00:00;Cantabria;Platanos;594.8716075274344;431.6787548395396;758.0644602153293;805.284888399078;545.4005720571553;1065.1692047410006;1.497676397550859;1.1985357426328496;1.7968170524688682
2020-06-01 00:00:00;Cantabria;Platanos;534.6035054887533;373.46184146946223;695.7451695080443;659.5368570028403;399.44218276241054;919.63153124327;1.643040124804445;1.34344479631056;1.94263545329833
2020-02-01 00:00:00;Castilla la mancha;Platanos;2246.06;2246.06;2246.06;3353.66;3353.66;3353.66;1.49;1.49;1.49
2020-03-01 00:00:00;Castilla la mancha;Platanos;2595.556524000188;2337.3098310809364;2853.8032169194394;4172.524833705652;3559.371384989702;4785.678282421602;1.4186092213029764;1.2196920892644068;1.617526353341546
2020-04-01 00:00:00;Castilla la mancha;Platanos;2584.618608201407;2252.399839455226;2916.837376947588;3677.8292693179665;3030.3571841526104;4325.301354483322;0.9959664673957309;0.48512968317259053;1.5068032516188712
2020-05-01 00:00:00;Castilla la mancha;Platanos;2435.083663530984;2031.4324822406088;2838.734844821359;3492.245816954871;2837.892139675337;4146.599494234404;0.6462162553491348;-0.3590400253717825;1.6514725360700522
2020-06-01 00:00:00;Castilla la mancha;Platanos;1892.5421176693778;1431.2055658092002;2353.8786695295557;2734.3091375045205;2078.7168542301597;3389.9014207788814;0.13799734558047794;-1.6373041230337102;1.913298814194666
2020-02-01 00:00:00;Castilla leon;Platanos;2474.36;2474.36;2474.36;3696.9;3696.9;3696.9;1.49;1.49;1.49
2020-03-01 00:00:00;Castilla leon;Platanos;3129.3744644534286;2821.5569051423754;3437.1920237644817;4450.964664482044;3586.072628787396;5315.856700176692;1.4964379179749259;1.3222319390695896;1.6706438968802622
2020-04-01 00:00:00;Castilla leon;Platanos;2811.458403231635;2520.619849929546;3102.2969565337244;4256.425104156736;3289.9344282493116;5222.91578006416;1.3921932138847801;1.1468330943664438;1.6375533334031165
2020-05-01 00:00:00;Castilla leon;Platanos;2917.5184142557982;2548.0335754318517;3287.003253079745;4027.3823200400293;3058.853278913991;4995.911361166068;1.365462567767271;1.107830992032789;1.623094143501753
2020-06-01 00:00:00;Castilla leon;Platanos;2554.396222602997;2189.061730984705;2919.7307142212894;3357.7968276201614;2388.2391556757657;4327.354499564557;1.5106147825870158;1.2598930957237917;1.7613364694502398
2020-02-01 00:00:00;Cataluña;Platanos;9000.19;9000.19;9000.19;14956.58;14956.58;14956.58;1.66;1.66;1.66
2020-03-01 00:00:00;Cataluña;Platanos;9219.487784415682;8728.586784147894;9710.38878468347;17303.03055476241;16087.761078862226;18518.30003066259;1.673284363411207;1.4649690560045574;1.8815996708178564
2020-04-01 00:00:00;Cataluña;Platanos;9271.340512993358;8755.262994978519;9787.418031008197;14833.986202719228;13434.651101033502;16233.321304404955;1.5950824226354046;1.2981038520242167;1.8920609932465924
2020-05-01 00:00:00;Cataluña;Platanos;9208.074522899196;8596.933369531767;9819.215676266625;14701.799470410187;13292.836011883755;16110.76292893662;1.5694631427552856;1.2534364993692044;1.8854897861413669
2020-06-01 00:00:00;Cataluña;Platanos;7606.966907913946;6945.120115988517;8268.813699839375;11581.660280341017;10113.190431761894;13050.13012892014;1.6625049921888355;1.346620525587364;1.978389458790307
2020-02-01 00:00:00;Extremadura;Platanos;1426.29;1426.29;1426.29;2000.85;2000.85;2000.85;1.4;1.4;1.4
2020-03-01 00:00:00;Extremadura;Platanos;1495.435237064139;1208.0235323728966;1782.8469417553815;2403.0174689982423;1826.4175559286798;2979.617382067805;1.272051550862727;1.0486842623530854;1.4954188393723686
2020-04-01 00:00:00;Extremadura;Platanos;1432.9230645112486;1115.4971747013417;1750.3489543211556;1794.0361437248102;1169.0147063192724;2419.057581130348;0.5185552942504467;-0.14010411757705554;1.1772147060779488
2020-05-01 00:00:00;Extremadura;Platanos;1493.7399198481558;1157.936406522616;1829.5434331736956;1684.2613604271264;1056.4800001370286;2312.0427207172243;-0.5834187281619241;-2.148150508109076;0.981313051785228
2020-06-01 00:00:00;Extremadura;Platanos;1151.3563140096312;772.5060315683793;1530.2065964508831;1000.1825384113475;372.3623338976241;1628.0027429250708;-3.004028128647427;-6.482301065580446;0.4742448082855919
2020-02-01 00:00:00;Galicia;Platanos;3681.99;3681.99;3681.99;5964.61;5964.61;5964.61;1.62;1.62;1.62
2020-03-01 00:00:00;Galicia;Platanos;3619.8363359921786;3397.596863759607;3842.0758082247503;6574.012705891384;5827.7245135159;7320.300898266868;1.5563233602089772;1.3365713351146535;1.776075385303301
2020-04-01 00:00:00;Galicia;Platanos;3735.833588407161;3535.3990701262696;3936.2681066880527;6223.369555034713;5301.23952239162;7145.499587677806;1.346990638201293;1.0519427050233243;1.6420385713792618
2020-05-01 00:00:00;Galicia;Platanos;4310.602941224953;4108.627292252285;4512.5785901976205;6487.148382586643;5558.036004173118;7416.260761000167;1.4886771103949332;1.199328575134699;1.7780256456551675
2020-06-01 00:00:00;Galicia;Platanos;3780.2996848914704;3490.862392293908;4069.7369774890326;5970.468405452653;5033.6022592401605;6907.334551665146;1.6781097772927303;1.4122541521193166;1.943965402466144
2020-02-01 00:00:00;La rioja;Platanos;358.14;358.14;358.14;611.83;611.83;611.83;1.71;1.71;1.71
2020-03-01 00:00:00;La rioja;Platanos;423.8933595114426;305.1824991044897;542.6042199183955;699.2790872684969;480.89028648492445;917.6678880520694;1.7089910868160179;1.43077906081603;1.9872031128160057
2020-04-01 00:00:00;La rioja;Platanos;343.8860295133287;212.02572931448654;475.7463297121709;525.698893563581;289.8984242485723;761.4993628785896;1.6843046675405273;1.4242766637638762;1.9443326713171785
2020-05-01 00:00:00;La rioja;Platanos;351.59443313544756;210.45181445694573;492.7370518139494;533.9238472238808;297.95293821937037;769.8947562283912;1.740275005617975;1.4915517075937081;1.9889983036422418
2020-06-01 00:00:00;La rioja;Platanos;330.3303727341374;171.70053912721218;488.96020634106264;390.10279739299745;154.0145480404294;626.1910467455655;1.6066109583740331;1.3633536187979238;1.8498682979501424
2020-02-01 00:00:00;Madrid;Platanos;7663.05;7663.05;7663.05;12143.96;12143.96;12143.96;1.58;1.58;1.58
2020-03-01 00:00:00;Madrid;Platanos;7157.58352527864;6479.075075083238;7836.091975474043;12843.75225122749;10243.520113361636;15443.984389093344;1.4699631414528787;1.2907237708421007;1.6492025120636566
2020-04-01 00:00:00;Madrid;Platanos;6962.900461190316;6273.377395300124;7652.4235270805075;11266.482759516342;8659.938293982032;13873.027225050653;1.2502833920749092;0.8213775636310316;1.6791892205187868
2020-05-01 00:00:00;Madrid;Platanos;7534.236201357425;6825.910061248145;8242.562341466704;11621.649040083632;9003.636432294743;14239.661647872521;1.1317300813285411;0.3685954263942144;1.8948647362628679
2020-06-01 00:00:00;Madrid;Platanos;6532.240886396138;5697.454874798279;7367.026897993997;10058.534634478458;7440.28789651395;12676.781372442965;1.0355011523864046;-0.14666211989311417;2.2176644246659234
2020-02-01 00:00:00;Murcia;Platanos;1660.93;1660.93;1660.93;2394.87;2394.87;2394.87;1.44;1.44;1.44
2020-03-01 00:00:00;Murcia;Platanos;1750.817146158913;1547.917555692654;1953.7167366251717;2833.8498859541533;2503.927658979157;3163.7721129291494;1.4610091641723775;1.2280915391706835;1.6939267891740715
2020-04-01 00:00:00;Murcia;Platanos;1623.6527709093673;1442.5866542797373;1804.7188875389973;2402.3197136823915;2064.357888954481;2740.281538410302;1.3595829084421125;1.0858423964270856;1.6333234204571394
2020-05-01 00:00:00;Murcia;Platanos;1705.729592282583;1499.123428058922;1912.3357565062443;2426.9866915666116;2088.4045748763892;2765.568808256834;1.4418842798926879;1.177087606163319;1.7066809536220566
2020-06-01 00:00:00;Murcia;Platanos;1412.8628284153297;1186.2372203978393;1639.48843643282;1956.8856172578103;1618.064853334611;2295.70638118101;1.4080980627806141;1.1472337048683086;1.6689624206929197
2020-02-01 00:00:00;Navarra;Platanos;756.47;756.47;756.47;1310.77;1310.77;1310.77;1.73;1.73;1.73
2020-03-01 00:00:00;Navarra;Platanos;651.9179844575192;496.94568191878557;806.8902869962528;1254.605943192421;961.2991801900171;1547.9127061948248;1.757526305354132;1.5506239380978155;1.9644286726104483
2020-04-01 00:00:00;Navarra;Platanos;648.1789707772845;505.0075389111274;791.3504026434415;1225.8823567242725;932.5705114480647;1519.1942020004803;1.5259724604528546;0.8911500320393371;2.160794888866372
2020-05-01 00:00:00;Navarra;Platanos;777.9161212967996;602.5981270584892;953.2341155351099;1309.136916763024;1012.4393951407915;1605.8344383852564;1.0801706945816538;-0.46453116382635584;2.6248725529896637
2020-06-01 00:00:00;Navarra;Platanos;632.271632656629;453.0582965640573;811.4849687492007;1156.9699192940122;860.2719311294583;1453.6679074585663;0.5190004168294557;-2.9623826628104046;4.000383496469317
2020-02-01 00:00:00;Pais vasco;Platanos;2771.68;2771.68;2771.68;4857.81;4857.81;4857.81;1.75;1.75;1.75
2020-03-01 00:00:00;Pais vasco;Platanos;2748.478401500904;2540.663544052472;2956.293258949336;5397.809023040789;4593.997080871772;6201.620965209806;1.7526180134262912;1.5473550515720464;1.957880975280536
2020-04-01 00:00:00;Pais vasco;Platanos;2641.1886594252273;2373.4000654778333;2908.9772533726214;4886.342999771559;4013.024451858746;5759.661547684373;1.436512191709644;1.0080473914848156;1.8649769919344723
2020-05-01 00:00:00;Pais vasco;Platanos;2916.6512706664494;2663.783536865499;3169.5190044673996;5300.125027525552;4412.335958876245;6187.914096174858;1.424589831448361;0.7844249959666327;2.064754666930089
2020-06-01 00:00:00;Pais vasco;Platanos;2843.170961451316;2586.4757917734696;3099.8661311291626;4759.937805779902;3850.5077153959114;5669.367896163893;1.441095811883023;0.640756769498373;2.241434854267673
2020-02-01 00:00:00;Valencia;Platanos;6048.6;6048.6;6048.6;9104.91;9104.91;9104.91;1.51;1.51;1.51
2020-03-01 00:00:00;Valencia;Platanos;6087.982700845557;5538.272690744463;6637.692710946651;10889.984799302594;10096.875101797517;11683.094496807671;1.4535812509883614;1.2629513470087972;1.6442111549679257
2020-04-01 00:00:00;Valencia;Platanos;6166.014006545412;5645.098999484707;6686.929013606116;9236.30408969777;8443.107820422238;10029.500358973304;1.3542360786354521;1.0874752293075975;1.6209969279633067
2020-05-01 00:00:00;Valencia;Platanos;6743.845546730003;6170.759583914349;7316.931509545657;9074.05889978083;8139.277964855761;10008.8398347059;1.3132512710743958;1.0382785433291744;1.5882239988196172
2020-06-01 00:00:00;Valencia;Platanos;5314.357824370218;4667.477091405316;5961.238557335119;8294.416125861313;7359.520877684121;9229.311374038505;1.4707445190208113;1.2323501018395508;1.7091389362020717
2020-02-01 00:00:00;Nacional;Manzanas;43693.23;43693.23;43693.23;64065.46;64065.46;64065.46;1.47;1.47;1.47
2020-03-01 00:00:00;Nacional;Manzanas;47861.38011698278;43073.23367957823;52649.526554387325;63497.255317033894;44293.620172797164;82700.89046127062;1.4628580727106557;1.4249554247335163;1.500760720687795
2020-04-01 00:00:00;Nacional;Manzanas;43653.528885785345;38806.90894893239;48500.1488226383;57538.992975407135;37696.18217621922;77381.80377459506;1.4620146191470813;1.4197154169523352;1.5043138213418275
2020-05-01 00:00:00;Nacional;Manzanas;40623.52650671271;35767.05295803892;45480.0000553865;56929.49490695683;36999.154464150386;76859.83534976328;1.4637015262742303;1.4174215706892788;1.509981481859182
2020-06-01 00:00:00;Nacional;Manzanas;29229.576519021506;24373.102970347718;34086.050067695294;55786.034836411694;35778.92682932244;75793.14284350094;1.4645449798378047;1.414600550002455;1.5144894096731545
2020-07-01 00:00:00;Nacional;Manzanas;24994.254299281572;20137.78075060778;29850.727847955364;61505.0602617013;41425.26192606491;81584.85859733769;1.4679187940921028;1.4145609656672948;1.5212766225169108
2020-08-01 00:00:00;Nacional;Manzanas;22510.081375961443;17653.607827287655;27366.55492463523;61042.71944030703;40893.789519554644;81191.64936105942;1.4670753405285284;1.4105097181343187;1.523640962922738
2020-09-01 00:00:00;Nacional;Manzanas;32565.424021006686;27708.950472332894;37421.89756968048;58557.798670549484;38343.032307450514;78772.56503364845;1.4696057012192518;1.4100046826081793;1.5292067198303243
2020-10-01 00:00:00;Nacional;Manzanas;45417.415578424574;40560.94202975078;50273.889127098366;60025.87534637032;39748.40471823007;80303.34597451056;1.4653884334013794;1.4028992887272003;1.5278775780755585
2020-11-01 00:00:00;Nacional;Manzanas;41179.72318792322;36323.24963924943;46036.19673659701;58115.21720601804;37778.10129207193;78452.33311996414;1.4653884334013794;1.4001388741328022;1.5306379926699565
2020-02-01 00:00:00;Andalucia;Manzanas;6367.49;6367.49;6367.49;9435.13;9435.13;9435.13;1.48;1.48;1.48
2020-03-01 00:00:00;Andalucia;Manzanas;7423.676592842964;6916.748121173166;7930.6050645127625;11386.218909772975;10341.753672110519;12430.684147435431;1.4658274614578846;1.4039190632130045;1.5277358597027646
2020-04-01 00:00:00;Andalucia;Manzanas;6917.468970069134;6271.998382503686;7562.939557634582;11459.308301199771;9485.714760858104;13432.90184154144;1.464740537919446;1.3959771721740601;1.533503903664832
2020-05-01 00:00:00;Andalucia;Manzanas;5825.658260300626;5040.667409555546;6610.649111045706;11156.234930101631;8776.838699877178;13535.631160326084;1.4658274614578846;1.390833120577917;1.5408218023378522
2020-06-01 00:00:00;Andalucia;Manzanas;4505.533880985211;3720.543030240131;5290.524731730291;10403.408385320634;7686.610903115745;13120.205867525523;1.466552077150177;1.3858061679076166;1.5472979863927374
2020-02-01 00:00:00;Aragon;Manzanas;1442.64;1442.64;1442.64;1998.25;1998.25;1998.25;1.39;1.39;1.39
2020-03-01 00:00:00;Aragon;Manzanas;1585.0629514892273;1152.0058821978664;2018.1200207805882;1964.9383581378142;1176.8089088854567;2753.0678073901718;1.398838911473515;1.2254194560857679;1.572258366861262
2020-04-01 00:00:00;Aragon;Manzanas;1066.4749311873748;488.6446944856907;1644.3051678890588;1769.6003855054178;773.1142778774708;2766.0864931333645;1.3952980805148978;1.21872348666339;1.5718726743664055
2020-05-01 00:00:00;Aragon;Manzanas;881.0593256990554;207.63392082280575;1554.484730575305;1678.2726251027552;491.21553372951894;2865.3297164759915;1.4094614043493663;1.2297870687288692;1.5891357399698633
2020-06-01 00:00:00;Aragon;Manzanas;646.910666424668;-26.514738451581707;1320.3360713009176;1469.1980046396402;147.29422882903305;2791.101780450247;1.402379742432132;1.219658242417741;1.5851012424465232
2020-02-01 00:00:00;Asturias;Manzanas;1290.01;1290.01;1290.01;2043.11;2043.11;2043.11;1.58;1.58;1.58
2020-03-01 00:00:00;Asturias;Manzanas;1543.9985750173503;1121.9060089688824;1966.0911410658182;1651.5787309935904;687.3382683448788;2615.819193642302;1.6190967771683527;1.4647911034733174;1.7734024508633879
2020-04-01 00:00:00;Asturias;Manzanas;1270.4767272097017;832.6508083859169;1708.3026460334866;1087.466866937095;84.90386988347541;2090.029863990714;1.6180247483536379;1.3746431299444932;1.8614063667627825
2020-05-01 00:00:00;Asturias;Manzanas;1393.7127570892221;883.9397864627465;1903.4857277156977;1653.0007132507435;265.9040493212242;3040.097377180263;1.6165953766006849;1.3089283757305392;1.9242623774708305
2020-06-01 00:00:00;Asturias;Manzanas;754.1997362062409;244.4267655797654;1263.9727068327165;1219.950804284657;-167.56261023451543;2607.464218803829;1.619811463044829;1.2591407618929251;1.980482164196733
2020-02-01 00:00:00;Baleares;Manzanas;1098.97;1098.97;1098.97;1655.96;1655.96;1655.96;1.51;1.51;1.51
2020-03-01 00:00:00;Baleares;Manzanas;1133.5544096602398;779.6160704389621;1487.4927488815174;1896.6881662551623;1615.271081951507;2178.1052505588177;1.4973122545570519;1.3962658530689394;1.5983586560451644
2020-04-01 00:00:00;Baleares;Manzanas;1392.5043801357176;1035.715266820989;1749.2934934504462;2296.1681437464445;1909.2906575982192;2683.0456298946697;1.4934699312049233;1.3882525580543026;1.598687304355544
2020-05-01 00:00:00;Baleares;Manzanas;1091.5423156403456;645.6142375836316;1537.4703936970595;2041.190683174981;1653.1029407970875;2429.278425552874;1.487066058951376;1.3778368688429756;1.5962952490597764
2020-06-01 00:00:00;Baleares;Manzanas;920.8479568976181;474.9198788409041;1366.776034954332;1749.7886648590481;1354.6608412727244;2144.916488445372;1.5062776757120182;1.393178885573674;1.6193764658503624
2020-02-01 00:00:00;Canarias;Manzanas;1752.37;1752.37;1752.37;2714.9;2714.9;2714.9;1.55;1.55;1.55
2020-03-01 00:00:00;Canarias;Manzanas;2364.773976624194;1710.28674803813;3019.2612052102577;3134.899933562884;2345.8020625147237;3923.9978046110446;1.530953405928083;1.446381520211051;1.6155252916451148
2020-04-01 00:00:00;Canarias;Manzanas;1660.0473965334934;1005.5519809151032;2314.5428121518835;2395.327818046871;1497.2872236962016;3293.3684123975404;1.5350962828789645;1.4488112073776724;1.6213813583802565
2020-05-01 00:00:00;Canarias;Manzanas;2064.3310804914613;1191.2067308913543;2937.4554300915684;2753.581309336295;1852.7165496730734;3654.4460689995167;1.532728924621318;1.4447640188077346;1.6206938304349015
2020-06-01 00:00:00;Canarias;Manzanas;1875.6353692948012;1002.5110196946941;2748.7597188949085;2478.3601403164216;1572.2836928142515;3384.4365878185918;1.5321370850569065;1.4425238323800755;1.6217503377337374
2020-02-01 00:00:00;Cantabria;Manzanas;585.96;585.96;585.96;812.88;812.88;812.88;1.39;1.39;1.39
2020-03-01 00:00:00;Cantabria;Manzanas;716.7450886985634;604.5036949178997;828.9864824792272;1060.0746634059087;878.2893522048871;1241.8599746069303;1.3844997997770254;1.240688055860318;1.528311543693733
2020-04-01 00:00:00;Cantabria;Manzanas;517.2146480123752;327.5335415568467;706.8957544679035;644.3398234376291;440.7827202654811;847.8969266097771;1.3912884449929734;1.235731449312055;1.5468454406738918
2020-05-01 00:00:00;Cantabria;Manzanas;556.2379159156327;361.26062361554773;751.2152082157177;655.2079050242353;400.259787617217;910.1560224312536;1.388271269341441;1.2217956251102746;1.5547469135726073
2020-06-01 00:00:00;Cantabria;Manzanas;487.8314207237612;292.85412842367623;682.8087130238462;497.871052236179;239.16139191005385;756.5807125623041;1.3912884449929734;1.2145674747062232;1.5680094152797237
2020-02-01 00:00:00;Castilla la mancha;Manzanas;1517.55;1517.55;1517.55;2202.72;2202.72;2202.72;1.45;1.45;1.45
2020-03-01 00:00:00;Castilla la mancha;Manzanas;1512.5727019909489;1227.0541318569126;1798.0912721249852;2509.551065469157;1549.358506192945;3469.743624745369;1.4311856396901939;1.3466001511916756;1.515771128188712
2020-04-01 00:00:00;Castilla la mancha;Manzanas;1288.936369516185;973.1691404262232;1604.703598606147;2296.336563033724;1126.326231380276;3466.3468946871717;1.4344574379066921;1.349871858636013;1.5190430171773712
2020-05-01 00:00:00;Castilla la mancha;Manzanas;1320.5913320348532;981.2695173782953;1659.913146691411;2250.1364855073;758.927372317097;3741.345598697503;1.4328215387984429;1.3482358687557003;1.5174072088411854
2020-06-01 00:00:00;Castilla la mancha;Manzanas;939.4811459938052;600.1593313372473;1278.802960650363;1967.6965964812962;217.71525844162966;3717.6779345209625;1.4426369334479379;1.3580511726332292;1.5272226942626466
2020-02-01 00:00:00;Castilla leon;Manzanas;2512.23;2512.23;2512.23;3314.56;3314.56;3314.56;1.32;1.32;1.32
2020-03-01 00:00:00;Castilla leon;Manzanas;2717.6594748875455;2219.9939587853196;3215.3249909897713;3327.9086346902677;1060.3319612092537;5595.485308171282;1.3625388619039434;1.1985378120805648;1.526539911727322
2020-04-01 00:00:00;Castilla leon;Manzanas;2896.7898394243102;2333.9205173691407;3459.6591614794797;3315.267806436875;971.0574796275209;5659.47813324623;1.3625388619039434;1.1985378110799196;1.526539912727967
2020-05-01 00:00:00;Castilla leon;Manzanas;2502.840830970553;1789.8804654160135;3215.801196525092;3039.945789559769;668.3103738694258;5411.581205250111;1.351931867503093;1.1879308156784238;1.515932919327762
2020-06-01 00:00:00;Castilla leon;Manzanas;1650.5488978838277;937.5885323292883;2363.5092634383673;2330.1885463716735;-44.02796066743804;4704.405053410785;1.3678423591043687;1.2038413062790545;1.5318434119296829
2020-02-01 00:00:00;Cataluña;Manzanas;7936.25;7936.25;7936.25;11697.37;11697.37;11697.37;1.47;1.47;1.47
2020-03-01 00:00:00;Cataluña;Manzanas;8625.97456300359;7653.566229755657;9598.382896251524;13238.229558938587;10308.509451753533;16167.94966612364;1.4631101572738194;1.415585986966122;1.5106343275815168
2020-04-01 00:00:00;Cataluña;Manzanas;7350.861086524099;6340.184144063531;8361.538028984667;12669.934265265878;7197.802963968991;18142.065566562764;1.452922827785001;1.4053944600701012;1.500451195499901
2020-05-01 00:00:00;Cataluña;Manzanas;7284.7007282820605;6111.428581987461;8457.972874576659;12821.952205431051;5540.926495007367;20102.977915854735;1.4651476231715832;1.4176150584201368;1.5126801879230296
2020-06-01 00:00:00;Cataluña;Manzanas;5059.074005299738;3885.801859005139;6232.346151594337;10867.75101162381;1997.6652302817984;19737.83679296582;1.467185089069347;1.4196483276519118;1.514721850486782
2020-02-01 00:00:00;Extremadura;Manzanas;877.96;877.96;877.96;1192.43;1192.43;1192.43;1.36;1.36;1.36
2020-03-01 00:00:00;Extremadura;Manzanas;898.718805091242;641.5354816137587;1155.9021285687252;1626.8656329471712;1487.9273895552597;1765.8038763390828;1.367026944130046;1.2695644042797154;1.4644894839803766
2020-04-01 00:00:00;Extremadura;Manzanas;790.917683757036;523.3703858496938;1058.4649816643782;1114.7065733145323;839.189307598152;1390.2238390309126;1.3507609293524434;1.231675668377025;1.469846190327862
2020-05-01 00:00:00;Extremadura;Manzanas;770.8419373989915;461.1500635086481;1080.5338112893348;1542.2354625819266;1182.4887321267838;1901.9821930370695;1.3670269441300473;1.2296819329753288;1.5043719552847659
2020-06-01 00:00:00;Extremadura;Manzanas;413.4616072539501;103.76973336360669;723.1534811442934;826.0596821843359;411.3837871697712;1240.7355771989005;1.3763218097172536;1.2228747348132465;1.5297688846212607
2020-02-01 00:00:00;Galicia;Manzanas;3036.96;3036.96;3036.96;4300.31;4300.31;4300.31;1.42;1.42;1.42
2020-03-01 00:00:00;Galicia;Manzanas;1860.6904752202377;433.38583751893793;3287.9951129215374;3552.1372717477425;2477.076962879205;4627.19758061628;1.4585072825646865;1.3293886634297103;1.5876259016996628
2020-04-01 00:00:00;Galicia;Manzanas;1700.9917111226084;-293.26218838156115;3695.245610626778;3476.092176498891;2473.280286282354;4478.904066715429;1.4585072825646865;1.3259117989979579;1.5911027661314152
2020-05-01 00:00:00;Galicia;Manzanas;1806.2439993047437;-556.7562873612201;4169.244285970708;3201.187544768104;2189.0079359891233;4213.367153547085;1.4669148283713804;1.3309313487965946;1.6028983079461663
2020-06-01 00:00:00;Galicia;Manzanas;1333.4808679200628;-1029.519418745901;3696.4811545860266;2999.3470730651584;2006.4437715816368;3992.25037454868;1.466074073790711;1.3267849817115471;1.6053631658698748
2020-02-01 00:00:00;La rioja;Manzanas;252.33;252.33;252.33;366.61;366.61;366.61;1.45;1.45;1.45
2020-03-01 00:00:00;La rioja;Manzanas;277.3238162956432;-22.916253315498352;577.5638859067848;661.69829402596;289.0251112594897;1034.3714767924303;1.5167480372057325;1.2096012570551165;1.8238948173563485
2020-04-01 00:00:00;La rioja;Manzanas;375.58960750632735;55.56073112977839;695.6184838828763;1148.4074310049111;753.937875078867;1542.8769869309554;1.5259036902988234;1.2187534810361678;1.8330538995614791
2020-05-01 00:00:00;La rioja;Manzanas;297.66809505830776;-22.39633992620685;617.7325300428224;914.8350113960628;463.89386231548957;1365.776160476636;1.4801254248333682;1.1729717864969555;1.7872790631697808
2020-06-01 00:00:00;La rioja;Manzanas;209.2146709137065;-110.8497640708081;529.2791058982211;590.9247839615978;108.0007251215909;1073.8488428016046;1.5136961528413686;1.2065390854694813;1.820853220213256
2020-02-01 00:00:00;Madrid;Manzanas;6204.32;6204.32;6204.32;9439.29;9439.29;9439.29;1.52;1.52;1.52
2020-03-01 00:00:00;Madrid;Manzanas;6404.559462720343;4917.303029446067;7891.815895994619;11345.875787389483;9930.710563677545;12761.04101110142;1.503271646020548;1.4302506272247033;1.5762926648163926
2020-04-01 00:00:00;Madrid;Manzanas;5669.141080041956;4176.402405853957;7161.879754229955;11582.954480553512;10138.945289155798;13026.963671951225;1.5029245726975973;1.4266216040373259;1.5792275413578687
2020-05-01 00:00:00;Madrid;Manzanas;5108.76800135368;3400.4404089156405;6817.09559379172;12559.14908887379;11040.173373964071;14078.124803783508;1.505007012635302;1.4255575515499197;1.584456473720684
2020-06-01 00:00:00;Madrid;Manzanas;3805.3890467356796;2097.06145429764;5513.716639173719;12949.310740107101;11299.132029224362;14599.48945098984;1.5046599393123512;1.422183938517302;1.5871359401074003
2020-02-01 00:00:00;Murcia;Manzanas;1386.31;1386.31;1386.31;2017.43;2017.43;2017.43;1.46;1.46;1.46
2020-03-01 00:00:00;Murcia;Manzanas;1225.9976753224398;1013.8395498493408;1438.1558007955389;1714.2363481206903;1335.1305365691176;2093.3421596722633;1.4725648158653397;1.400561268084988;1.5445683636456915
2020-04-01 00:00:00;Murcia;Manzanas;1464.5529741068642;1252.1299393515746;1676.9760088621538;2249.188507237948;1870.7294452178203;2627.647569258076;1.469527984681238;1.3954720663455054;1.5435839030169705
2020-05-01 00:00:00;Murcia;Manzanas;1003.40890405527;761.7084566701585;1245.1093514403815;1660.625313225371;1287.7807219010804;2033.4699045496616;1.4725648158653397;1.3965118922651256;1.5486177394655538
2020-06-01 00:00:00;Murcia;Manzanas;718.8707567405282;477.17030935541675;960.5712041256397;1131.1472863719298;762.7822051347883;1499.5123676090711;1.481675309417645;1.4036764931719397;1.5596741256633502
2020-02-01 00:00:00;Navarra;Manzanas;595.82;595.82;595.82;888.55;888.55;888.55;1.49;1.49;1.49
2020-03-01 00:00:00;Navarra;Manzanas;799.6002796694406;-4.78606871894749;1603.9866280578287;1114.0262395482864;199.4595433245944;2028.5929357719783;1.3924716271969984;1.2136119334913846;1.571331320902612
2020-04-01 00:00:00;Navarra;Manzanas;1018.0888555979807;205.77122524950823;1830.4064859464531;1301.149628212971;291.45529237152164;2310.84396405442;1.4168420082946707;1.2379822656515904;1.595701750937751
2020-05-01 00:00:00;Navarra;Manzanas;756.6410205462049;-56.45320891617905;1569.735250008589;1011.9641883786387;-6.622497169345934;2030.5508739266234;1.4013335839597882;1.2224737923792548;1.5801933755403217
2020-06-01 00:00:00;Navarra;Manzanas;795.730688171042;-17.363541291342017;1608.824917633426;945.8524522041364;-74.88707868088568;1966.5919830891585;1.4389969002016456;1.2601370596836723;1.617856740719619
2020-02-01 00:00:00;Pais vasco;Manzanas;2488.49;2488.49;2488.49;3689.73;3689.73;3689.73;1.48;1.48;1.48
2020-03-01 00:00:00;Pais vasco;Manzanas;2675.0028296953355;2201.4016803368236;3148.6039790538475;4376.430486622123;3851.582737903857;4901.278235340388;1.5034626226948398;1.4305549397366286;1.576370305653051
2020-04-01 00:00:00;Pais vasco;Manzanas;2593.3093962361518;2091.943620665435;3094.6751718068685;3813.1767899813312;3185.7541905296753;4440.599389432987;1.5055593096308653;1.4314084146278665;1.579710204633864
2020-05-01 00:00:00;Pais vasco;Manzanas;2675.4644345046145;2158.477101117985;3192.451767891244;4128.628707132767;3500.630582526336;4756.626831739198;1.5118493704389417;1.436475766139051;1.5872229747388324
2020-06-01 00:00:00;Pais vasco;Manzanas;1745.8435065293156;1228.8561731426862;2262.830839915945;2271.841945640989;1644.0021601684512;2899.6817311135264;1.5139460573749672;1.4373692644115164;1.5905228503384181
2020-02-01 00:00:00;Valencia;Manzanas;4347.56;4347.56;4347.56;6296.24;6296.24;6296.24;1.45;1.45;1.45
2020-03-01 00:00:00;Valencia;Manzanas;5754.878220714881;4736.4885426646115;6773.26789876515;7052.169329525592;5966.28591371582;8138.052745335363;1.468503131222808;1.4190176502136718;1.5179886122319444
2020-04-01 00:00:00;Valencia;Manzanas;4144.672700844414;2079.3810245929276;6209.964377095901;5942.003030883274;4939.014682540392;6944.991379226156;1.468503131222808;1.4190176493120148;1.5179886131336013
2020-05-01 00:00:00;Valencia;Manzanas;3199.4745365278823;986.2547598436022;5412.694313212162;6556.580330849726;5524.913980859084;7588.246680840368;1.4629379396344324;1.4134524568219822;1.5124234224468827
2020-06-01 00:00:00;Valencia;Manzanas;1993.7369763051183;-219.48280037916174;4206.956752989398;4281.42748510787;3244.6983942491092;5318.15657596663;1.469894429119902;1.4204089454057947;1.5193799128340095
2020-02-01 00:00:00;Nacional;Peras;20699.88;20699.88;20699.88;32724.15;32724.15;32724.15;1.58;1.58;1.58
2020-03-01 00:00:00;Nacional;Peras;20370.584659787655;16749.72914025185;23991.44017932346;39386.22781535294;35177.31123463735;43595.14439606853;1.5656163910842147;1.4949079716967133;1.636324810471716
2020-04-01 00:00:00;Nacional;Peras;18418.631137361714;13605.916981532604;23231.345293190825;36494.58516269124;27392.518657409157;45596.651667973325;1.5570803385697125;1.476783676360811;1.637377000778614
2020-05-01 00:00:00;Nacional;Peras;19008.466752928292;13246.866589130725;24770.06691672586;34730.636503944705;22566.050286792157;46895.22272109725;1.5887435731054458;1.5051345780652678;1.6723525681456237
2020-06-01 00:00:00;Nacional;Peras;18252.503012759997;11677.670053576316;24827.335971943678;26214.82075783513;11616.597211349024;40813.04430432123;1.6176781884387512;1.523248392687866;1.7121079841896365
2020-07-01 00:00:00;Nacional;Peras;18970.196621524377;11672.203334193204;26268.18990885555;22561.354992416982;5880.858052569005;39241.85193226496;1.6041096696476191;1.5013197210828573;1.706899618212381
2020-08-01 00:00:00;Nacional;Peras;19423.32666382576;11467.638489480301;27379.014838171217;27672.016526669693;9141.806813836825;46202.22623950256;1.606156155010542;1.4980650650323084;1.7142472449887758
2020-09-01 00:00:00;Nacional;Peras;18191.46471998244;9628.448859879933;26754.480580084946;35853.40879211436;15641.99926120574;56064.81832302298;1.6194212456866397;1.5048007669439805;1.734041724429299
2020-10-01 00:00:00;Nacional;Peras;21134.484918397782;12004.45255660329;30264.517280192274;43531.382490993965;21768.373551219185;65294.391430768745;1.5942714318752236;1.4732012783847337;1.7153415853657135
2020-11-01 00:00:00;Nacional;Peras;22555.385305770116;12891.558802012263;32219.21180952797;42009.74553768315;18798.44741573993;65221.04365962637;1.5904304822687971;1.4639457834279428;1.7169151811096515
2020-02-01 00:00:00;Andalucia;Peras;3245.44;3245.44;3245.44;4960.79;4960.79;4960.79;1.53;1.53;1.53
2020-03-01 00:00:00;Andalucia;Peras;3447.4020993488502;2449.14945917723;4445.654739520471;5370.3736414201785;4515.1988706659695;6225.5484121743875;1.4996367449825152;1.4150336552180218;1.5842398347470086
2020-04-01 00:00:00;Andalucia;Peras;3291.195438627935;1976.9771401451721;4605.413737110697;4995.618033196026;3960.178654072799;6031.057412319253;1.531194489824047;1.4460560955159067;1.6163328841321873
2020-05-01 00:00:00;Andalucia;Peras;3171.811214560745;1604.341972220776;4739.280456900715;4620.045261803551;3432.172467805381;5807.91805580172;1.5223777574772077;1.426188011273732;1.6185675036806835
2020-06-01 00:00:00;Andalucia;Peras;2879.8957524456005;1094.751616013109;4665.039888878092;4191.677493641007;2868.834766968368;5514.520220313645;1.5369535011993463;1.4322541045449777;1.6416528978537148
2020-02-01 00:00:00;Aragon;Peras;595.36;595.36;595.36;941.6;941.6;941.6;1.58;1.58;1.58
2020-03-01 00:00:00;Aragon;Peras;720.420885562688;531.4805018181426;909.3612693072334;1168.8645215702454;935.3633545256997;1402.3656886147912;1.520418387969172;1.3828951281363715;1.6579416478019724
2020-04-01 00:00:00;Aragon;Peras;667.1397437665269;377.07642168905215;957.2030658440016;1063.5907749081284;710.752939150329;1416.4286106659279;1.5984209256658637;1.4395761007798893;1.757265750551838
2020-05-01 00:00:00;Aragon;Peras;668.6726601272007;304.5673551540185;1032.777965100383;1052.4672459418066;611.487796008774;1493.4466958748392;1.6041490445764794;1.4438695536740878;1.7644285354788711
2020-06-01 00:00:00;Aragon;Peras;576.976492146605;151.52541777714862;1002.4275665160613;910.5714517811184;396.34269482615014;1424.8002087360867;1.5558890036431918;1.3764132069145008;1.735364800371883
2020-02-01 00:00:00;Asturias;Peras;552.97;552.97;552.97;950.54;950.54;950.54;1.72;1.72;1.72
2020-03-01 00:00:00;Asturias;Peras;452.9530035583841;230.1686127719897;675.7373943447785;744.6140633363852;483.15839549085604;1006.0697311819144;1.6230190405591585;1.1967559072145084;2.0492821739038085
2020-04-01 00:00:00;Asturias;Peras;457.6947686818719;-34.91712539493625;950.30666275868;657.1773601840335;395.7079216181234;918.6467987499436;1.623277365313075;1.1952587853325578;2.0512959452935924
2020-05-01 00:00:00;Asturias;Peras;445.18001415325904;-214.6975712356995;1105.0575995422175;736.2733962552131;474.8036959812665;997.7430965291597;1.6754482105776585;1.2089413412806205;2.1419550798746965
2020-06-01 00:00:00;Asturias;Peras;330.491469366145;-462.1064819857186;1123.0894207180086;587.6460882545739;326.17620459826196;849.1159719108858;1.6842229126956287;1.160102698172996;2.2083431272182614
2020-02-01 00:00:00;Baleares;Peras;430.3;430.3;430.3;635.37;635.37;635.37;1.48;1.48;1.48
2020-03-01 00:00:00;Baleares;Peras;423.8453105147723;279.83526236045566;567.8553586690889;564.2051660494177;405.2338848405144;723.176447258321;1.4703022038442704;1.300297003304433;1.6403074043841077
2020-04-01 00:00:00;Baleares;Peras;424.28907750449645;195.9870576373065;652.5910973716864;608.2358847172915;449.26160319192667;767.2101662426562;1.4556944796261546;1.2647606371338247;1.6466283221184845
2020-05-01 00:00:00;Baleares;Peras;373.801103463297;84.83205569059777;662.7701512359963;482.98339206105044;324.0090007401096;641.9577833819912;1.4892538749523327;1.2959049730776722;1.6826027768269933
2020-06-01 00:00:00;Baleares;Peras;335.4577385390199;-3.4882889940715813;674.4037660721114;458.2054009723118;299.2309075829296;617.179894361694;1.6506249028756816;1.4303687647349919;1.8708810410163714
2020-02-01 00:00:00;Canarias;Peras;1155.65;1155.65;1155.65;1960.33;1960.33;1960.33;1.7;1.7;1.7
2020-03-01 00:00:00;Canarias;Peras;1314.6233693191207;874.4321287376083;1754.814609900633;2287.4234101522397;1775.4162173581335;2799.430602946346;1.579607001445175;1.441572570963983;1.717641431926367
2020-04-01 00:00:00;Canarias;Peras;1164.7630005651324;608.1501031408218;1721.375897989443;2288.03681462291;1693.6729423188217;2882.400686926998;1.7150386066791776;1.5767417728317363;1.853335440526619
2020-05-01 00:00:00;Canarias;Peras;1159.990719416588;507.46967218583745;1812.5117666473386;2104.959605465589;1438.6285555624977;2771.2906553686803;1.6413275906802158;1.4654116947629003;1.8172434865975313
2020-06-01 00:00:00;Canarias;Peras;1057.210391950513;321.17424975243;1793.2465341485959;1962.5677620263468;1231.3206683138428;2693.814855738851;1.7303203237810754;1.5526408514350483;1.9079997961271025
2020-02-01 00:00:00;Cantabria;Peras;170.99;170.99;170.99;265.56;265.56;265.56;1.55;1.55;1.55
2020-03-01 00:00:00;Cantabria;Peras;200.21769058645532;98.42497780203823;302.0104033708724;274.48674425913606;167.02747768961885;381.94601082865324;1.455566261442114;1.2644191995340819;1.6467133233501463
2020-04-01 00:00:00;Cantabria;Peras;159.10331828120934;42.12707833355141;276.07955822886726;294.4466164119468;186.1097433996452;402.78348942424844;1.5241252579151274;1.3326141190342307;1.7156363967960242
2020-05-01 00:00:00;Cantabria;Peras;163.3159686931949;32.91487587076148;293.7170615156283;271.9683806207776;162.76642683849653;381.17033440305875;1.495350637804307;1.252241558331161;1.7384597172774532
2020-06-01 00:00:00;Cantabria;Peras;147.76245650004424;5.195107409107152;290.3298055909813;238.5918115100796;128.5315807449396;348.6520422752196;1.5246394790969877;1.2766867174212606;1.7725922407727148
2020-02-01 00:00:00;Castilla la mancha;Peras;839.79;839.79;839.79;1303.75;1303.75;1303.75;1.55;1.55;1.55
2020-03-01 00:00:00;Castilla la mancha;Peras;956.4867627665515;641.3922076786916;1271.5813178544113;1434.6052307044697;1114.498850754853;1754.7116106540864;1.4965919458872106;1.348674711124874;1.644509180649547
2020-04-01 00:00:00;Castilla la mancha;Peras;786.3679344604508;322.0361113950318;1250.6997575258697;993.1591375384696;516.3100973652242;1470.008177711715;1.4767669520459703;1.3202117083637808;1.6333221957281598
2020-05-01 00:00:00;Castilla la mancha;Peras;748.3335049095151;172.20905055751166;1324.4579592615187;903.856120033366;310.31047633434105;1497.401763732391;1.5097374694164212;1.3472383885548453;1.672236550277997
2020-06-01 00:00:00;Castilla la mancha;Peras;639.772765294671;-29.73058421643509;1309.276114805777;710.2177098812604;19.41537669439481;1401.020043068126;1.5125434389366472;1.3243637639891728;1.7007231138841217
2020-02-01 00:00:00;Castilla leon;Peras;1114.12;1114.12;1114.12;1635.81;1635.81;1635.81;1.47;1.47;1.47
2020-03-01 00:00:00;Castilla leon;Peras;1256.503914797122;525.774812641339;1987.233016952905;2003.0419482292596;1484.9180877088154;2521.1658087497035;1.3504002365527905;1.1567121362579669;1.5440883368476142
2020-04-01 00:00:00;Castilla leon;Peras;1125.9713514892799;115.32866529094451;2136.614037687615;1789.462992039669;1255.5314308918646;2323.3945531874733;1.4400437847169487;1.2132145832883565;1.666872986145541
2020-05-01 00:00:00;Castilla leon;Peras;1139.8838903671751;-88.449684799014;2368.2174655333642;1875.071629281434;1326.3910619347976;2423.7521966280706;1.332942364329612;1.004146742950867;1.6617379857083572
2020-06-01 00:00:00;Castilla leon;Peras;979.1875684787402;-433.6846995864795;2392.05983654396;1203.6069065009283;640.5728564761531;1766.6409565257036;1.4068510138525863;1.0429846270100038;1.7707174006951687
2020-02-01 00:00:00;Cataluña;Peras;3554.52;3554.52;3554.52;5849.77;5849.77;5849.77;1.65;1.65;1.65
2020-03-01 00:00:00;Cataluña;Peras;3740.4309268644065;2641.748122029051;4839.113731699762;6265.5731631861;5084.779915250003;7446.366411122197;1.592101599307843;1.4769127948440712;1.7072904037716146
2020-04-01 00:00:00;Cataluña;Peras;3401.024661783871;1580.3520499636534;5221.697273604089;5418.853556016211;3616.2938405624486;7221.413271469974;1.6453352490727986;1.5159641684084755;1.7747063297371217
2020-05-01 00:00:00;Cataluña;Peras;3424.521008457567;1097.9365892585738;5751.10542765656;5488.946305280955;3229.7095813697924;7748.183029192118;1.6685424066524495;1.536668832553846;1.800415980751053
2020-06-01 00:00:00;Cataluña;Peras;2958.3241561421496;217.6202626205818;5699.028049663717;4261.554149645002;1623.5472499739458;6899.561049316058;1.7676121225731627;1.6175605298111397;1.9176637153351856
2020-02-01 00:00:00;Extremadura;Peras;473.4;473.4;473.4;690.28;690.28;690.28;1.46;1.46;1.46
2020-03-01 00:00:00;Extremadura;Peras;475.06713548500846;260.2397350448704;689.8945359251466;755.8187962975968;518.3393447580529;993.2982478371407;1.6329344654706857;1.3829257177605927;1.8829432131807786
2020-04-01 00:00:00;Extremadura;Peras;507.30865367374304;292.471981892463;722.1453254550231;732.4250554147673;482.6291566450394;982.2209541844951;1.62397247226679;1.2467613744679311;2.001183570065649
2020-05-01 00:00:00;Extremadura;Peras;417.5345587739017;202.69609788410844;632.373019663695;720.3687478158711;458.8947338204868;981.8427618112553;1.76822123600044;1.309374944865236;2.2270675271356435
2020-06-01 00:00:00;Extremadura;Peras;385.67122378354065;170.83100347379786;600.5114440932834;660.5038966655982;387.85167185158184;933.1561214796145;1.583773675253936;1.058735023733088;2.108812326774784
2020-02-01 00:00:00;Galicia;Peras;1184.91;1184.91;1184.91;1933.76;1933.76;1933.76;1.63;1.63;1.63
2020-03-01 00:00:00;Galicia;Peras;1249.7927336569514;752.7542528692838;1746.831214444619;1845.951080739586;1322.3151021051085;2369.5870593740633;1.5799710990895872;1.4458932960764033;1.7140489021027712
2020-04-01 00:00:00;Galicia;Peras;1252.3787709310382;552.83232642638;1951.9252154356964;1763.9026883273248;1240.1503468331978;2287.6550298214515;1.5240793001032693;1.3783799833645374;1.6697786168420012
2020-05-01 00:00:00;Galicia;Peras;1140.2802873507592;284.8956410521092;1995.6649336494092;1810.0321189108238;1286.2772189463983;2333.7870188752495;1.6098767124051312;1.4639449752531402;1.7558084495571222
2020-06-01 00:00:00;Galicia;Peras;951.0982327978116;-35.81643330202735;1938.0128988976508;1189.1180431014814;665.3629652391555;1712.8731209638072;1.599067788434484;1.4277391188372361;1.7703964580317317
2020-02-01 00:00:00;La rioja;Peras;89.67;89.67;89.67;124.64;124.64;124.64;1.39;1.39;1.39
2020-03-01 00:00:00;La rioja;Peras;105.21288102743209;33.71829145435731;176.70747060050687;164.5365336265614;23.701883313957126;305.3711839391657;1.4911890461241835;1.1661639017963095;1.8162141904520575
2020-04-01 00:00:00;La rioja;Peras;108.1567067118284;36.66133380492654;179.65207961873028;158.4496899329877;17.612955704997148;299.28642416097824;1.4116449297552696;1.0865006889271145;1.7367891705834246
2020-05-01 00:00:00;La rioja;Peras;104.32475197920417;32.82886807174185;175.82063588666648;152.57961680304138;11.742878481683675;293.41635512439905;1.4804763421681357;1.0947937313861966;1.8661589529500748
2020-06-01 00:00:00;La rioja;Peras;91.16945866658655;19.673063884254887;162.6658534489182;140.07582447557667;-0.7609143098648872;280.91256326101825;1.4635718252916454;1.0595785950391468;1.867565055544144
2020-02-01 00:00:00;Madrid;Peras;3171.66;3171.66;3171.66;5024.27;5024.27;5024.27;1.58;1.58;1.58
2020-03-01 00:00:00;Madrid;Peras;3364.2408073927613;2500.1451223787644;4228.336492406758;5376.3749801437725;4420.167573269252;6332.582387018293;1.570939228139937;1.5078860663006357;1.6339923899792383
2020-04-01 00:00:00;Madrid;Peras;3165.189596223129;1597.8220458368417;4732.557146609416;4745.800367861816;3063.0823277111986;6428.518408012434;1.5751597694206008;1.484838471505759;1.6654810673354425
2020-05-01 00:00:00;Madrid;Peras;3009.218805136106;970.7930391401894;5047.644571132022;4502.128156192789;2325.7646845838735;6678.491627801704;1.5799016160922879;1.465480714021816;1.6943225181627597
2020-06-01 00:00:00;Madrid;Peras;2464.17606925323;44.65276091498254;4883.699377591477;3466.9683059586823;889.7593868256681;6044.1772250916965;1.5876851153067566;1.453273644049664;1.7220965865638491
2020-02-01 00:00:00;Murcia;Peras;607.62;607.62;607.62;1001.85;1001.85;1001.85;1.65;1.65;1.65
2020-03-01 00:00:00;Murcia;Peras;635.6900659695513;451.4970408038715;819.883091135231;958.6804202262981;767.7841677934507;1149.5766726591455;1.5643446843388278;1.3860605514509103;1.7426288172267452
2020-04-01 00:00:00;Murcia;Peras;635.6421701233601;345.07897693942147;926.2053633072987;969.7712748641047;761.2036899563623;1178.3388597718472;1.5451686626006003;1.2815359994019244;1.808801325799276
2020-05-01 00:00:00;Murcia;Peras;609.0524711720151;241.72855487511805;976.3763874689121;954.014625854323;729.1855202478855;1178.8437314607604;1.623089517859064;1.3457341953149813;1.9004448404031469
2020-06-01 00:00:00;Murcia;Peras;605.7285273199869;175.11646321797906;1036.3405914219948;914.2806900763848;674.2894465932201;1154.2719335595496;1.6348912293247393;1.3496207571233807;1.9201617015260979
2020-02-01 00:00:00;Navarra;Peras;200.48;200.48;200.48;319.64;319.64;319.64;1.59;1.59;1.59
2020-03-01 00:00:00;Navarra;Peras;182.9588374699738;28.171787503149346;337.7458874367982;273.1435637983243;15.18783737825055;531.099290218398;1.5619437928916873;1.1279047273395695;1.995982858443805
2020-04-01 00:00:00;Navarra;Peras;186.948021437944;32.144485958324765;341.7515569175632;275.7481467106052;17.724305988932656;533.7719874322778;1.5741100532171848;1.116958622255549;2.031261484178821
2020-05-01 00:00:00;Navarra;Peras;174.36732564712165;19.562028295297864;329.1726229989454;261.7638520790719;3.7392938717830475;519.7884102863608;1.593193177194582;1.0677558458504288;2.118630508538735
2020-06-01 00:00:00;Navarra;Peras;199.30110135714492;44.4940692291367;354.10813348515313;259.09756073133894;1.072610318894192;517.1225111437836;1.5634406685968945;0.9880274326634055;2.138853904530383
2020-02-01 00:00:00;Pais vasco;Peras;1195.49;1195.49;1195.49;1847.69;1847.69;1847.69;1.55;1.55;1.55
2020-03-01 00:00:00;Pais vasco;Peras;1289.452504069274;817.8730540270411;1761.0319541115068;1785.0032164853205;1341.2385345552193;2228.7678984154218;1.6368450853889498;1.5162860646255738;1.7574041061523258
2020-04-01 00:00:00;Pais vasco;Peras;1186.9390658074299;549.4386445807837;1824.4394870340761;1838.0066951734098;1371.1945098409417;2304.818880505878;1.5808276886596588;1.458335107541629;1.7033202697776886
2020-05-01 00:00:00;Pais vasco;Peras;1200.7926431899807;432.41393508671376;1969.1713512932477;1680.1899156747738;1191.786410569096;2168.5934207804517;1.5535494010610356;1.4310537462045148;1.6760450559175564
2020-06-01 00:00:00;Pais vasco;Peras;1028.0941899813424;148.09143105999976;1908.0969489026852;1268.3630184022375;759.2868475176622;1777.4391892868127;1.6158452820620777;1.4567480926068577;1.7749424715172977
2020-02-01 00:00:00;Valencia;Peras;2117.52;2117.52;2117.52;3278.48;3278.48;3278.48;1.55;1.55;1.55
2020-03-01 00:00:00;Valencia;Peras;1989.4045083392934;1244.7277527479996;2734.0812639305873;2609.0269594761594;1911.9570939979762;3306.0968249543425;1.530646982444005;1.4369084185722572;1.6243855463157528
2020-04-01 00:00:00;Valencia;Peras;1897.0159462120137;955.9152451438508;2838.1166472801765;2160.581975265209;1462.7479639237442;2858.415986606674;1.5279317108539383;1.4336108753170724;1.6222525463908042
2020-05-01 00:00:00;Valencia;Peras;1905.244770162166;802.4553009878382;3008.034239336494;2636.650286075031;1938.4022488145115;3334.8983233355507;1.5945407748201506;1.4990647862429278;1.6900167633973733
2020-06-01 00:00:00;Valencia;Peras;1623.0914384154185;379.46293989536184;2866.719936935475;1783.2110393359417;1084.5614548222447;2481.8606238496386;1.5671680591892756;1.4470968134873825;1.6872393048911687
2020-02-01 00:00:00;Nacional;Melocotones;97.49;97.49;97.49;154.54;154.54;154.54;1.59;1.59;1.59
2020-03-01 00:00:00;Nacional;Melocotones;10.313751069619865;-14949.72944905937;14970.35695119861;87.37827877335643;-3951.673538529751;4126.430096076464;1.658025197867799;-1958.305988166206;1961.6220385619415
2020-04-01 00:00:00;Nacional;Melocotones;-35.74479757739614;-15702.748490083408;15631.258894928616;779.732938519029;-3327.020274641447;4886.4861516795045;3.0453183665181194;-1049.3692900119675;1055.4599267450037
2020-05-01 00:00:00;Nacional;Melocotones;-899.4107552673748;-16633.125111447327;14834.303600912579;10828.359751925194;6714.725463620996;14941.994040229392;1.9946423673571527;-247.98298000782006;251.97226474253438
2020-06-01 00:00:00;Nacional;Melocotones;-3723.9078816698243;-19464.061250791132;12016.245487451484;33485.69874001373;29371.35931609219;37600.03816393527;1.8304606136126105;-570.0574731197834;573.7183943470085
2020-07-01 00:00:00;Nacional;Melocotones;-6049.457882639259;-21790.234062995783;9691.318297717267;49622.84227491106;45508.43053262856;53737.25401719356;1.6425065789149036;-201.47995223907867;204.76496539690845
2020-08-01 00:00:00;Nacional;Melocotones;-6206.715288387641;-21947.551722148262;9534.121145372981;48255.75268893347;44141.333529086616;52370.17184878032;1.565986615581752;-127.19422319323434;130.32619642439784
2020-09-01 00:00:00;Nacional;Melocotones;-5885.012170966084;-21625.85443401117;9855.830092079002;49953.154847956204;45838.734927296486;54067.57476861592;1.6464821767616433;-151.9633617716236;155.2563261251469
2020-10-01 00:00:00;Nacional;Melocotones;-3443.405048924623;-19184.247875931567;12297.437778082323;37515.83514734188;33401.41514864621;41630.255146037554;1.9423470129113927;-26.995011916037633;30.879705941860415
2020-11-01 00:00:00;Nacional;Melocotones;-600.6336473514289;-16341.476528919622;15140.209234216763;6793.98844586703;2679.5684391672676;10908.408452566793;2.176044055551345;-46.169078389369794;50.52116650047248
2020-02-01 00:00:00;Andalucia;Melocotones;28.17;28.17;28.17;28.24;28.24;28.24;1.0;1.0;1.0
2020-03-01 00:00:00;Andalucia;Melocotones;-9.761188069977862;-9.799141762605737;-9.723234377349987;-7.139648857240729;-923.1707340527707;908.8914363382894;1.035612343432811;-1958.9283820344185;1960.9996067212842
2020-04-01 00:00:00;Andalucia;Melocotones;-716.4814700528054;-716.8285841731459;-716.1343559324649;85.94542753937935;-833.6188535195936;1005.5097085983523;2.2582793540861807;-2186.038568572737;2190.555127280909
2020-05-01 00:00:00;Andalucia;Melocotones;4509.027869893311;4505.872064500305;4512.183675286316;1482.3052443592314;562.6595909608968;2401.950897757566;2.897837395773059;-2041.7917474814167;2047.5874222729626
2020-06-01 00:00:00;Andalucia;Melocotones;-48841.1919832291;-48869.88109594982;-48812.50287050838;4786.294972238231;3866.647441164205;5705.942503312257;0.9300915479490368;-1836.9928287872578;1838.8530118831561
2020-02-01 00:00:00;Aragon;Melocotones;0.0;0.0;0.0;0.0;0.0;0.0;0.0;0.0;0.0
2020-03-01 00:00:00;Aragon;Melocotones;5.378424666397613e-07;-9.835321128785264e-05;9.942889622113215e-05;-0.02869718832986432;-495.26979050981976;495.21239613316;6.771165002863751e-16;-1959.9649293963798;1959.9649293963798
2020-04-01 00:00:00;Aragon;Melocotones;7.371972836153999e-07;-0.00013053931386392575;0.00013201370843115654;22.188491314227253;-414.29982265111664;458.6768052795711;3.2900000000000027;-2582.9746506831852;2589.554650683185
2020-05-01 00:00:00;Aragon;Melocotones;3.301658001280556e-05;-0.00011836099480691497;0.00018439415483252608;239.79808494065966;-169.8277478317128;649.4239177130321;1.82;-3991.836657399867;3995.4766573998672
2020-06-01 00:00:00;Aragon;Melocotones;0.0001434574944564916;-2.1605626264922497e-05;0.00030852061517790575;929.7476775851267;531.8075230327779;1327.6878321374754;1.7300000000000004;-6034.689105895886;6038.149105895885
2020-02-01 00:00:00;Asturias;Melocotones;13.73;13.73;13.73;18.93;18.93;18.93;1.38;1.38;1.38
2020-03-01 00:00:00;Asturias;Melocotones;-2528.8138107442924;-2528.8581180572073;-2528.7695034313774;-1.8971661050236104;-187.5776855169553;183.78335330690808;9.090789037593348;-1950.8743860020716;1969.0559640772583
2020-04-01 00:00:00;Asturias;Melocotones;-19578.062273616084;-19578.30568112526;-19577.818866106907;36.082847571861336;-158.14372292273362;230.30941806645632;60.23792073755603;-12851.088294269124;12971.564135744236
2020-05-01 00:00:00;Asturias;Melocotones;-91964.30146782314;-91965.61706205226;-91962.98587359402;416.9423772760608;222.63818472346207;611.2465698286596;360.7044923649138;-80861.27727472034;81582.68625945016
2020-06-01 00:00:00;Asturias;Melocotones;-538275.954228288;-538283.0609932076;-538268.8474633684;833.3516984660823;639.0467850296743;1027.6566119024903;2254.4201059373495;-507555.95350739517;512064.79371926986
2020-02-01 00:00:00;Baleares;Melocotones;0.0;0.0;0.0;0.0;0.0;0.0;0.0;0.0;0.0
2020-03-01 00:00:00;Baleares;Melocotones;-1.420137950842064e-09;-1.1444884632718427e-05;1.1442044356816744e-05;6.224718137152774;-437.1932695500245;449.64270582433005;6.219311088482611;-1953.7449114267126;1966.1835336036777
2020-04-01 00:00:00;Baleares;Melocotones;-1.0030666644783231e-08;-1.1453495161413054e-05;1.1433433828123489e-05;10.771794061799588;-420.2772623551209;441.8208504787201;1.2900536822918016;-2232.796754537377;2235.3768619019606
2020-05-01 00:00:00;Baleares;Melocotones;-9.691326584995047e-08;-1.1540377760618222e-05;1.1346551228918321e-05;204.82104047218772;-226.02626060130441;635.6683415456798;2.8461355480215715;-2188.773157934831;2194.4654290308745
2020-06-01 00:00:00;Baleares;Melocotones;-3.841400151306876e-07;-1.182760450989896e-05;1.1059324479637583e-05;536.9398680732969;106.09581138806669;967.7839247585271;1.7901771378005003;-2091.781320931086;2095.3616752066873
2020-02-01 00:00:00;Canarias;Melocotones;3.44;3.44;3.44;17.83;17.83;17.83;5.18;5.18;5.18
2020-03-01 00:00:00;Canarias;Melocotones;266.5650803136102;266.5626362160007;266.5675244112197;-6.0400743902028395;-392.0973484174393;380.0171996370336;3.9553686155092693;-1956.0107407440075;1963.9214779750262
2020-04-01 00:00:00;Canarias;Melocotones;36.19086139268828;36.188408065804666;36.19331471957189;42.24821079852801;-745.8224744374778;830.3188960345339;-0.9255629232769502;-109.73446662293054;107.88334077637663
2020-05-01 00:00:00;Canarias;Melocotones;-1414.657479021499;-1414.659932418084;-1414.655025624914;234.48441775037304;-1220.1436248917607;1689.1124603925068;1.7224737142250326;-1566.2023237745864;1569.6472712030366
2020-06-01 00:00:00;Canarias;Melocotones;-3192.4303518375127;-3192.432805234625;-3192.4278984404004;938.8914479517886;-1678.4161793343465;3556.1990752379234;2.3740324864027356;-172.02245847421963;176.7705234470251
2020-02-01 00:00:00;Cantabria;Melocotones;0.0;0.0;0.0;0.0;0.0;0.0;0.0;0.0;0.0
2020-03-01 00:00:00;Cantabria;Melocotones;1.1171695148215229e-29;-0.0005381591565409112;0.0005381591565409112;0.7150109299328608;-391.54535972497445;392.9753815848402;-1.96998311587105;-1961.934150525349;1957.994184293607
2020-04-01 00:00:00;Cantabria;Melocotones;-5.379837078448021e-14;-0.0005381591565947171;0.0005381591564871204;6.972712679562619;-388.4317549035976;402.37718026272285;1.958423240323659;-2009.337171004903;2013.25401748555
2020-05-01 00:00:00;Cantabria;Melocotones;-1.335920804311313e-12;-0.0005381591578768396;0.0005381591552049979;120.26110981991829;-278.07183227517385;518.5940519150104;4.641164807905858;-2473.854363478723;2483.136693094535
2020-06-01 00:00:00;Cantabria;Melocotones;-9.191766991887662e-12;-0.0005381591657326858;0.0005381591473491517;169.50018066462292;-231.56197630545262;570.5623376346985;8.921669418903306;-7195.91821821363;7213.761557051437
2020-02-01 00:00:00;Castilla la mancha;Melocotones;11.54;11.54;11.54;20.14;20.14;20.14;1.75;1.75;1.75
2020-03-01 00:00:00;Castilla la mancha;Melocotones;-5390.432432350944;-5390.483199403763;-5390.381665298124;-2.776637339464885;-219.7064161519838;214.15314147305403;0.1063350488686623;-1959.8582185035846;1960.070888601322
2020-04-01 00:00:00;Castilla la mancha;Melocotones;-21514.84675318723;-21515.04359801967;-21514.64990835479;19.998847791404152;-186.84494004671336;226.84263562952168;2.36064709982525;-831.2923970121542;836.0136912118046
2020-05-01 00:00:00;Castilla la mancha;Melocotones;-60896.286668807326;-60897.025842679584;-60895.54749493507;282.09417400260236;75.53272813428507;488.6556198709196;2.1903480740521024;-1560.7089665572105;1565.0896627053146
2020-06-01 00:00:00;Castilla la mancha;Melocotones;-208176.39672509948;-208179.16631489826;-208173.6271353007;1244.1525304774025;1037.5988003783805;1450.7062605764245;1.573150392338194;-1177.1361519154668;1180.2824527001433
2020-02-01 00:00:00;Castilla leon;Melocotones;11.05;11.05;11.05;19.49;19.49;19.49;1.76;1.76;1.76
2020-03-01 00:00:00;Castilla leon;Melocotones;-56.81936836865796;-56.820206495375864;-56.81853024194006;18.583650905813037;-1259.1142665168677;1296.281568328494;2.0255412573594125;-1957.9386951995039;1961.9897777142228
2020-04-01 00:00:00;Castilla leon;Melocotones;-200.40482314461804;-200.40666990976246;-200.4029763794736;37.724659650490466;-1121.3336572880685;1196.7829765890492;2.2863399001800553;-1917.2971191002018;1921.869798900562
2020-05-01 00:00:00;Castilla leon;Melocotones;2226.9685461903646;2226.964824543469;2226.97226783726;440.136580996581;-681.4850154315645;1561.7581774247265;2.441963757448071;-1885.716001338411;1890.5999288533071
2020-06-01 00:00:00;Castilla leon;Melocotones;9066.134992730764;9066.127637527497;9066.14234793403;1548.3885321433584;438.0648680410402;2658.7121962456768;1.049540849767935;-1856.1630244696432;1858.262106169179
2020-02-01 00:00:00;Cataluña;Melocotones;11.32;11.32;11.32;21.12;21.12;21.12;1.87;1.87;1.87
2020-03-01 00:00:00;Cataluña;Melocotones;-956093.0801226471;-958433.294996067;-953752.8652492273;41.15381350545773;-1222.1562135484066;1304.463840559322;0.8408051663074356;-1959.1236790676285;1960.8052894002435
2020-04-01 00:00:00;Cataluña;Melocotones;556785040.2876298;555421107.907953;558148972.6673067;115.06458564237589;-1259.8478182010967;1489.9769894858487;2.8499985731856516;-910.382390836861;916.0823879832323
2020-05-01 00:00:00;Cataluña;Melocotones;-324510722106.2094;-325305652870.54376;-323715791341.87506;2591.055998241172;1212.4575956719239;3969.65440081042;1.9403897292891985;-982.8728925635037;986.7536720220821
2020-06-01 00:00:00;Cataluña;Melocotones;189132173591759.9;188668869890272.75;189595477293247.06;8360.557400372336;6981.832112498241;9739.28268824643;2.1841122001442383;-717.2848989796347;721.6531233799232
2020-02-01 00:00:00;Extremadura;Melocotones;0.0;0.0;0.0;0.0;0.0;0.0;0.0;0.0;0.0
2020-03-01 00:00:00;Extremadura;Melocotones;-1.4779875957803043e-17;-1.792895142014607e-05;1.792895142011651e-05;0.0008444548718468431;-380.86077616857426;380.862465078318;3.145568263830737e-16;-1959.965327264278;1959.965327264278
2020-04-01 00:00:00;Extremadura;Melocotones;1.1984544538254776e-16;-2.368072544496318e-05;2.368072544520287e-05;13.320474467944528;-322.9725692541718;349.6135181900608;6.470000000000001;-1478.9198198485547;1491.8598198485547
2020-05-01 00:00:00;Extremadura;Melocotones;5.296912501891939e-15;-2.7183937027612485e-05;2.7183937038206312e-05;160.41026658598096;-160.530146813294;481.35067998525597;1.6200000000000003;-2472.373512121443;2475.613512121443
2020-06-01 00:00:00;Extremadura;Melocotones;2.5071637814537564e-14;-2.95234697385959e-05;2.9523469788739172e-05;660.3601497847981;344.42130478770986;976.2989947818862;1.4300000000000006;-2895.328521020773;2898.188521020773
2020-02-01 00:00:00;Galicia;Melocotones;0.0;0.0;0.0;0.0;0.0;0.0;0.0;0.0;0.0
2020-03-01 00:00:00;Galicia;Melocotones;-81.71347422503526;-81.71477580640669;-81.71217264366382;-9.926387229079126;-628.2067339080563;608.3539594498982;-12.480020944320524;-1972.4460356823965;1947.4859937937554
2020-04-01 00:00:00;Galicia;Melocotones;655.8362639247241;655.8348399817596;655.8376878676886;122.88785720838527;-610.8628637867462;856.6385782035168;-18.080510818846307;-4284.94060500031;4248.779583362618
2020-05-01 00:00:00;Galicia;Melocotones;11457.83449933893;11457.833052526734;11457.835946151125;843.5970602566482;47.9103833713865;1639.28373714191;-11.207836589978694;-3630.277716752052;3607.8620435720945
2020-06-01 00:00:00;Galicia;Melocotones;21466.140801011366;21466.13934973964;21466.142252283094;1548.468441123024;717.4485907377031;2379.488291508345;38.695587424780676;-4426.026916557258;4503.418091406819
2020-02-01 00:00:00;La rioja;Melocotones;0.0;0.0;0.0;0.0;0.0;0.0;0.0;0.0;0.0
2020-03-01 00:00:00;La rioja;Melocotones;-5.994923595230965e-50;-2.7689512255889256e-06;2.7689512255889256e-06;8.354321336794085e-09;-148.33927290375024;148.3392729204589;-9.586473815599113e-16;-1959.9640910561577;1959.9640910561577
2020-04-01 00:00:00;La rioja;Melocotones;-3.6903848058766034e-35;-3.514653608026419e-06;3.514653608026419e-06;-2.4897495967918597e-09;-161.78121097470748;161.781210969728;-5.817004564622494e-15;-13147.594072656515;13147.594072656515
2020-05-01 00:00:00;La rioja;Melocotones;-8.654920812231569e-19;-3.9008240667641675e-06;3.900824066762436e-06;17.600000000741996;-145.3214481051541;180.5214481066381;1.8999999999999722;-82950.32127630778;82954.12127630776
2020-06-01 00:00:00;La rioja;Melocotones;-9.130283665325066e-18;-4.119044157256461e-06;4.119044157238201e-06;160.98999999977895;-2.032333201485841;324.0123332010437;1.9099999999998227;-521278.5002773204;521282.32027732034
2020-02-01 00:00:00;Madrid;Melocotones;0.0;0.0;0.0;0.0;0.0;0.0;0.0;0.0;0.0
2020-03-01 00:00:00;Madrid;Melocotones;-3223.147893080782;-3223.152370344763;-3223.1434158168013;9.376573489126649;-1252.5267705415943;1271.2799175198477;1.3889354066081983;-1958.575130596164;1961.3530014093803
2020-04-01 00:00:00;Madrid;Melocotones;-4696.268947024304;-4696.275820906409;-4696.262073142199;105.82912114868454;-1143.5688690661884;1355.2271113635577;-6.5482263137882315;-451.5908252101202;438.49437258254375
2020-05-01 00:00:00;Madrid;Melocotones;20044.14537485454;20044.136200465957;20044.15454924312;1226.9635672604034;-22.314891336119672;2476.2420258569264;0.0897417197290955;-6847.786375814552;6847.965859254011
2020-06-01 00:00:00;Madrid;Melocotones;150671.5865151595;150671.57492755685;150671.59810276213;4587.491323095422;3338.214001345283;5836.768644845561;-32.65931666779856;-3119.5609286969716;3054.2422953613745
2020-02-01 00:00:00;Murcia;Melocotones;0.0;0.0;0.0;0.0;0.0;0.0;0.0;0.0;0.0
2020-03-01 00:00:00;Murcia;Melocotones;1.367509274702784;1.3674137516432563;1.3676047977623116;-0.7083648260815008;-734.3560701317632;732.9393404796002;-1.0733286889989342;-1961.0375945177864;1958.8909371397883
2020-04-01 00:00:00;Murcia;Melocotones;0.6089557638750386;0.6088326682058208;0.6090788595442563;4.156824013359966;-703.7497194153988;712.0633674421186;-2.3926292543300787;-4972.353798618159;4967.568540109499
2020-05-01 00:00:00;Murcia;Melocotones;-28.73293570570201;-28.73307403379345;-28.732797377610567;459.03023350045237;-248.51486174454283;1166.5753287454477;-7.72616383366082;-14235.018669908199;14219.566342240878
2020-06-01 00:00:00;Murcia;Melocotones;-77.63592133391771;-77.63606886462415;-77.63577380321126;1084.0888532205354;376.54874269174786;1791.6289637493228;-25.799043576329137;-40222.49288979975;40170.8948026471
2020-02-01 00:00:00;Navarra;Melocotones;0.0;0.0;0.0;0.0;0.0;0.0;0.0;0.0;0.0
2020-03-01 00:00:00;Navarra;Melocotones;-7.415333983624546e-06;-1.5505651735888007e-05;6.749837686389134e-07;-1.9724839714215607e-05;-513.929448073544;513.9294086238646;1.2696672735411887e-10;-1959.9640215489162;1959.96402154917
2020-04-01 00:00:00;Navarra;Melocotones;3.387968710726765e-07;-1.0001416587473578e-05;1.0679010329618929e-05;10.939993794847203;-464.81279724189847;486.6927848315929;3.989999999948216;-795.4009403336638;803.3809403335601
2020-05-01 00:00:00;Navarra;Melocotones;-4.501862660804961e-05;-5.655944866687333e-05;-3.3477804549225884e-05;90.12999804794757;-381.67672158333585;561.9367176792309;2.5200000000082796;-125.29476630645543;130.33476630647198
2020-06-01 00:00:00;Navarra;Melocotones;-0.00010043592212761183;-0.000112676585262208;-8.819525899301565e-05;321.27999938591216;-150.13440434402804;792.6944031158523;1.9900000000018605;-26.73130736748681;30.71130736749053
2020-02-01 00:00:00;Pais vasco;Melocotones;10.61;10.61;10.61;13.58;13.58;13.58;1.28;1.28;1.28
2020-03-01 00:00:00;Pais vasco;Melocotones;761.2336353934231;761.2307243093446;761.2365464775016;5.667590597773778;-380.16537070163605;391.5005518971836;0.9603272077992033;-1959.0039763422483;1960.924630757847
2020-04-01 00:00:00;Pais vasco;Melocotones;22404.579762819136;22404.50003885483;22404.659486783443;100.06083181020452;-285.94107641392884;486.06274003433793;2.5585153549284527;-1686.0951139390916;1691.2121446489484
2020-05-01 00:00:00;Pais vasco;Melocotones;613344.2786426363;613342.0967484181;613346.4605368545;619.3338504515366;233.29248982067622;1005.375211082397;2.796528402549625;-680.9326573069623;686.5257141120615
2020-06-01 00:00:00;Pais vasco;Melocotones;16814051.056143906;16813991.341876194;16814110.770411618;1881.7701780188008;1495.7196025737435;2267.820753463858;1.980836613616983;-73.37378185832752;77.33545508556149
2020-02-01 00:00:00;Valencia;Melocotones;7.63;7.63;7.63;15.19;15.19;15.19;1.99;1.99;1.99
2020-03-01 00:00:00;Valencia;Melocotones;-322491.07810853986;-322492.1253890385;-322490.0308280412;17.7468499828191;-610.9329495160712;646.4266494817093;2.144624722082363;-1957.8194025513108;1962.1086519954756
2020-04-01 00:00:00;Valencia;Melocotones;88775677.86363845;88775389.3241654;88775966.40311149;80.65996099084057;-1085.5982695989485;1246.9181915806296;2.971154970991137;-1560.7259020797462;1566.6682120217286
2020-05-01 00:00:00;Valencia;Melocotones;-24459813246.60808;-24459892742.4826;-24459733750.733562;1329.8081248758026;-597.8530910259597;3257.469340777565;2.323099718340445;-1698.602198076506;1703.248397513187
2020-06-01 00:00:00;Valencia;Melocotones;6738930699234.376;6738908797225.62;6738952601243.132;4013.211150311969;936.3550934439209;7090.067207180017;2.2764532347290345;-1716.4679395748944;1721.0208460443523
2020-02-01 00:00:00;Nacional;Nectarinas;556.15;556.15;556.15;1036.1;1036.1;1036.1;1.86;1.86;1.86
2020-03-01 00:00:00;Nacional;Nectarinas;710.9682276271533;-2184.670762027993;3606.6072172822996;1351.4332431165606;-11784.31667836533;14487.183164598451;1.8142891303027653;1.2631537583673285;2.365424502238202
2020-04-01 00:00:00;Nacional;Nectarinas;424.32751143308667;-3670.7244194735476;4519.379442339721;1567.9768038627717;-19639.142774720036;22775.096382445583;1.7697016335488829;0.9353476140618955;2.6040556530358705
2020-05-01 00:00:00;Nacional;Nectarinas;3885.8795599740915;-1129.5142904860331;8901.273410434216;2817.93331146916;-27099.406956568746;32735.27357950707;1.726209907493051;0.6920468685540284;2.7603729464320734
2020-06-01 00:00:00;Nacional;Nectarinas;5318.117140396096;-473.1608389141966;11109.395119706389;3852.661156545318;-36277.36867303906;43982.6909861297;1.683787022760218;0.490172886691314;2.877401158829122
2020-02-01 00:00:00;Andalucia;Nectarinas;124.15;124.15;124.15;248.64;248.64;248.64;2.0;2.0;2.0
2020-03-01 00:00:00;Andalucia;Nectarinas;225.6999519428088;-519.7809578412091;971.1808617268266;595.7049185572251;595.6847450372879;595.7250920771623;1.9299562657358666;1.303944501532444;2.5559680299392893
2020-04-01 00:00:00;Andalucia;Nectarinas;89.50884965216486;-964.7603634546272;1143.7780627589568;568.8735485438006;568.8313184262855;568.9157786613156;1.8623656018663075;1.0536636888044923;2.6710675149281227
2020-05-01 00:00:00;Andalucia;Nectarinas;783.1230179020383;-508.0877939165514;2074.3338297206283;1815.182561055373;1815.1023205995793;1815.2628015111668;1.7971420889645895;0.8494769063732988;2.7448072715558802
2020-06-01 00:00:00;Andalucia;Nectarinas;1266.6013523249906;-224.36046724304515;2757.5631718930263;3353.199358645945;3353.050420214458;3353.3482970774317;1.7342028249938963;0.6733807078473484;2.7950249421404445
2020-02-01 00:00:00;Aragon;Nectarinas;0.0;0.0;0.0;0.0;0.0;0.0;0.0;0.0;0.0
2020-03-01 00:00:00;Aragon;Nectarinas;2.091633422025345;-68.39885499460793;72.58212183865861;-123557.3764175001;-123558.33958563524;-123556.41324936495;6.743230282717358e-07;-2.375292471787053;2.375293820433109
2020-04-01 00:00:00;Aragon;Nectarinas;1.584985682316946;-98.10361905478939;101.27359041942327;7298585.506501511;7298528.067272838;7298642.945730183;5.951814227360581e-07;-2.633465641092585;2.6334668314554306
2020-05-01 00:00:00;Aragon;Nectarinas;52.24562008841224;-69.847487299542;174.33872747636647;-435290402.1082759;-435293827.05675733;-435286977.15979445;5.253282345673767e-07;-2.818252290712844;2.8182533413693136
2020-06-01 00:00:00;Aragon;Nectarinas;140.3606685895885;-0.6203082436780392;281.34164542285504;25954671338.797867;25954467118.234535;25954875559.3612;4.636733330234663e-07;-2.954210558321151;2.954211485667817
2020-02-01 00:00:00;Asturias;Nectarinas;41.76;41.76;41.76;121.81;121.81;121.81;2.92;2.92;2.92
2020-03-01 00:00:00;Asturias;Nectarinas;61.71994952099017;-99.80590873674704;223.2458077787274;345.0318295892208;345.0201537750803;345.04350540336134;3.657536529550284;0.6640725166012014;6.651000542499366
2020-04-01 00:00:00;Asturias;Nectarinas;46.78262648667274;-181.6494329353734;275.2146859087189;360.914800624304;360.8901417481967;360.9394595004113;4.5813607756831285;-0.21655524778744706;9.379276799153704
2020-05-01 00:00:00;Asturias;Nectarinas;271.8113690839622;-7.959624154607297;551.5823623225317;1063.9965294223382;1063.9491960716975;1064.0438627729789;5.738525476749954;-0.975509376501039;12.452560330000948
2020-06-01 00:00:00;Asturias;Nectarinas;507.59099362135976;184.53927710588562;830.6427101368339;1808.6635122237458;1808.5746914630415;1808.75233298445;7.187967998961615;-1.7387773470743406;16.114713344997572
2020-02-01 00:00:00;Baleares;Nectarinas;90.31;90.31;90.31;93.93;93.93;93.93;1.04;1.04;1.04
2020-03-01 00:00:00;Baleares;Nectarinas;80.33843912751237;-25.34042344597073;186.01730170099546;-111.35721833610121;-111.36700486026093;-111.34743181194149;1.0594440480600906;-0.631804591008984;2.750692687129165
2020-04-01 00:00:00;Baleares;Nectarinas;87.91243944503628;-61.54004126254597;237.36492015261854;-99.88491188193478;-99.90059059693922;-99.86923316693034;1.079251990255576;-0.6919592941211175;2.8504632746322693
2020-05-01 00:00:00;Baleares;Nectarinas;188.23181790893625;5.190658645574445;371.27297717229806;-6.719529006867944;-6.74145812550295;-6.697599888232938;1.0994302725126606;-0.7511119668637642;2.9499725118890856
2020-06-01 00:00:00;Baleares;Nectarinas;306.2312556175413;94.8735304705751;517.5889807645075;325.8811032937985;325.85196288447634;325.91024370312067;1.1199858189105787;-0.8094358188775133;3.0494074566986704
2020-02-01 00:00:00;Canarias;Nectarinas;9.24;9.24;9.24;17.04;17.04;17.04;1.84;1.84;1.84
2020-03-01 00:00:00;Canarias;Nectarinas;22.890656331995242;-248.74721615491697;294.52852881890743;-1117.0847503293799;-1121.1082239977513;-1113.0612766610084;1.7393837405725199;-0.12748857726849172;3.6062560584135315
2020-04-01 00:00:00;Canarias;Nectarinas;8.775962959927302;-375.3780003652373;392.92992628509194;256165.12999574412;255789.88311632432;256540.37687516393;1.6442694602459274;-0.34156030764373546;3.63009922813559
2020-05-01 00:00:00;Canarias;Nectarinas;59.67729107658913;-410.8133053306588;530.167887483837;-23813282.35216273;-23848277.51769567;-23778287.18662979;1.5543562900085137;-0.5320460866210077;3.6407586666380354
2020-06-01 00:00:00;Canarias;Nectarinas;226.73597642730084;-316.5397685465236;770.0117214011252;2221301916.2285275;2218038300.5404286;2224565531.9166265;1.4693598188752317;-0.7029807055873125;3.641700343337776
2020-02-01 00:00:00;Cantabria;Nectarinas;0.0;0.0;0.0;0.0;0.0;0.0;0.0;0.0;0.0
2020-03-01 00:00:00;Cantabria;Nectarinas;-1.0822672680830308;-89.82871566818275;87.6641811320167;-1.5996382598865306;-1.5997332117717107;-1.5995433080013506;1.0106086665350167e-06;-2.7326825216782806;2.7326845428956137
2020-04-01 00:00:00;Cantabria;Nectarinas;0.03266892994361048;-125.47376200992149;125.53909986980871;-0.3855888569613354;-0.385701379895805;-0.38547633402686576;1.0840463163098114e-06;-2.8665241418156335;2.866526309908266
2020-05-01 00:00:00;Cantabria;Nectarinas;19.706137856232914;-134.00721976402951;173.41949547649534;-86.81472327550755;-86.81484216824836;-86.81460438276673;1.162820441599838e-06;-3.0131775073565086;3.013179832997392
2020-06-01 00:00:00;Cantabria;Nectarinas;68.16094910166133;-109.33194769853812;245.6538459018608;-192.60292082423678;-192.6030421977229;-192.60279945075064;1.2473188267502112e-06;-3.1735449957247814;3.173547490362435
2020-02-01 00:00:00;Castilla la mancha;Nectarinas;29.25;29.25;29.25;65.97;65.97;65.97;2.26;2.26;2.26
2020-03-01 00:00:00;Castilla la mancha;Nectarinas;20.07440451038871;-120.9653114779758;161.11412049875324;3569.7460529327536;3569.6735085015157;3569.8185973639916;2.2898048660155217;1.4591547268323344;3.1204550051987088
2020-04-01 00:00:00;Castilla la mancha;Nectarinas;2.9620318398904573;-196.49824734410407;202.42231102388502;-37644.07017890642;-37644.910490663206;-37643.22986714963;2.320002873070306;1.427562603491054;3.212443142649558
2020-05-01 00:00:00;Castilla la mancha;Nectarinas;145.26062005081337;-99.02733392611816;389.5485740277449;435999.49615919247;435989.7985538403;436009.1937645446;2.350599132239764;1.39889203898991;3.302306225489618
2020-06-01 00:00:00;Castilla la mancha;Nectarinas;280.53229742295184;-1.547134553776914;562.6117293996806;-5021724.49408162;-5021836.406044271;-5021612.582118969;2.381598895683303;1.372666304140996;3.39053148722561
2020-02-01 00:00:00;Castilla leon;Nectarinas;26.53;26.53;26.53;40.86;40.86;40.86;1.54;1.54;1.54
2020-03-01 00:00:00;Castilla leon;Nectarinas;27.992746762029565;-272.68403790025775;328.6695314243169;-295514.03589973936;-295606.24125240865;-295421.8305470701;1.5035189639578266;1.0252530342288364;1.9817848936868168
2020-04-01 00:00:00;Castilla leon;Nectarinas;37.43714984440105;-387.7840369157403;462.6583366045424;-36122117.281129465;-36133396.93059611;-36110837.631662816;1.4679021259119207;0.8109400404248679;2.1248642113989735
2020-05-01 00:00:00;Castilla leon;Nectarinas;355.3503881930705;-165.43707949845776;876.1378558845988;-4419251809.699736;-4420631623.752935;-4417871995.646536;1.4331290146049507;0.6425831485875296;2.223674880622372
2020-06-01 00:00:00;Castilla leon;Nectarinas;749.9137777607193;148.56020843614465;1351.267347085294;-540602014021.2875;-540770803558.83344;-540433224483.7415;1.3991796430069314;0.49958324118345376;2.298776044830409
2020-02-01 00:00:00;Cataluña;Nectarinas;104.87;104.87;104.87;207.77;207.77;207.77;1.98;1.98;1.98
2020-03-01 00:00:00;Cataluña;Nectarinas;108.78220745315983;-251.44993223454347;469.01434714086315;5541.858107021127;5541.076873825324;5542.63934021693;1.921821062066659;1.0180672859927595;2.8255748381405583
2020-04-01 00:00:00;Cataluña;Nectarinas;121.8914019999542;-387.55377554907494;631.3365795489833;-34667.983314511584;-34673.37418651254;-34662.59244251063;1.8653516401430934;0.7723186016641921;2.9583846786219947
2020-05-01 00:00:00;Cataluña;Nectarinas;650.4732070352253;26.532838576874383;1274.4135754935762;244475.7728871798;244438.95776513015;244512.58800922945;1.810541475512167;0.565235478848648;3.055847472175686
2020-06-01 00:00:00;Cataluña;Nectarinas;1491.6052341564691;771.1409547810628;2212.0695135318756;-1629865.7293958594;-1630117.0903183657;-1629614.368473353;1.757341813738835;0.38393893089451137;3.1307446965831587
2020-02-01 00:00:00;Extremadura;Nectarinas;36.79;36.79;36.79;63.59;63.59;63.59;1.73;1.73;1.73
2020-03-01 00:00:00;Extremadura;Nectarinas;22.087427035514764;-80.50599961411957;124.6808536851491;-3185.5989972625653;-3185.8006981378335;-3185.397296387297;1.72901229465648;0.6230018723868025;2.835022716926158
2020-04-01 00:00:00;Extremadura;Nectarinas;-2.8990037598450655;-147.98801913808728;142.19001161839714;-9707.381464332542;-9707.72330529645;-9707.039623368635;1.728025212171878;0.621859811136255;2.834190613207501
2020-05-01 00:00:00;Extremadura;Nectarinas;66.35047343891793;-111.3465540408396;244.04750091867547;-7623.128252070373;-7623.637637500378;-7622.618866640367;1.7270386932065953;0.6207185119803937;2.833358874432797
2020-06-01 00:00:00;Extremadura;Nectarinas;240.5261994945976;35.339346195328915;445.71305279386627;2013.4807818894005;2012.7551784233794;2014.2063853554216;1.7260527374389223;0.6195779743123189;2.8325275005655257
2020-02-01 00:00:00;Galicia;Nectarinas;28.3;28.3;28.3;48.23;48.23;48.23;1.7;1.7;1.7
2020-03-01 00:00:00;Galicia;Nectarinas;4.091404975292814;-281.8341279335109;290.0169378840965;-17189.25468828746;-17189.548489513218;-17188.9608870617;1.5936570034226185;0.41062546985953574;2.7766885369857013
2020-04-01 00:00:00;Galicia;Nectarinas;73.17156123784727;-331.1882052305376;477.5313277062321;-101415.0541157492;-101416.72196764784;-101413.38626385055;1.4939662574431418;-0.00435214276760032;2.992284657653884
2020-05-01 00:00:00;Galicia;Nectarinas;969.8024618727826;474.5649116935277;1465.0400120520376;-565521.9980766462;-565531.3227159982;-565512.6734372943;1.4005116368109642;-0.32804086559717205;3.1290641392191008
2020-06-01 00:00:00;Galicia;Nectarinas;1361.7596863052645;789.9086204876571;1933.6107521228719;-3260775.5818140022;-3260827.68902465;-3260723.4746033545;1.3129030425358021;-0.5951819665036766;3.220988051575281
2020-02-01 00:00:00;La rioja;Nectarinas;0.0;0.0;0.0;0.0;0.0;0.0;0.0;0.0;0.0
2020-03-01 00:00:00;La rioja;Nectarinas;0.9335377394522959;-45.71102907728126;47.578104556185856;5.221768256167498e-18;-9.800034301890478e-06;9.80003430190092e-06;-9.944174325505887e-24;-1.127455687921386;1.127455687921386
2020-04-01 00:00:00;La rioja;Nectarinas;3.942312133265732;-62.02306686997689;69.90769113650835;-2.6336921182612453e-15;-1.2885465298610176e-05;1.2885465293342793e-05;-7.826018316220786e-24;-1.4769863451810927;1.4769863451810927
2020-05-01 00:00:00;La rioja;Nectarinas;46.33579577560125;-34.454963848022565;127.12655539922505;-4.721901978315863e-14;-1.4732525740067435e-05;1.4732525645629393e-05;-6.15903952213825e-24;-1.6568987710714824;1.6568987710714824
2020-06-01 00:00:00;La rioja;Nectarinas;109.31362796663191;16.024494333164796;202.60276160009903;-1.2159814962279978e-13;-1.5944434380381486e-05;1.5944434137185187e-05;-4.84713506952017e-24;-1.7591262041759363;1.7591262041759363
2020-02-01 00:00:00;Madrid;Nectarinas;25.89;25.89;25.89;45.16;45.16;45.16;1.74;1.74;1.74
2020-03-01 00:00:00;Madrid;Nectarinas;-3.76059248790542;-300.5096230169826;292.9884380411718;-20703.841612789034;-20703.890461073363;-20703.792764504706;1.710388423038757;1.1202719871572286;2.3005048589202852
2020-04-01 00:00:00;Madrid;Nectarinas;-13.353741790409705;-433.0202453856982;406.31276180487885;-138791.2951546089;-138791.5650438627;-138791.0252653551;1.681280781900541;0.9068851968053987;2.4556763669956836
2020-05-01 00:00:00;Madrid;Nectarinas;675.7530754664607;161.76867749329108;1189.7374734396303;-746944.2805834914;-746945.7479211387;-746942.8132458442;1.6526684988700033;0.7347066275404861;2.5706303701995203
2020-06-01 00:00:00;Madrid;Nectarinas;1426.6320953098634;833.1340342517091;2020.1301563680177;-4102301.2358855293;-4102309.20925504;-4102293.2625160185;1.6245431438701865;0.5865546106873096;2.6625316770530634
2020-02-01 00:00:00;Murcia;Nectarinas;0.0;0.0;0.0;0.0;0.0;0.0;0.0;0.0;0.0
2020-03-01 00:00:00;Murcia;Nectarinas;-13.571220863206616;-83.89840805339377;56.75596632698053;-0.3860424665403922;-0.38626822675376904;-0.38581670632701537;1.873230474116341e-06;-2.706115971844403;2.7061197183053514
2020-04-01 00:00:00;Murcia;Nectarinas;-12.672687997555869;-112.13034992546993;86.78497393035819;-0.14214977249083954;-0.14238656901087224;-0.14191297597080685;1.931904051200351e-06;-2.807125688203602;2.807129552011705
2020-05-01 00:00:00;Murcia;Nectarinas;38.670600352411455;-83.13966101439979;160.4808617192227;150.7437310918164;150.74349320436858;150.7439689792642;1.992415409964406e-06;-2.910717778610192;2.910721763441012
2020-06-01 00:00:00;Murcia;Nectarinas;223.89723957811162;83.24286519773733;364.5516139584859;412.8948786806941;412.8946406828613;412.8951166785269;2.0548221136536903e-06;-3.0169998545841046;3.017003964228332
2020-02-01 00:00:00;Navarra;Nectarinas;0.0;0.0;0.0;0.0;0.0;0.0;0.0;0.0;0.0
2020-03-01 00:00:00;Navarra;Nectarinas;-5.833638688309552;-162.86544704922449;151.1981696726054;0.05474859837408265;0.0545428898860625;0.0549543068621028;2.700681817909886e-18;-3.053377049955922;3.053377049955922
2020-04-01 00:00:00;Navarra;Nectarinas;15.56067837483106;-206.5158347331476;237.63719148280975;-0.2298222105833588;-0.23008769762438408;-0.22955672354233353;2.6463372286483035e-18;-3.0255936409847948;3.0255936409847948
2020-05-01 00:00:00;Navarra;Nectarinas;23.252467500298604;-248.73460298522528;295.2395379858225;-0.7077227365723049;-0.7080214552124018;-0.707424017932208;2.5930861907863805e-18;-2.998674897109125;2.998674897109125
2020-06-01 00:00:00;Navarra;Nectarinas;71.21594868990827;-242.84766803192161;385.27956541173813;-1.5392661649806485;-1.5395850901956272;-1.5389472397656698;2.540906699287738e-18;-2.9725992174732268;2.9725992174732268
2020-02-01 00:00:00;Pais vasco;Nectarinas;15.08;15.08;15.08;29.81;29.81;29.81;1.98;1.98;1.98
2020-03-01 00:00:00;Pais vasco;Nectarinas;-11.034711298304915;-320.9535677904081;298.8841451937983;58.61090078305851;58.60437207755704;58.617429488559985;1.8996653005810586;-0.09984714590689814;3.8991777470690154
2020-04-01 00:00:00;Pais vasco;Nectarinas;56.59369886366606;-381.6977512226273;494.88514894995944;88.42163423052072;88.40987003906088;88.43339842198057;1.8225905627995502;-0.27852237732069285;3.9237035029197935
2020-05-01 00:00:00;Pais vasco;Nectarinas;707.8751833639378;171.0799776959675;1244.6703890319081;254.95807223799113;254.93926831408905;254.97687616189322;1.7486429628366202;-0.44183179150464036;3.939117717177881
2020-06-01 00:00:00;Pais vasco;Nectarinas;949.7444442898286;329.9067313056221;1569.5821572740351;610.6335554852309;610.6046227568553;610.6624882136065;1.6776956239591412;-0.5919288717301718;3.947320119648454
2020-02-01 00:00:00;Valencia;Nectarinas;23.97;23.97;23.97;53.29;53.29;53.29;2.22;2.22;2.22
2020-03-01 00:00:00;Valencia;Nectarinas;27.617587192002674;-269.6173604158722;324.8525347998775;25.062962658147825;25.048285705427567;25.077639610868083;2.2432580106358824;1.5629838845675013;2.9235321367042637
2020-04-01 00:00:00;Valencia;Nectarinas;22.375739885665297;-397.9779542326477;442.7294340039783;-225.3677673373163;-225.43975346776818;-225.29578120686443;2.2667596959388954;1.367164237112614;3.166355154765177
2020-05-01 00:00:00;Valencia;Nectarinas;651.8469538121001;137.02092277018767;1166.6729848540126;-433.2449790027482;-433.59094486463823;-432.8990131408582;2.290507598667395;1.2120506551233923;3.3689645422113976
2020-06-01 00:00:00;Valencia;Nectarinas;974.0453707468929;379.5754755311433;1568.5152659626424;-5693.853457304884;-5695.514739680526;-5692.192174929241;2.3145042983393966;1.0798712441426765;3.5491373525361167
2020-02-01 00:00:00;Nacional;Albaricoques;121.36;121.36;121.36;233.12;233.12;233.12;1.92;1.92;1.92
2020-03-01 00:00:00;Nacional;Albaricoques;122.8774173664429;-8614.631993896053;8860.386828628938;-11.352477402756136;-2380.9800311056274;2358.2750763001154;2.2286831383149552;1.8294084536119732;2.6279578230179372
2020-04-01 00:00:00;Nacional;Albaricoques;123.33336894346914;-14210.562974031103;14457.229711918042;404.9907897767571;-1963.4653814434373;2773.4469609969515;1.7201515872686794;1.191335886630083;2.248967287907276
2020-05-01 00:00:00;Nacional;Albaricoques;123.47037267440709;-18668.219503934535;18915.16024928335;20956.97313302102;18583.87184471534;23330.0744213267;1.8947219539831155;1.3620465976029545;2.4273973103632764
2020-06-01 00:00:00;Nacional;Albaricoques;123.51153937551456;-22384.52827158406;22631.55135033509;32490.383458176388;30112.646127408938;34868.12078894384;1.8837277188924546;1.343010949515334;2.4244444882695753
2020-07-01 00:00:00;Nacional;Albaricoques;123.52390909178776;-25603.232836248695;25850.280654432274;15334.231083939962;12951.86673235724;17716.595435522682;1.9245733179029727;1.382722049173628;2.4664245866323173
2020-08-01 00:00:00;Nacional;Albaricoques;123.52762592788497;-28471.121724102723;28718.17697595849;4105.880735526689;1718.898332311449;6492.863138741929;1.9149235159801388;1.3730808323752584;2.456766199585019
2020-09-01 00:00:00;Nacional;Albaricoques;123.52874275791311;-31079.075403002338;31326.132888518165;1067.44295925685;-1324.148578365377;3459.034496879077;1.9605963952296188;1.4185828061890526;2.502609984270185
2020-10-01 00:00:00;Nacional;Albaricoques;123.52907834153292;-33485.98304384062;33733.04120052369;240.43746487674775;-2155.7543413844487;2636.6292711379438;2.065491832285201;1.5230840183614858;2.6078996462089163
2020-11-01 00:00:00;Nacional;Albaricoques;123.52917917725819;-35731.88336823134;35978.941726585865;57.06672695777965;-2343.716533138878;2457.8499870544374;2.026390337862962;1.483676200980332;2.5691044747455924
2020-02-01 00:00:00;Andalucia;Albaricoques;17.11;17.11;17.11;51.18;51.18;51.18;2.99;2.99;2.99
2020-03-01 00:00:00;Andalucia;Albaricoques;15.832212677409515;-1021.8046537949966;1053.4690791498156;5.1994333135625865;-629.7366803332043;640.1355469603295;1.4517428200503655;0.28698560835428544;2.6165000317464457
2020-04-01 00:00:00;Andalucia;Albaricoques;15.446222029236239;-1688.1138367230913;1719.0062807815636;54.53568575644689;-579.4072440458924;688.4786155587863;2.3057951858546133;1.2126639782086472;3.398926393500579
2020-05-01 00:00:00;Andalucia;Albaricoques;15.329622985057918;-2219.0301970796195;2249.6894430497355;2949.2099075456176;2315.258887832212;3583.160927259023;1.8047491343161237;0.5823302499563603;3.027168018675887
2020-06-01 00:00:00;Andalucia;Albaricoques;15.294401051138953;-2661.6690395376154;2692.2578416398937;3703.6427403660823;3069.683630844846;4337.601849887319;2.26762429763835;1.0997502197885904;3.43549837548811
2020-02-01 00:00:00;Aragon;Albaricoques;2.33;2.33;2.33;4.62;4.62;4.62;1.98;1.98;1.98
2020-03-01 00:00:00;Aragon;Albaricoques;2.978480601016857;-392.0526382384943;398.00959944052806;-16.319172624452385;-236.0287876251776;203.39044237627283;1.8944031810310769;0.6200745857761318;3.168731776286022
2020-04-01 00:00:00;Aragon;Albaricoques;3.1589643305856048;-637.9725908779858;644.290519539157;-7.409511529749219;-265.327400072524;250.50837701302552;-0.036892440649846314;-1.5794926795794075;1.505707798279715
2020-05-01 00:00:00;Aragon;Albaricoques;3.2091961749738043;-832.1889156531711;838.6073080031188;880.021532974327;622.102845212195;1137.940220736459;1.2223817962758168;-0.4949431177847432;2.9397067103363765
2020-06-01 00:00:00;Aragon;Albaricoques;3.223176594132193;-993.7347831919429;1000.1811363802072;2106.9120806917417;1848.9925937127289;2364.8315676707543;2.176434199233324;0.4578905945958711;3.894977803870777
2020-02-01 00:00:00;Asturias;Albaricoques;0.0;0.0;0.0;0.0;0.0;0.0;0.0;0.0;0.0
2020-03-01 00:00:00;Asturias;Albaricoques;-0.13268345036722087;-233.30939061737288;233.04402371663846;20.041934294195546;-59.28409298667199;99.36796157506308;2.2427813612404797;0.22763417115443296;4.257928551326526
2020-04-01 00:00:00;Asturias;Albaricoques;-0.17180544592577707;-381.659302226338;381.3156913344865;8.629835155704008;-73.47105033266993;90.73072064407796;4.079733761799774;2.0581488057652675;6.101318717834282
2020-05-01 00:00:00;Asturias;Albaricoques;-0.1833406489390219;-499.5292454250562;499.1625641271782;529.3401955537643;447.238242193068;611.4421489144605;1.699867213561058;-0.3061463547628671;3.705880781884983
2020-06-01 00:00:00;Asturias;Albaricoques;-0.18674182790898558;-597.7211802527764;597.3476965969584;876.0337181491661;793.9306969300369;958.1367393682954;2.859651369220773;0.615872699067177;5.103430039374369
2020-02-01 00:00:00;Baleares;Albaricoques;0.0;0.0;0.0;0.0;0.0;0.0;0.0;0.0;0.0
2020-03-01 00:00:00;Baleares;Albaricoques;4.9070296818827905e-15;-232.45906797695596;232.45906797695596;50.11193174727415;-11.053446630111473;111.27731012465978;1.8456241742974435;-1.916837790837135;5.608086139432022
2020-04-01 00:00:00;Baleares;Albaricoques;5.982966972991892e-15;-367.63253279601065;367.63253279601065;47.28397836352568;-26.722861594357283;121.29081832140864;5.256672237580333;1.3040470997403641;9.209297375420302
2020-05-01 00:00:00;Baleares;Albaricoques;6.2252711370465214e-15;-472.3607084670816;472.3607084670816;430.9905024556956;355.9962630230998;505.9847418882914;3.2100126032148375;-0.9574923288909871;7.377517535320662
2020-06-01 00:00:00;Baleares;Albaricoques;6.279838729789489e-15;-559.1758237784398;559.1758237784398;666.5918627956838;590.6230564631152;742.5606691282525;2.6434785666910314;-1.621315685232306;6.908272818614369
2020-02-01 00:00:00;Canarias;Albaricoques;0.0;0.0;0.0;0.0;0.0;0.0;0.0;0.0;0.0
2020-03-01 00:00:00;Canarias;Albaricoques;7.155125826139935e-17;-232.69003770438732;232.69003770438732;12.65925487039954;-96.19039772756513;121.5089074683642;2.9925242487188006;0.971524495128071;5.013524002309531
2020-04-01 00:00:00;Canarias;Albaricoques;7.954147438733052e-17;-365.01383749589763;365.01383749589763;0.26338377636709964;-108.50304448541539;109.0298120381496;-1.489452514578752;-3.5935735516317466;0.6146685224742425
2020-05-01 00:00:00;Canarias;Albaricoques;8.120826988633956e-17;-467.03681834815484;467.03681834815484;360.74531513917776;251.97807803372035;469.5125522446352;3.712551066299329;1.4743190207680317;5.950783111830626
2020-06-01 00:00:00;Canarias;Albaricoques;8.155597102379697e-17;-551.58588053725;551.58588053725;757.2442676367928;648.4762216936754;866.0123135799101;1.1814812735829383;-1.804544961817534;4.167507508983411
2020-02-01 00:00:00;Cantabria;Albaricoques;5.09;5.09;5.09;6.59;6.59;6.59;1.29;1.29;1.29
2020-03-01 00:00:00;Cantabria;Albaricoques;5.941469852534845;-114.40261145828607;126.28555116335578;17.867020184039745;-116.5249274309767;152.2589677990562;1.7767474834565018;0.35871236567678455;3.194782601236219
2020-04-01 00:00:00;Cantabria;Albaricoques;6.083906180585083;-178.8920059666802;191.05981832785034;9.142188007051267;-125.634300325948;143.91867634005052;2.2318629245333828;0.31725419369789054;4.146471655368875
2020-05-01 00:00:00;Cantabria;Albaricoques;6.107733339571436;-228.21462207687335;240.43008875601623;211.08867961539423;76.30936785439656;345.8679913763919;1.5404302856152072;-0.40760405023447466;3.488464621464889
2020-06-01 00:00:00;Cantabria;Albaricoques;6.111719215317691;-269.13404425522486;281.35748268586025;215.44135939372808;80.65922426387743;350.2234945235787;1.6454148480597406;-0.30611397440760246;3.5969436705270836
2020-02-01 00:00:00;Castilla la mancha;Albaricoques;21.23;21.23;21.23;50.24;50.24;50.24;2.37;2.37;2.37
2020-03-01 00:00:00;Castilla la mancha;Albaricoques;25.95653342930632;-379.03049967966143;430.94356653827407;-2.266759171001979;-99.38144103546378;94.84792269345982;2.3607402722196658;1.1571794248700702;3.5643011195692615
2020-04-01 00:00:00;Castilla la mancha;Albaricoques;27.233841505827193;-627.4831396743865;681.9508226860409;9.60336218533847;-92.59693271570183;111.80365708637876;1.1142022868449621;-0.24341355768887052;2.471818131378795
2020-05-01 00:00:00;Castilla la mancha;Albaricoques;27.57902385706784;-823.6548494887531;878.8128972028887;718.2985716302676;615.330857808342;821.2662854521932;1.4937366546007484;0.13540293113420487;2.852070378067292
2020-06-01 00:00:00;Castilla la mancha;Albaricoques;27.672306642793707;-986.8739408504737;1042.2185541360611;1173.3769351856854;1069.6474798628683;1277.1063905085025;1.6251076670673001;0.19901322853715464;3.0512021055974454
2020-02-01 00:00:00;Castilla leon;Albaricoques;4.96;4.96;4.96;8.69;8.69;8.69;1.75;1.75;1.75
2020-03-01 00:00:00;Castilla leon;Albaricoques;5.848183994626192;-481.3457103153835;493.0420783046359;12.404591519503127;-125.65131151759883;150.46049455660508;1.6719306050754352;1.0863450239502632;2.2575161862006072
2020-04-01 00:00:00;Castilla leon;Albaricoques;6.117423178349789;-794.1509283386512;806.3857746953507;29.240221775711163;-139.6017338458737;198.082177397296;2.257539812053517;1.6805392446142928;2.834540379492741
2020-05-01 00:00:00;Castilla leon;Albaricoques;6.199038855383755;-1043.7297031383043;1056.127780849072;1006.076711203663;835.5318655325282;1176.6215568747978;2.1323269553680357;1.5338637382302949;2.7307901725057766
2020-06-01 00:00:00;Castilla leon;Albaricoques;6.223779380316229;-1251.9106670755718;1264.3582258362044;1058.893212040645;886.6623123975754;1231.1241116837145;2.0379247443016615;1.2844846690318183;2.7913648195715046
2020-02-01 00:00:00;Cataluña;Albaricoques;18.65;18.65;18.65;35.95;35.95;35.95;1.93;1.93;1.93
2020-03-01 00:00:00;Cataluña;Albaricoques;15.462334252522282;-1322.9247379367102;1353.849406441755;-38.5483790834211;-414.8406367178356;337.74387855099343;1.789842951747727;1.3309307269366637;2.2487551765587903
2020-04-01 00:00:00;Cataluña;Albaricoques;14.462214870864543;-2195.267210616261;2224.19164035799;94.19456398362692;-379.7464940526909;568.1356220199447;1.006009695748876;0.5621762172614191;1.449843174236333
2020-05-01 00:00:00;Cataluña;Albaricoques;14.148430786583148;-2893.6319062095718;2921.928767782738;3434.695835006932;2960.746572348454;3908.6450976654105;2.0564452585316024;1.3662642247250587;2.746626292338146
2020-06-01 00:00:00;Cataluña;Albaricoques;14.049982088003674;-3476.713269495247;3504.8132336712542;5366.807360555041;4892.849893416431;5840.764827693651;1.109235712757906;0.40752520825683647;1.8109462172589756
2020-02-01 00:00:00;Extremadura;Albaricoques;0.0;0.0;0.0;0.0;0.0;0.0;0.0;0.0;0.0
2020-03-01 00:00:00;Extremadura;Albaricoques;2.5295328224165986e-33;-315.4557898001477;315.4557898001477;3.0114431781755377;-561.4385593910162;567.4614457473673;-0.1557919803448185;-0.9717289203207955;0.6601449596311584
2020-04-01 00:00:00;Extremadura;Albaricoques;2.7065215347338024e-33;-464.01650036751323;464.01650036751323;0.7378824322855717;-576.8647051382227;578.3404700027938;0.3851590972706808;-0.8030235757811419;1.5733417703225037
2020-05-01 00:00:00;Extremadura;Albaricoques;2.720456324169036e-33;-576.5803916164557;576.5803916164557;925.6125892715978;348.0086264638029;1503.2165520793928;0.5838770274033336;-0.9241010433859762;2.091855098192643
2020-06-01 00:00:00;Extremadura;Albaricoques;2.7215534469971644e-33;-670.5848125909895;670.5848125909895;2734.816849215519;2157.211511173712;3312.422187257326;0.5769750926564211;-1.172911217777394;2.3268614030902364
2020-02-01 00:00:00;Galicia;Albaricoques;9.9;9.9;9.9;9.1;9.1;9.1;0.92;0.92;0.92
2020-03-01 00:00:00;Galicia;Albaricoques;11.450626798725416;-499.9999044037944;522.9011580012452;24.607988731791234;-629.9993510173275;679.21532848091;0.21817353331946154;-1.0168217900971004;1.4531688567360233
2020-04-01 00:00:00;Galicia;Albaricoques;11.693499876394652;-770.3059284113983;793.6929281641876;31.08585670447039;-1174.1352452105675;1236.3069586195084;1.4990236365588498;0.3384345933841537;2.659612679733546
2020-05-01 00:00:00;Galicia;Albaricoques;11.731540836285848;-976.4318254254639;999.8949070980356;212.73396134920813;-1407.6446330414076;1833.1125557398238;0.4838316614510756;-1.1020780213174624;2.0697413442196133
2020-06-01 00:00:00;Galicia;Albaricoques;11.737499152634992;-1147.4815838104619;1170.9565821157316;307.3683133948548;-1641.6559742468662;2256.392601036576;1.2442862780799282;-0.34787217957546157;2.836444735735318
2020-02-01 00:00:00;La rioja;Albaricoques;6.35;6.35;6.35;12.88;12.88;12.88;2.03;2.03;2.03
2020-03-01 00:00:00;La rioja;Albaricoques;6.250650243415002;-59.04777183567088;71.54907232250088;-1.2539701409757225;-39.73002505608569;37.22208477413424;8.449323786565992;5.457441571811762;11.441206001320223
2020-04-01 00:00:00;La rioja;Albaricoques;6.252204633042325;-85.37415228148309;97.87856154756774;12.780774993726123;-35.30826197264466;60.86981196009691;3.7261220742691945;0.38645414796258404;7.065790000575805
2020-05-01 00:00:00;La rioja;Albaricoques;6.252180313635851;-105.68061072031968;118.18497134759137;66.57535163957768;18.48617831697912;114.66452496217623;2.207233761568535;-1.4877052435230396;5.90217276666011
2020-06-01 00:00:00;La rioja;Albaricoques;6.25218069412831;-122.8310404426419;135.33540183089852;147.7440660412268;99.65475636278708;195.83337571966652;8.116277454431266;3.094078505794638;13.138476403067894
2020-02-01 00:00:00;Madrid;Albaricoques;4.56;4.56;4.56;4.04;4.04;4.04;0.89;0.89;0.89
2020-03-01 00:00:00;Madrid;Albaricoques;-2.8265293127369695;-1477.1966190986452;1471.5435604731713;3.24761663644693;-87.45470656828853;93.9499398411824;1.957044866898495;1.2869192073809193;2.6271705264160707
2020-04-01 00:00:00;Madrid;Albaricoques;-5.11803772466148;-2435.2348607806284;2424.9987853313055;31.434507082860982;-67.8037697593669;130.67278392508885;1.2106908626273198;0.5023152828119917;1.919066442442648
2020-05-01 00:00:00;Madrid;Albaricoques;-5.828927857171508;-3200.4367347846032;3188.7788790702602;3220.1446961710553;3113.547978426089;3326.741413916022;1.290056516439775;0.49734674789050803;2.082766284989042
2020-06-01 00:00:00;Madrid;Albaricoques;-6.049465900091324;-3838.8125159453343;3826.7135841451513;4682.325203416551;4568.846197087691;4795.804209745411;1.24747251828704;0.3713662479087161;2.1235787886653643
2020-02-01 00:00:00;Murcia;Albaricoques;0.0;0.0;0.0;0.0;0.0;0.0;0.0;0.0;0.0
2020-03-01 00:00:00;Murcia;Albaricoques;1.2325883088663104e-16;-343.15751022247434;343.15751022247434;9.048739455362439;-192.21498969989432;210.3124686106192;0.8933414910976878;-0.707357205461741;2.4940401876571165
2020-04-01 00:00:00;Murcia;Albaricoques;1.2766681688042913e-16;-538.0968633386398;538.0968633386398;20.487513164370746;-182.7888262492983;223.76385257803977;1.720651930423078;-0.06996490541966716;3.5112687662658235
2020-05-01 00:00:00;Murcia;Albaricoques;1.2858294187935002e-16;-688.364947168796;688.364947168796;1044.567011534201;841.2906332135555;1247.8433898548465;1.1237971961105813;-0.7237887731409309;2.9713831653620932
2020-06-01 00:00:00;Murcia;Albaricoques;1.2877334289578444e-16;-812.8953609118622;812.8953609118622;1193.1730281796315;989.896610952017;1396.449445407246;0.9308098133689353;-1.024760801158904;2.886380427896775
2020-02-01 00:00:00;Navarra;Albaricoques;5.26;5.26;5.26;6.32;6.32;6.32;1.2;1.2;1.2
2020-03-01 00:00:00;Navarra;Albaricoques;5.353822643083014;-116.27243483292438;126.98008011909039;20.411807669063855;-49.32355422728411;90.14716956541182;2.722256649483028;1.2622606879665415;4.182252610999514
2020-04-01 00:00:00;Navarra;Albaricoques;5.355496157979417;-168.1908181900811;178.90181050603994;4.510652222749679;-86.069096128488;95.09040057398737;0.9110399625045502;-0.6221285047348468;2.4442084297439473
2020-05-01 00:00:00;Navarra;Albaricoques;5.355526008471968;-207.84222807750402;218.55328009444796;173.4147794358884;82.80169365948306;264.0278652122937;1.4340345938358987;-0.27078543170030156;3.1388546193720988
2020-06-01 00:00:00;Navarra;Albaricoques;5.355526540915335;-241.19753553587213;251.90858861770278;343.45527058147195;252.80885964054818;434.1016815223957;2.173126289207321;0.41828275935793635;3.927969819056706
2020-02-01 00:00:00;Pais vasco;Albaricoques;4.68;4.68;4.68;18.04;18.04;18.04;3.86;3.86;3.86
2020-03-01 00:00:00;Pais vasco;Albaricoques;4.8946509344752185;-574.8547407809474;584.6440426498978;51.413269767798184;-142.75487552623957;245.5814150618359;1.9211815371750607;0.6448826191980128;3.1974804551521085
2020-04-01 00:00:00;Pais vasco;Albaricoques;4.941666264751835;-909.1593238654482;919.0426563949518;54.71987610669506;-198.14840221919385;307.58815443258396;0.8882289561567913;-0.44285439855725794;2.2193123108708406
2020-05-01 00:00:00;Pais vasco;Albaricoques;4.951964106158505;-1167.7111241932253;1177.6150524055424;1209.1652363947503;956.1218654145197;1462.208607374981;1.7428626781220773;0.4137235992401802;3.0720017570039744
2020-06-01 00:00:00;Pais vasco;Albaricoques;4.9542196584860765;-1382.0150126501792;1391.9234519671515;1274.1034005351432;1020.8850579716985;1527.321743098588;1.6182481474827681;0.2499528390269954;2.986543455938541
2020-02-01 00:00:00;Valencia;Albaricoques;21.25;21.25;21.25;25.47;25.47;25.47;1.2;1.2;1.2
2020-03-01 00:00:00;Valencia;Albaricoques;20.396812231886752;-1300.1887908012166;1340.98241526499;-68.02812554342665;-853.6964784547055;717.6402273678522;1.7319260839468487;1.2744286107689906;2.189423557124707
2020-04-01 00:00:00;Valencia;Albaricoques;20.28668676022895;-1971.4834768679714;2012.0568503884294;66.30183760261227;-748.8982498202361;881.5019250254607;2.137229448991646;1.6265784368132432;2.647880461170049
2020-05-01 00:00:00;Valencia;Albaricoques;20.272472281352076;-2481.0161656178657;2521.5611101805703;2424.1183305220743;1608.9166751193534;3239.319985924795;1.746276352603981;1.2464766194590544;2.2460760857489075
2020-06-01 00:00:00;Valencia;Albaricoques;20.270637543151192;-2904.5102120637353;2945.0514871500377;5052.602587820493;4237.399364440916;5867.80581120007;1.6955465929898828;1.134866273501747;2.2562269124780183
2020-02-01 00:00:00;Nacional;Fresas;21324.54;21324.54;21324.54;70848.23;70848.23;70848.23;3.32;3.32;3.32
2020-03-01 00:00:00;Nacional;Fresas;36797.58863337766;32070.51069312422;41524.6665736311;83433.44046423497;56301.82861186711;110565.05231660283;2.67;1.6515958753997129;3.6884041246002868
2020-04-01 00:00:00;Nacional;Fresas;40591.96227338648;33383.37883417433;47800.545712598636;56626.2426178842;12041.795768181211;101210.68946758719;2.02;1.0015958753836218;3.0384041246163784
2020-05-01 00:00:00;Nacional;Fresas;25787.053407095424;17077.482390559424;34496.62442363142;53332.10063372891;-1042.8181953673775;107707.01946282519;2.33;1.3115958753836219;3.348404124616378
2020-06-01 00:00:00;Nacional;Fresas;6473.815497800162;-3731.863346296497;16679.49434189682;51154.22015040807;-9905.975725484888;112214.41602630104;3.33;2.311595875383622;4.348404124616378
2020-07-01 00:00:00;Nacional;Fresas;3280.0202877606953;-8077.975965384832;14638.016540906223;53705.88763454107;-13393.962941360252;120805.73821044239;4.32;3.3015958753836223;5.338404124616378
2020-08-01 00:00:00;Nacional;Fresas;2799.714973393004;-9711.014269654836;15310.444216440843;53053.110684413514;-19914.314846131158;126020.53621495818;4.51;3.491595875383622;5.528404124616378
2020-09-01 00:00:00;Nacional;Fresas;2779.7956463590785;-10709.135025827398;16268.726318545554;53493.22261469076;-24994.46529410212;131980.91052348365;4.15;3.1315958753836224;5.168404124616378
2020-10-01 00:00:00;Nacional;Fresas;2685.4820086133423;-11771.188067872985;17142.152085099668;52724.931197648235;-30872.64679551313;136322.5091908096;4.28;3.2615958753836223;5.298404124616378
2020-11-01 00:00:00;Nacional;Fresas;2420.6129679920564;-12902.074694259136;17743.300630243248;51874.11474063819;-36505.11138667201;140253.3408679484;3.58;2.561595875383622;4.598404124616378
2020-02-01 00:00:00;Andalucia;Fresas;3464.02;3464.02;3464.02;10767.66;10767.66;10767.66;3.11;3.11;3.11
2020-03-01 00:00:00;Andalucia;Fresas;5649.272391137648;5064.640596714099;6233.904185561197;13385.827324527658;9830.570225464024;16941.084423591292;2.63;1.4278188594733796;3.83218114052662
2020-04-01 00:00:00;Andalucia;Fresas;7009.39574891172;6421.210218325461;7597.581279497979;10846.603155219736;5080.618112171116;16612.588198268357;1.94;0.7378188594904911;3.142181140509509
2020-05-01 00:00:00;Andalucia;Fresas;4165.7355922187435;3577.2873636258732;4754.183820811613;10177.840692313073;2816.8824950338603;17538.798889592286;2.28;1.077818859490491;3.4821811405095087
2020-06-01 00:00:00;Andalucia;Fresas;980.4994521383892;391.8894436694071;1569.1094606073711;8266.62118708913;-371.52289352164007;16904.7652676999;2.73;1.5278188594904911;3.932181140509509
2020-02-01 00:00:00;Aragon;Fresas;711.21;711.21;711.21;2230.97;2230.97;2230.97;3.14;3.14;3.14
2020-03-01 00:00:00;Aragon;Fresas;1209.898303648;1094.146581343477;1325.6500259525228;3261.0902281804197;2301.070844006772;4221.109612354067;2.48;-6.666890921401736;11.626890921401737
2020-04-01 00:00:00;Aragon;Fresas;1477.0980529964352;1359.0650490217006;1595.1310569711698;3021.3624995557693;1286.8531272444961;4755.8718718670425;1.98;-7.16689092139544;11.126890921395441
2020-05-01 00:00:00;Aragon;Fresas;990.151518169899;868.3259854316045;1111.9770509081934;2815.384836951605;473.55417503926446;5157.215498863945;2.19;-6.956890921395441;11.33689092139544
2020-06-01 00:00:00;Aragon;Fresas;239.29525214402656;118.21517641508774;360.3753278729654;2236.0171078944404;-588.9754939699405;5061.009709758821;2.74;-6.406890921395441;11.886890921395441
2020-02-01 00:00:00;Asturias;Fresas;723.23;723.23;723.23;2389.9;2389.9;2389.9;3.3;3.3;3.3
2020-03-01 00:00:00;Asturias;Fresas;1208.7684902199599;1062.867766583558;1354.6692138563617;2767.395209247657;1898.107024138712;3636.683394356602;2.58;1.6473962681583132;3.512603731841687
2020-04-01 00:00:00;Asturias;Fresas;1567.039649686463;1324.3350544541963;1809.7442449187297;2674.6710284926053;1108.023909381569;4241.318147603642;1.99;1.057396268004406;2.922603731995594
2020-05-01 00:00:00;Asturias;Fresas;1046.1727209618898;753.8290066759573;1338.5164352478223;2376.9389822399353;340.49868127572086;4413.37928320415;2.24;1.3073962680044064;3.172603731995594
2020-06-01 00:00:00;Asturias;Fresas;100.97122020084771;-243.87373190507878;445.8161723067742;1581.788669140734;-777.13342107019;3940.7107593516585;2.89;1.9573962680044064;3.822603731995594
2020-02-01 00:00:00;Baleares;Fresas;401.23;401.23;401.23;1381.44;1381.44;1381.44;3.44;3.44;3.44
2020-03-01 00:00:00;Baleares;Fresas;860.5250736217325;777.7814164507267;943.2687307927383;2112.3983201560627;1130.2602829815178;3094.5363573306076;2.62;0.9705031048160462;4.269496895183954
2020-04-01 00:00:00;Baleares;Fresas;909.8711672515972;828.1687824522228;991.5735520509716;1790.0732887253;342.4981282118879;3237.648449238712;1.98;0.3305031049337488;3.629496895066251
2020-05-01 00:00:00;Baleares;Fresas;654.9715355333174;572.6497551146058;737.2933159520289;1751.2737904505002;-140.08790530800434;3642.6354862090047;2.42;0.7705031049337487;4.069496895066251
2020-06-01 00:00:00;Baleares;Fresas;131.08294808821825;48.876843926835164;213.28905224960133;1219.9623715692387;-1042.8446211315204;3482.769364269998;3.68;2.030503104933749;5.329496895066251
2020-02-01 00:00:00;Canarias;Fresas;542.56;542.56;542.56;2308.16;2308.16;2308.16;4.25;4.25;4.25
2020-03-01 00:00:00;Canarias;Fresas;1052.2933659473333;805.2861947826725;1299.3005371119941;3054.176882922886;1851.2118372064683;4257.141928639303;3.59;0.48567268093508353;6.694327319064916
2020-04-01 00:00:00;Canarias;Fresas;792.8074914941817;534.2575836413424;1051.3573993470209;2439.4092460498164;434.73628365634977;4444.082208443283;3.21;0.10567268088006587;6.3143273191199345
2020-05-01 00:00:00;Canarias;Fresas;715.0109015073192;413.8386984388531;1016.1831045757854;2230.4665336935177;-358.34094750783015;4819.274014894865;3.0;-0.10432731911993409;6.104327319119934
2020-06-01 00:00:00;Canarias;Fresas;151.1376934078686;-172.65366835595336;474.92905517169055;1526.549647609838;-1525.5252018748;4578.624497094476;4.74;1.6356726808800661;7.844327319119934
2020-02-01 00:00:00;Cantabria;Fresas;317.49;317.49;317.49;1195.25;1195.25;1195.25;3.76;3.76;3.76
2020-03-01 00:00:00;Cantabria;Fresas;479.70973356080844;449.6210803925238;509.79838672909307;1348.3164336526663;973.520363254014;1723.1125040513186;2.83;1.6616312040621786;3.9983687959378216
2020-04-01 00:00:00;Cantabria;Fresas;591.5944290645;508.3857836953811;674.8030744336188;1122.3571918131738;455.24635826227654;1789.468025364071;1.96;0.7916312042596578;3.128368795740342
2020-05-01 00:00:00;Cantabria;Fresas;551.5136302395389;412.5760325075779;690.4512279714999;967.5830421342563;110.66893537964211;1824.4971488888705;2.25;1.0816312042596579;3.418368795740342
2020-06-01 00:00:00;Cantabria;Fresas;394.90041777909505;201.05118087633798;588.7496546818521;682.7652873965321;-301.9014625056452;1667.4320372987095;3.75;2.581631204259658;4.918368795740342
2020-02-01 00:00:00;Castilla la mancha;Fresas;870.98;870.98;870.98;2777.43;2777.43;2777.43;3.19;3.19;3.19
2020-03-01 00:00:00;Castilla la mancha;Fresas;1856.90316118401;1619.1150344746761;2094.691287893344;3898.239240795528;2482.8818873552455;5313.596594235811;2.56;1.4454151620104951;3.6745848379895047
2020-04-01 00:00:00;Castilla la mancha;Fresas;1658.1731343403844;1271.5205628920032;2044.8257057887656;3077.227367734973;744.9326077100445;5409.522127759901;1.8;0.6854151622098235;2.9145848377901764
2020-05-01 00:00:00;Castilla la mancha;Fresas;839.399042252125;374.4257176248284;1304.3723668794216;2649.451907213055;-329.17032659483675;5628.074141020947;2.26;1.1454151622098232;3.3745848377901764
2020-06-01 00:00:00;Castilla la mancha;Fresas;242.74872574719143;-305.4727943870042;790.9702458813871;1985.7162909030483;-1499.7501088105626;5471.182690616659;2.85;1.7354151622098235;3.9645848377901767
2020-02-01 00:00:00;Castilla leon;Fresas;930.18;930.18;930.18;2934.41;2934.41;2934.41;3.15;3.15;3.15
2020-03-01 00:00:00;Castilla leon;Fresas;1495.4229402621072;1354.5578225710417;1636.2880579531727;4184.561788341873;3235.865506103125;5133.25807058062;2.62;0.5878047519763849;4.652195248023615
2020-04-01 00:00:00;Castilla leon;Fresas;1517.712571134818;1138.0584287633978;1897.3667135062383;3892.2995958219626;1922.5131552996663;5862.086036344259;2.01;-0.022195248084791785;4.042195248084791
2020-05-01 00:00:00;Castilla leon;Fresas;740.35857390564;140.34867402684756;1340.3684737844324;3036.2573023102714;307.93618503145035;5764.578419589092;2.18;0.1478047519152086;4.212195248084791
2020-06-01 00:00:00;Castilla leon;Fresas;-121.27350645605952;-917.8808955618823;675.3338826497633;1989.1279566716523;-1189.217800858273;5167.473714201577;3.3;1.2678047519152083;5.332195248084791
2020-02-01 00:00:00;Cataluña;Fresas;3516.54;3516.54;3516.54;12194.4;12194.4;12194.4;3.47;3.47;3.47
2020-03-01 00:00:00;Cataluña;Fresas;5957.333456016002;5320.113335834877;6594.553576197127;14341.268538631457;10571.536600784631;18111.000476478283;2.77;1.5004705385962698;4.03952946140373
2020-04-01 00:00:00;Cataluña;Fresas;7240.54535650533;6426.359016297853;8054.731696712808;11538.236216750653;5486.875690991883;17589.59674250942;2.1;0.8304705386481144;3.3695294613518856
2020-05-01 00:00:00;Cataluña;Fresas;4993.270980961151;4033.81246952222;5952.729492400082;11290.22114299795;3498.206771376981;19082.235514618922;2.46;1.1904705386481143;3.729529461351886
2020-06-01 00:00:00;Cataluña;Fresas;1279.7192595377496;194.26389257855044;2365.174626496949;9291.798652175865;68.2923494526076;18515.304954899122;3.08;1.8104705386481144;4.349529461351886
2020-02-01 00:00:00;Extremadura;Fresas;399.66;399.66;399.66;1326.83;1326.83;1326.83;3.32;3.32;3.32
2020-03-01 00:00:00;Extremadura;Fresas;838.4484734145478;628.3893355584305;1048.5076112706652;1435.9944565326002;412.22231099804105;2459.7666020671595;2.58;-0.5042057601087659;5.664205760108766
2020-04-01 00:00:00;Extremadura;Fresas;932.7378258337335;723.9827503448424;1141.4929013226244;1424.103224720584;186.2259420082978;2661.98050743287;2.02;-1.0642057601384094;5.104205760138409
2020-05-01 00:00:00;Extremadura;Fresas;405.0398701520454;170.03879876409846;640.0409415399923;1052.9077713625006;-418.45911854368546;2524.274661268687;2.34;-0.7442057601384096;5.42420576013841
2020-06-01 00:00:00;Extremadura;Fresas;437.05779824918375;192.4182071385706;681.697389359797;1577.8205085569327;-80.65630331542752;3236.297320429293;4.93;1.8457942398615903;8.01420576013841
2020-02-01 00:00:00;Galicia;Fresas;1231.08;1231.08;1231.08;4554.05;4554.05;4554.05;3.7;3.7;3.7
2020-03-01 00:00:00;Galicia;Fresas;2085.4420899835836;1837.0083211149745;2333.875858852193;5188.254219231053;3467.274984488664;6909.233453973442;2.8;0.5955658401581805;5.00443415984182
2020-04-01 00:00:00;Galicia;Fresas;2160.5944638675364;1804.9532173514258;2516.235710383647;4379.321851475303;1709.7481895358515;7048.895513414755;2.1;-0.10443415987481863;4.304434159874819
2020-05-01 00:00:00;Galicia;Fresas;1707.8210007296923;1273.6045335300146;2142.03746792937;4403.579574833124;1030.8536203152084;7776.305529351039;2.45;0.24556584012518146;4.654434159874819
2020-06-01 00:00:00;Galicia;Fresas;543.2571671738422;40.21912615108175;1046.2952081966025;3613.507281653836;-337.40668244300105;7564.421245750673;4.0;1.7955658401251813;6.204434159874818
2020-02-01 00:00:00;La rioja;Fresas;97.01;97.01;97.01;363.83;363.83;363.83;3.75;3.75;3.75
2020-03-01 00:00:00;La rioja;Fresas;279.86509625952635;251.06730304698118;308.6628894720715;547.544860738708;394.33044433339705;700.759277144019;2.59;-2.1663340638792974;7.346334063879297
2020-04-01 00:00:00;La rioja;Fresas;357.56219423116715;328.79032810429436;386.33406035803995;527.1154720323386;207.2719714002332;846.958972664444;1.78;-2.976334063841122;6.536334063841123
2020-05-01 00:00:00;La rioja;Fresas;191.08644475021867;162.3134105262685;219.85947897416884;436.6846999501014;-17.482418977704697;890.8518188779075;2.36;-2.3963340638411226;7.116334063841123
2020-06-01 00:00:00;La rioja;Fresas;64.35940743560339;35.586340236388324;93.13247463481845;317.6054629799486;-228.61034352774266;863.8212694876398;3.73;-1.0263340638411225;8.486334063841122
2020-02-01 00:00:00;Madrid;Fresas;3531.05;3531.05;3531.05;11165.28;11165.28;11165.28;3.16;3.16;3.16
2020-03-01 00:00:00;Madrid;Fresas;5905.8000116706935;5085.552281202221;6726.047742139166;14385.482404196602;9391.997487244153;19378.96732114905;2.55;1.427802983781214;3.6721970162187856
2020-04-01 00:00:00;Madrid;Fresas;5283.927573065968;3794.630813499625;6773.224332632311;10570.609652513422;2655.188535643615;18486.03076938323;1.93;0.8078029839106289;3.052197016089371
2020-05-01 00:00:00;Madrid;Fresas;3088.964349396408;1270.0654465904906;4907.863252202325;9381.897970756627;-379.19656255077643;19142.99250406403;2.24;1.1178029839106292;3.3621970160893713
2020-06-01 00:00:00;Madrid;Fresas;1331.9088507337399;-810.9285153690723;3474.746216836552;8274.386560254421;-2906.881781649252;19455.654902158094;2.7;1.5778029839106291;3.8221970160893712
2020-02-01 00:00:00;Murcia;Fresas;585.36;585.36;585.36;1998.82;1998.82;1998.82;3.41;3.41;3.41
2020-03-01 00:00:00;Murcia;Fresas;851.4758390821851;654.1555455679566;1048.7961325964136;1817.2511433616364;979.3501987693535;2655.1520879539194;2.64;0.4202240827303996;4.859775917269601
2020-04-01 00:00:00;Murcia;Fresas;822.519214941971;580.6629801835523;1064.3754497003895;1552.871344229842;180.1140007665647;2925.628687693119;2.03;-0.1897759172608291;4.249775917260829
2020-05-01 00:00:00;Murcia;Fresas;288.30734578267027;7.492255456714986;569.1224361086256;1116.3093571888387;-571.1706624953827;2803.78937687306;2.32;0.10022408273917094;4.539775917260829
2020-06-01 00:00:00;Murcia;Fresas;-27.66952162478276;-342.5998028869823;287.26075963741675;695.8860303434365;-1214.8059431156096;2606.5780038024823;2.74;0.5202240827391713;4.95977591726083
2020-02-01 00:00:00;Navarra;Fresas;509.48;509.48;509.48;1549.29;1549.29;1549.29;3.04;3.04;3.04
2020-03-01 00:00:00;Navarra;Fresas;940.4834839073835;803.9202255122025;1077.0467423025646;2138.660058449169;1326.6226528285165;2950.6974640698213;2.7;-0.8069567246636851;6.206956724663685
2020-04-01 00:00:00;Navarra;Fresas;701.9029898012147;494.518933088204;909.2870465142255;1733.9424683035363;443.29971837934295;3024.5852182277295;2.03;-1.476956724618507;5.5369567246185065
2020-05-01 00:00:00;Navarra;Fresas;577.9844851628877;327.8711760101202;828.0977943156552;1647.1644220333792;6.782324828183164;3287.5465192385755;2.15;-1.3569567246185068;5.656956724618507
2020-06-01 00:00:00;Navarra;Fresas;186.06919836504824;-107.29305113914268;479.43144786923915;1285.8999351144475;-638.5240715996981;3210.323941828593;3.72;0.21304327538149348;7.226956724618507
2020-02-01 00:00:00;Pais vasco;Fresas;1408.79;1408.79;1408.79;4542.98;4542.98;4542.98;3.22;3.22;3.22
2020-03-01 00:00:00;Pais vasco;Fresas;2198.007971224174;1847.9979148618738;2548.018027586474;5445.395907753185;4052.578470107582;6838.213345398789;2.63;-0.057483936194349106;5.317483936194349
2020-04-01 00:00:00;Pais vasco;Fresas;2786.5313273817724;2237.9165470679372;3335.1461076956075;5401.506525974961;2683.698364413828;8119.3146875360935;1.96;-0.7274839362526224;4.647483936252622
2020-05-01 00:00:00;Pais vasco;Fresas;1392.1068682175087;732.5747582184074;2051.6389782166098;4403.4543095775325;702.9795460791552;8103.929073075909;2.26;-0.4274839362526226;4.947483936252622
2020-06-01 00:00:00;Pais vasco;Fresas;244.6605784543117;-531.4578209931743;1020.7789779017977;3188.281325665416;-1180.4846996781466;7557.047351008978;2.6;-0.0874839362526223;5.287483936252622
2020-02-01 00:00:00;Valencia;Fresas;2084.69;2084.69;2084.69;7167.53;7167.53;7167.53;3.44;3.44;3.44
2020-03-01 00:00:00;Valencia;Fresas;3660.943234277321;3288.421438617718;4033.465029936924;10567.239772057494;7958.377975748602;13176.101568366386;2.66;0.9326140883775087;4.387385911622491
2020-04-01 00:00:00;Valencia;Fresas;3932.7490835190233;3352.0329840372815;4513.465183000765;10468.631449269948;5523.19013701056;15414.072761529336;2.02;0.29261408837740155;3.7473859116225983
2020-05-01 00:00:00;Valencia;Fresas;2236.674033299594;1536.7324888952921;2936.615577703896;9961.848078773593;2974.9062568549107;16948.789900692274;2.27;0.5426140883774015;3.9973859116225983
2020-06-01 00:00:00;Valencia;Fresas;366.27528828933305;-456.1880805007105;1188.7386570793765;9107.041453843387;374.2817940662735;17839.801113620502;3.33;1.6026140883774016;5.057385911622599
2020-02-01 00:00:00;Nacional;Melon;6438.04;6438.04;6438.04;10814.52;10814.52;10814.52;1.68;1.68;1.68
2020-03-01 00:00:00;Nacional;Melon;5994.446174789383;-7900.728939513831;19889.621289092596;12001.891877076301;1057.7325824679083;22946.051171684696;1.625040401561801;1.2129139863877008;2.037166816735901
2020-04-01 00:00:00;Nacional;Melon;5126.959301107151;-14523.785797089575;24777.70439930388;12234.4118770763;1012.9355800772264;23455.88817407537;1.6049342662235302;0.8757654815400915;2.334103050906969
2020-05-01 00:00:00;Nacional;Melon;10423.165873359983;-13643.983404679868;34490.31515139983;25626.501877076298;14134.39859253953;37118.605161613064;1.5850768980407421;0.6445304640985823;2.525623331982902
2020-06-01 00:00:00;Nacional;Melon;6010.890495085572;-21779.459733520856;33801.240723692;52538.6718770763;40782.16961148686;64295.17414266573;1.5654652190923641;0.45691280749609264;2.6740176306886356
2020-07-01 00:00:00;Nacional;Melon;19354.611405695854;-11715.944709149542;50425.16752054125;77238.40187707629;65223.31747707484;89253.48627707774;1.5460961895395136;0.2952232411019451;2.796969137977082
2020-08-01 00:00:00;Nacional;Melon;18795.686992689796;-15240.401923971996;52831.77590935159;68926.9718770763;56658.75437176987;81195.18938238273;1.5269668071543188;0.15138698440109666;2.902546629907541
2020-09-01 00:00:00;Nacional;Melon;8621.452476256785;-28141.72529988301;45384.630252396586;65860.30187707629;53344.069681409106;78376.53407274347;1.508074106854569;0.02089500577052905;2.9952532079386094
2020-10-01 00:00:00;Nacional;Melon;-2711.7313858175166;-42013.22158221097;36589.758810575935;37927.221877076285;25167.79493092371;50686.64882322886;1.489415160244123;-0.09908309635415624;3.077913416842402
2020-11-01 00:00:00;Nacional;Melon;6989.593319004629;-34695.932023905014;48675.11866191427;16347.961877076286;3349.889573363198;29346.034180789375;1.4709870751590017;-0.210467105940642;3.1524412562586455
2020-02-01 00:00:00;Andalucia;Melon;986.54;986.54;986.54;1630.08;1630.08;1630.08;1.65;1.65;1.65
2020-03-01 00:00:00;Andalucia;Melon;977.9959820130777;-2781.517225577075;4737.50918960323;1941.2999999999997;2.800292495308895;3879.7997075046906;1.637528354507032;1.1638065906449495;2.1112501183691146
2020-04-01 00:00:00;Andalucia;Melon;1115.2036456973;-4201.550920397471;6431.958211792071;2029.4899999999993;-711.9625770094121;4770.942577009411;1.625879029184248;0.9138341252065423;2.337923933161954
2020-05-01 00:00:00;Andalucia;Melon;1920.4580375547241;-4591.20984971766;8432.125924827109;5225.339999999999;1867.760016144467;8582.919983855532;1.614312576796215;0.7279734036844863;2.5006517499079437
2020-06-01 00:00:00;Andalucia;Melon;2763.554701276369;-4755.471713903936;10282.581116456673;9437.669999999998;5560.670584990617;13314.669415009379;1.6028284077874762;0.5731504659689759;2.6325063496059764
2020-02-01 00:00:00;Aragon;Melon;146.58;146.58;146.58;285.97;285.97;285.97;1.95;1.95;1.95
2020-03-01 00:00:00;Aragon;Melon;106.45964631963108;-987.1041686438614;1200.0234612831234;200.33582276730695;-714.4815444874324;1115.1531900220464;1.9268095574539088;1.303837928995148;2.5497811859126696
2020-04-01 00:00:00;Aragon;Melon;116.36505647454729;-1430.1677219672854;1662.8978349163801;170.165822767307;-744.7259748261688;1085.0576203607827;1.9035200902110698;1.0386170485272799;2.76842313189486
2020-05-01 00:00:00;Aragon;Melon;220.8533084035019;-1673.2547804321177;2114.9613972391217;541.1658227673071;-373.80039911017366;1456.1320446447878;1.880512124210716;0.8320028599101714;2.92902138851126
2020-06-01 00:00:00;Aragon;Melon;593.5624631600505;-1593.5651667669345;2780.690093087035;1483.2458227673073;568.205182659077;2398.286462875538;1.8577822569297795;0.6568473332590055;3.0587171806005538
2020-02-01 00:00:00;Asturias;Melon;130.78;130.78;130.78;120.2;120.2;120.2;0.92;0.92;0.92
2020-03-01 00:00:00;Asturias;Melon;123.9326585464993;-624.9744763483618;872.8397934413604;72.62069520174899;-335.573829103603;480.8152195071009;0.7980913126413315;0.06629406489827028;1.5298885603843928
2020-04-01 00:00:00;Asturias;Melon;133.48370830186582;-925.6309188244236;1192.5983354281552;88.22069520174897;-375.1517536868797;551.5931440903777;0.760311649638445;-0.3175473448076538;1.8381706440845438
2020-05-01 00:00:00;Asturias;Melon;232.4608198171822;-1064.6843879715561;1529.6060276059206;372.01069520174894;-140.63468233053504;884.6560727340329;0.7243203821662503;-0.5910296232095789;2.0396703875420794
2020-06-01 00:00:00;Asturias;Melon;567.8107514825326;-930.0035183071893;2065.6250212722543;1230.630695201749;673.0497236636322;1788.2116667398657;0.6900328520166009;-0.8086248275887314;2.1886905316219334
2020-02-01 00:00:00;Baleares;Melon;127.91;127.91;127.91;206.37;206.37;206.37;1.61;1.61;1.61
2020-03-01 00:00:00;Baleares;Melon;140.865288603175;-1002.1317701658813;1283.8623473722314;236.95767563899983;-581.0562256036482;1054.9715768816477;1.549586730262502;0.9520978162349211;2.1470756442900827
2020-04-01 00:00:00;Baleares;Melon;143.18587677037104;-1473.2560654933861;1759.6278190341284;306.13767563899984;-566.2699671511134;1178.5453184291132;1.4941083474347399;0.6516193090660284;2.336597385803451
2020-05-01 00:00:00;Baleares;Melon;243.56267428189955;-1736.1663044078964;2223.2916529716954;597.2876756389998;-326.3158365733492;1520.8911878513486;1.440616204486989;0.4219046595538305;2.4593277494201473
2020-06-01 00:00:00;Baleares;Melon;621.766842602944;-1664.2272749351687;2907.760960141057;1629.787675639;657.6807883352573;2601.894562942743;1.3890391899581747;0.23029247518131912;2.54778590473503
2020-02-01 00:00:00;Canarias;Melon;93.7;93.7;93.7;238.65;238.65;238.65;2.55;2.55;2.55
2020-03-01 00:00:00;Canarias;Melon;109.6871543541117;-925.4544946005958;1144.8288033088193;357.18123070928834;-484.504786337774;1198.8672477563507;2.472690835407439;1.5139461798573048;3.431435490957573
2020-04-01 00:00:00;Canarias;Melon;82.69689665660864;-1381.2144622723881;1546.6082555856055;213.54123070928844;-749.8575760946426;1176.9400375132195;2.4290805201668135;1.1294677019920263;3.7286933383416008
2020-05-01 00:00:00;Canarias;Melon;459.97994857474515;-1332.9379804454356;2252.897877594926;1269.7512307092884;198.37866684089863;2341.1237945776784;2.3862393506552673;0.8267902742534599;3.9456884270570747
2020-06-01 00:00:00;Canarias;Melon;769.6131458119719;-1300.6701520974432;2839.896443721387;2373.8812307092885;1204.4621098340492;3543.3003515845276;2.3441537616153765;0.5696690089590752;4.1186385142716775
2020-02-01 00:00:00;Cantabria;Melon;28.49;28.49;28.49;54.54;54.54;54.54;1.91;1.91;1.91
2020-03-01 00:00:00;Cantabria;Melon;44.84594201253391;-279.6836003143003;369.3754843393681;119.01;-89.47612669431238;327.4961266943124;1.8612202175573689;1.1489362826295018;2.573504152485236
2020-04-01 00:00:00;Cantabria;Melon;59.25579181552473;-399.69828833381763;518.209871964867;167.48999999999998;-127.35390793773135;462.3339079377313;1.8411961116076108;0.8912984904865242;2.7910937327286973
2020-05-01 00:00:00;Cantabria;Melon;74.52741933272964;-487.57423653442163;636.629075199881;178.31;-182.79856410779104;539.4185641077911;1.8213874368117293;0.6861297878902404;2.9566450857332183
2020-06-01 00:00:00;Cantabria;Melon;201.6925424720763;-447.3665421815921;850.7516271257447;494.96;77.9877466113756;911.9322533886243;1.8017918754341824;0.5106518291159365;3.0929319217524283
2020-02-01 00:00:00;Castilla la mancha;Melon;319.89;319.89;319.89;639.11;639.11;639.11;2.0;2.0;2.0
2020-03-01 00:00:00;Castilla la mancha;Melon;311.32904786906647;-974.2608886886906;1596.9189844268235;581.7873987718741;-197.30756473551003;1360.8823622792584;1.9727633070176347;1.389277912300817;2.5562487017344524
2020-04-01 00:00:00;Castilla la mancha;Melon;299.82397273689094;-1518.274751193456;2117.9226966672377;685.647398771874;-111.64781936894951;1482.9426169126975;1.9515039591753824;1.0777371495041774;2.8252707688465875
2020-05-01 00:00:00;Castilla la mancha;Melon;555.5878238695054;-1671.11926394778;2782.294911686791;1244.4073987718739;429.3182210876928;2059.4965764560548;1.9304737112302492;0.8453867797928709;3.0155606426676274
2020-06-01 00:00:00;Castilla la mancha;Melon;803.0264129445595;-1768.1534601709545;3374.2062860600736;2110.197398771874;1277.6945037105263;2942.7002938332216;1.9096700943029803;0.6517014031797783;3.167638785426182
2020-02-01 00:00:00;Castilla leon;Melon;320.01;320.01;320.01;586.76;586.76;586.76;1.83;1.83;1.83
2020-03-01 00:00:00;Castilla leon;Melon;259.81242505524665;-1637.8314335375157;2157.456283648009;570.8362751893487;-581.0005965231733;1722.6731469018707;1.8213886926807126;1.275986289856459;2.3667910955049662
2020-04-01 00:00:00;Castilla leon;Melon;302.07836550895547;-2381.595315866941;2985.7520468848516;765.9962751893488;-419.958415520819;1951.9509658995166;1.7926352347525418;0.973366307813031;2.6119041616920526
2020-05-01 00:00:00;Castilla leon;Melon;550.6210160039029;-2736.1945617498113;3837.4365937576176;1353.5262751893488;134.40820141699737;2572.6443489617004;1.7643356949507707;0.7478552756006207;2.7808161143009205
2020-06-01 00:00:00;Castilla leon;Melon;860.2135224820877;-2935.074194703437;4655.501239667612;2710.526275189349;1459.1233715730245;3961.929178805673;1.7364829074706467;0.5600803010514457;2.9128855138898477
2020-02-01 00:00:00;Cataluña;Melon;1530.64;1530.64;1530.64;2602.33;2602.33;2602.33;1.7;1.7;1.7
2020-03-01 00:00:00;Cataluña;Melon;1718.596612957387;-2090.8040158920867;5527.997241806861;2939.4668166081997;594.8299374518824;5284.103695764517;1.639549628586233;0.9748240683862445;2.3042751887862214
2020-04-01 00:00:00;Cataluña;Melon;1623.173671127271;-3764.1323627042516;7010.479704958794;3401.3768166081995;1003.1358428003646;5799.617790416034;1.608850669324638;0.5743451683952068;2.6433561702540693
2020-05-01 00:00:00;Cataluña;Melon;2628.451290215607;-3969.6241453365124;9226.526725767726;5309.8968166081995;2859.2239616963825;7760.5696715200165;1.5787265179757244;0.28441847010379595;2.873034565847653
2020-06-01 00:00:00;Cataluña;Melon;2978.5219964884145;-4640.279261210532;10597.323254187362;11125.0968166082;8623.09059855987;13627.103034656531;1.5491664118249107;0.04656204569519873;3.051770777954623
2020-02-01 00:00:00;Extremadura;Melon;106.98;106.98;106.98;169.73;169.73;169.73;1.59;1.59;1.59
2020-03-01 00:00:00;Extremadura;Melon;107.24995444882808;-979.4648644386123;1193.9647733362683;201.05696427866187;-633.3991767477147;1035.5131053050384;1.5290559926064904;0.9349840373227379;2.123127947890243
2020-04-01 00:00:00;Extremadura;Melon;81.56377124212852;-1455.283064060311;1618.410606544568;132.68696427866186;-977.4137121595832;1242.787640716907;1.4919407935343674;0.7201510685838142;2.2637305184849206
2020-05-01 00:00:00;Extremadura;Melon;200.61468693349966;-1681.6305927175574;2082.859966584557;420.1569642786619;-909.6287223493241;1749.942650906648;1.455726501956034;0.5464651521416615;2.3649878517704064
2020-06-01 00:00:00;Extremadura;Melon;457.36907893208024;-1716.0605588428002;2630.798716706961;1067.0369642786618;-450.9671308715067;2585.0410594288305;1.420391249894687;0.3972733528878303;2.4435091469015435
2020-02-01 00:00:00;Galicia;Melon;290.93;290.93;290.93;348.11;348.11;348.11;1.2;1.2;1.2
2020-03-01 00:00:00;Galicia;Melon;270.3233735930377;-1513.6743902303706;2054.3211374164457;367.70672627605785;-1819.1910944725528;2554.6045470246686;1.134427670972452;0.5316583331036607;1.737197008841243
2020-04-01 00:00:00;Galicia;Melon;276.87557105917034;-2246.078261783167;2799.8294039015077;502.546726276058;-1761.516693539334;2766.61014609145;1.0808411645962077;0.22755916906378282;1.9341231601286326
2020-05-01 00:00:00;Galicia;Melon;440.05969141789797;-2649.915076113507;3530.0344589493034;1243.796726276058;-1094.8875746712315;3582.4810272233476;1.0297859025990341;0.0006098429435017483;2.0589619622545667
2020-06-01 00:00:00;Galicia;Melon;631.5390104478627;-2936.4565171989534;4199.534538094679;2068.866726276058;-342.13002819053736;4479.863480742653;0.9811423176021291;-0.18495118114062448;2.1472358163448826
2020-02-01 00:00:00;La rioja;Melon;21.3;21.3;21.3;43.94;43.94;43.94;2.06;2.06;2.06
2020-03-01 00:00:00;La rioja;Melon;6.553831697052438;-194.17583249235958;207.28349588646444;4.225096405176647;-100.83550740338912;109.2857002137424;1.9517450921739135;0.84035751656176;3.063132667786067
2020-04-01 00:00:00;La rioja;Melon;5.827647004267693;-278.0469664629957;289.70226047153113;2.8450964051766348;-129.22112505130605;134.9113178616593;1.8921604708059776;0.5581134129463781;3.226207528665577
2020-05-01 00:00:00;La rioja;Melon;51.61159468722684;-296.06238227507373;399.2855716495274;127.34509640517665;-27.073954320324205;281.7641471306775;1.8343949020990662;0.32064382483060805;3.3481459793675246
2020-06-01 00:00:00;La rioja;Melon;104.20294334436392;-297.2563850344601;505.6622717231879;253.45509640517662;79.53270105559207;427.3774917547612;1.7783928523851351;0.11333036668398333;3.443455338086287
2020-02-01 00:00:00;Madrid;Melon;1223.74;1223.74;1223.74;2063.73;2063.73;2063.73;1.69;1.69;1.69
2020-03-01 00:00:00;Madrid;Melon;1140.722735555579;-1923.6957004994003;4205.141171610559;2267.2858730207518;-149.35289274970773;4683.924638791212;1.6743215418239856;1.15405543972247;2.194587643925501
2020-04-01 00:00:00;Madrid;Melon;1192.4041307159732;-3141.337982339128;5526.146243771074;2045.0558730207517;-995.501213756098;5085.612959797601;1.642520013627043;0.8550194479427041;2.430020579311382
2020-05-01 00:00:00;Madrid;Melon;1830.706235118036;-3477.022191779948;7138.4346620160195;3729.0258730207515;172.3656598891571;7285.6860861523455;1.6113225134918545;0.633320617655549;2.58932440932816
2020-06-01 00:00:00;Madrid;Melon;2290.8375827272484;-3837.9992893827102;8419.674454837208;7904.765873020752;3897.937158763349;11911.594587278156;1.5807175687024824;0.4492745522145476;2.712160585190417
2020-02-01 00:00:00;Murcia;Melon;179.33;179.33;179.33;253.98;253.98;253.98;1.42;1.42;1.42
2020-03-01 00:00:00;Murcia;Melon;194.25893973148237;-718.9109535302935;1107.4288329932583;385.1260479708162;-609.5584562470137;1379.8105521886462;1.381523352661223;0.591076923504076;2.17196978181837
2020-04-01 00:00:00;Murcia;Melon;189.3892238159581;-1102.0280239856368;1480.806471617553;423.6360479708162;-571.5005598477563;1418.7726557893889;1.3252107405955462;0.27079032187443475;2.3796311593166575
2020-05-01 00:00:00;Murcia;Melon;445.06544697072843;-1136.591204100916;2026.7220980423726;1001.5560479708163;5.967541854841102;1997.1445540867915;1.2711935007156172;0.022231043470288814;2.5201559579609456
2020-06-01 00:00:00;Murcia;Melon;732.2365750898612;-1094.1032114336906;2558.5763616134127;1452.7360479708163;456.6958485813416;2448.776247360291;1.2193780707930497;-0.1849815403222108;2.6237376819083105
2020-02-01 00:00:00;Navarra;Melon;15.91;15.91;15.91;25.45;25.45;25.45;1.6;1.6;1.6
2020-03-01 00:00:00;Navarra;Melon;21.877354361421155;-490.7209313846154;534.4756401074577;50.30999999999996;-323.18837836738766;423.80837836738755;1.559340729863214;0.7348032550921189;2.383878204634309
2020-04-01 00:00:00;Navarra;Melon;16.562876739493618;-708.3605710117506;741.4863244907378;47.03999999999998;-481.1664722115165;575.2464722115164;1.5436736612648014;0.5042022092719907;2.583145113257612
2020-05-01 00:00:00;Navarra;Melon;62.34491135479779;-825.501363430047;950.1911861396426;154.69999999999996;-492.2181678768992;801.6181678768991;1.528164003445038;0.31443851281326074;2.7418894940768155
2020-06-01 00:00:00;Navarra;Melon;241.06205930238036;-784.1345121896928;1266.2586307944534;767.1999999999999;20.203243265225865;1514.196756734774;1.51281017486025;0.14975911180872492;2.875861237911775
2020-02-01 00:00:00;Pais vasco;Melon;318.1;318.1;318.1;543.29;543.29;543.29;1.71;1.71;1.71
2020-03-01 00:00:00;Pais vasco;Melon;351.4112641760354;-888.6078912723127;1591.4304196243834;787.9286431071656;-136.67435452588757;1712.5316407402188;1.5445042207477502;0.9616260452663439;2.1273823962291565
2020-04-01 00:00:00;Pais vasco;Melon;347.5185408413872;-1406.133366396098;2101.170448078872;718.6086431071656;-224.81158449850705;1662.0288707128382;1.4963832064347662;0.49472157386950655;2.498044839000026
2020-05-01 00:00:00;Pais vasco;Melon;507.003569359258;-1640.7726102359302;2654.7797489544464;1126.0886431071654;164.21924008040799;2087.958046133923;1.4497614641777623;0.17453602789947942;2.724986900456045
2020-06-01 00:00:00;Pais vasco;Melon;943.2666309564964;-1536.7716799401996;3423.3049418531928;2507.1886431071653;1527.2173317400611;3487.1599544742694;1.4045922822286607;-0.08230568326333754;2.891490247720659
2020-02-01 00:00:00;Valencia;Melon;597.2;597.2;597.2;1002.26;1002.26;1002.26;1.68;1.68;1.68
2020-03-01 00:00:00;Valencia;Melon;840.4284947713371;-2037.833823603799;3718.6908131464734;1554.819445965402;551.3752711360445;2558.26362079476;1.6366384578967403;1.0435473618602693;2.229729553933211
2020-04-01 00:00:00;Valencia;Melon;419.0611137737973;-3651.416492939747;4489.538720487341;1170.0094459654017;162.28436390240086;2177.7345280284026;1.6031360902866951;0.7165615271856278;2.489710653387762
2020-05-01 00:00:00;Valencia;Melon;885.9990145510724;-4099.297558385651;5871.295587487795;2368.2194459654024;1356.2315655840239;3380.207326346781;1.57031952388709;0.47365406366144946;2.66698498411273
2020-06-01 00:00:00;Valencia;Melon;1065.8208915357463;-4690.703745214526;6822.345528286019;4557.519445965401;3541.286648296134;5573.752243634669;1.538174720188596;0.272294741628039;2.804054698749153
2020-02-01 00:00:00;Nacional;Sandia;464.47;464.47;464.47;704.21;704.21;704.21;1.52;1.52;1.52
2020-03-01 00:00:00;Nacional;Sandia;2588.98;-10378.633399324759;15556.593399324758;4623.486309043444;-5589.0101034889185;14835.982721575805;1.4188710821360808;0.7563610324904811;2.0813811317816806
2020-04-01 00:00:00;Nacional;Sandia;7113.98;-5853.633399324759;20081.59339932476;10994.26;-677.9256027185875;22666.445602718588;1.383515069945457;0.6017929353135729;2.165237204577341
2020-05-01 00:00:00;Nacional;Sandia;42600.56;29632.94660067524;55568.173399324754;42015.08;30342.894397281412;53687.26560271859;1.2790994428275;0.35648804819434854;2.2017108374606513
2020-06-01 00:00:00;Nacional;Sandia;81424.87;68457.25660067523;94392.48339932476;70650.85;58978.66439728142;82323.03560271859;1.2409264333748455;0.21396256268835678;2.2678903040613343
2020-07-01 00:00:00;Nacional;Sandia;102957.1;89989.48660067524;115924.71339932477;79769.38;68097.19439728142;91441.56560271859;1.204742324618855;0.08241852627624735;2.3270661229614626
2020-08-01 00:00:00;Nacional;Sandia;81609.27;68641.65660067524;94576.88339932477;59475.72;47803.534397281415;71147.90560271859;1.1779143300378143;-0.02766123478765148;2.3834898948632803
2020-09-01 00:00:00;Nacional;Sandia;44201.5;31233.886600675243;57169.11339932476;34386.1;22713.914397281413;46058.285602718584;1.1640675490495567;-0.11690490701316447;2.445040005112278
2020-10-01 00:00:00;Nacional;Sandia;8994.55;-3973.0633993247593;21962.16339932476;8205.44;-3466.745602718587;19877.62560271859;1.161995601227196;-0.1873604210787414;2.511351623533133
2020-11-01 00:00:00;Nacional;Sandia;969.8299999999999;-11997.783399324759;13937.443399324759;1187.86;-10484.325602718587;12860.045602718588;1.1857552607731123;-0.22628205373211285;2.5977925752783375
2020-02-01 00:00:00;Andalucia;Sandia;30.24;30.24;30.24;46.89;46.89;46.89;1.55;1.55;1.55
2020-03-01 00:00:00;Andalucia;Sandia;474.04;-1820.1253160071465;2768.2053160071464;730.1939307285268;-1244.486706912624;2704.8745683696775;0.2731950031998192;-3.9513042999299532;4.497694306329592
2020-04-01 00:00:00;Andalucia;Sandia;1185.25;-1108.9153160071464;3479.4153160071464;1686.7400000000002;-334.7587654048159;3708.238765404816;0.35423755071657503;-4.063275568619896;4.771750670053046
2020-05-01 00:00:00;Andalucia;Sandia;9482.75;7188.584683992854;11776.915316007147;8991.96;6970.461234595183;11013.458765404815;0.19676957781421414;-4.525620257445939;4.919159413074367
2020-06-01 00:00:00;Andalucia;Sandia;16747.45;14453.284683992853;19041.615316007148;13974.75;11953.251234595184;15996.248765404816;0.18096677109035786;-4.626413485946526;4.988347028127241
2020-02-01 00:00:00;Aragon;Sandia;12.66;12.66;12.66;24.89;24.89;24.89;1.97;1.97;1.97
2020-03-01 00:00:00;Aragon;Sandia;130.64;-369.9718032101447;631.2518032101447;201.5797000032983;-285.57167663332143;688.731076639918;1.05986797690018;-0.12446314602494057;2.2441990998253005
2020-04-01 00:00:00;Aragon;Sandia;220.45;-280.1618032101447;721.0618032101447;361.75999999999993;-126.15541123368632;849.6754112336862;0.43104226478714436;-0.783339412907814;1.6454239424821027
2020-05-01 00:00:00;Aragon;Sandia;1258.47;757.8581967898554;1759.0818032101447;1343.65;855.7345887663129;1831.5654112336874;0.5264092340610819;-0.8120912547275497;1.8649097228497133
2020-06-01 00:00:00;Aragon;Sandia;2391.35;1890.7381967898552;2891.9618032101444;2112.23;1624.3145887663127;2600.1454112336874;0.33093554152597804;-1.029162263280626;1.6910333463325822
2020-02-01 00:00:00;Asturias;Sandia;4.18;4.18;4.18;7.08;7.08;7.08;1.69;1.69;1.69
2020-03-01 00:00:00;Asturias;Sandia;91.74;-244.93208404495925;428.4120840449593;163.15646197501084;-170.3409750581918;496.65389900821344;1.2548993998089437;0.09782029712121565;2.411978502496672
2020-04-01 00:00:00;Asturias;Sandia;141.79;-194.88208404495927;478.4620840449593;240.56;-93.67401506732546;574.7940150673255;1.3214989506055779;0.033081009772476966;2.6099168914386786
2020-05-01 00:00:00;Asturias;Sandia;689.51;352.8379159550407;1026.1820840449593;675.0;340.76598493267454;1009.2340150673255;0.8643384032329338;-0.617647001730619;2.3463238081964866
2020-06-01 00:00:00;Asturias;Sandia;1180.67;843.9979159550408;1517.3420840449594;1097.02;762.7859849326744;1431.2540150673256;0.8336411473466808;-0.7583076498299867;2.4255899445233484
2020-02-01 00:00:00;Baleares;Sandia;4.5;4.5;4.5;7.8;7.8;7.8;1.73;1.73;1.73
2020-03-01 00:00:00;Baleares;Sandia;50.93;-409.43678478935266;511.29678478935267;86.07150637191963;-550.8458244983347;722.988837242174;1.179819883168347;0.1320085810484477;2.2276311852882467
2020-04-01 00:00:00;Baleares;Sandia;62.25;-398.11678478935266;522.6167847893527;103.69;-538.4306482667691;745.810648266769;0.6351516679796814;-0.46790266919441326;1.738206005153776
2020-05-01 00:00:00;Baleares;Sandia;748.89;288.5232152106473;1209.2567847893527;790.32;148.19935173323097;1432.4406482667691;0.8942976336825439;-0.36203971167442983;2.1506349790395176
2020-06-01 00:00:00;Baleares;Sandia;1571.84;1111.4732152106471;2032.2067847893527;1308.86;666.7393517332308;1950.980648266769;0.7382255429234713;-0.5682249463097907;2.044676032156733
2020-02-01 00:00:00;Canarias;Sandia;5.05;5.05;5.05;9.34;9.34;9.34;1.85;1.85;1.85
2020-03-01 00:00:00;Canarias;Sandia;0.0;-807.5382136543591;807.5382136543591;0.8163523072712842;-809.3583132299576;810.9910178445001;1.1239173862162075;-0.15172712995284665;2.399561902385262
2020-04-01 00:00:00;Canarias;Sandia;153.81;-653.728213654359;961.3482136543591;244.03000000000003;-580.0726803358662;1068.132680335866;0.228249686722731;-1.1966838753295603;1.6531832487750224
2020-05-01 00:00:00;Canarias;Sandia;1458.93;651.391786345641;2266.4682136543593;1502.7;678.5973196641339;2326.802680335866;0.2761044375281745;-1.284269147899995;1.836478022956344
2020-06-01 00:00:00;Canarias;Sandia;3528.33;2720.791786345641;4335.868213654359;3158.43;2334.327319664134;3982.5326803358657;0.20031510823605078;-1.4309581574647658;1.8315883739368675
2020-02-01 00:00:00;Cantabria;Sandia;5.68;5.68;5.68;11.14;11.14;11.14;1.96;1.96;1.96
2020-03-01 00:00:00;Cantabria;Sandia;29.42;-201.6329567871553;260.4729567871553;48.27196626854406;-174.7281953815118;271.27212791859995;1.5835505661316878;0.11857210080196579;3.0485290314614097
2020-04-01 00:00:00;Cantabria;Sandia;56.45;-174.60295678715528;287.5029567871553;81.91;-141.09043345793566;304.91043345793565;1.2296555994122982;-0.6537131044764444;3.1130243033010405
2020-05-01 00:00:00;Cantabria;Sandia;170.42;-60.63295678715531;401.4729567871553;176.89999999999998;-46.10043345793568;399.9004334579356;0.9532865066445178;-1.142376079354619;3.0489490926436544
2020-06-01 00:00:00;Cantabria;Sandia;891.2;660.1470432128448;1122.2529567871554;768.4199999999998;545.4195665420642;991.4204334579355;0.7389814772888201;-1.4744970906108918;2.9524600451885323
2020-02-01 00:00:00;Castilla la mancha;Sandia;19.91;19.91;19.91;29.5;29.5;29.5;1.48;1.48;1.48
2020-03-01 00:00:00;Castilla la mancha;Sandia;40.2;-1539.2754916610727;1619.6754916610728;74.5840522373822;-1364.1483398089551;1513.3164442837194;1.4927508179832492;0.1735064858543578;2.8119951501121405
2020-04-01 00:00:00;Castilla la mancha;Sandia;393.28;-1186.1954916610728;1972.7554916610727;652.66;-796.0834667836003;2101.4034667836004;1.2563893419815542;-0.4103241604029335;2.923102844366042
2020-05-01 00:00:00;Castilla la mancha;Sandia;2823.72;1244.244508338927;4403.195491661072;2637.94;1189.1965332163998;4086.6834667836;0.8058373374441337;-1.049571084729849;2.661245759618116
2020-06-01 00:00:00;Castilla la mancha;Sandia;5030.09;3450.6145083389274;6609.565491661073;4137.39;2688.6465332164;5586.133466783601;0.6824623553216254;-1.284058733366454;2.648983444009705
2020-02-01 00:00:00;Castilla leon;Sandia;17.88;17.88;17.88;29.16;29.16;29.16;1.63;1.63;1.63
2020-03-01 00:00:00;Castilla leon;Sandia;144.15;-887.6628699967233;1175.9628699967234;198.59651274644807;-1243.8458701863358;1641.038895679232;0.2758493310438757;-0.7893761207218226;1.341074782809574
2020-04-01 00:00:00;Castilla leon;Sandia;423.2900000000001;-608.5228699967232;1455.1028699967233;603.31;-856.9719863192563;2063.591986319256;0.34845927261822224;-0.7894406453461265;1.486359190582571
2020-05-01 00:00:00;Castilla leon;Sandia;2112.64;1080.8271300032766;3144.452869996723;2062.78;602.498013680744;3523.0619863192564;0.322546579651713;-0.9688496129571922;1.6139427722606183
2020-06-01 00:00:00;Castilla leon;Sandia;4460.98;3429.1671300032763;5492.792869996723;3781.71;2321.428013680744;5241.991986319256;0.3397981415567139;-1.0128107530769235;1.6924070361903514
2020-02-01 00:00:00;Cataluña;Sandia;213.95;213.95;213.95;340.22;340.22;340.22;1.59;1.59;1.59
2020-03-01 00:00:00;Cataluña;Sandia;400.89;-1814.0750221660091;2615.855022166009;769.3054670364025;-1116.7367382001262;2655.3476722729315;1.5498527697326234;0.7162809811900841;2.3834245582751628
2020-04-01 00:00:00;Cataluña;Sandia;1582.9;-632.0650221660089;3797.865022166009;2427.36;507.12651047852773;4347.593489521472;1.2966837137811789;0.2740543397075623;2.3193130878547956
2020-05-01 00:00:00;Cataluña;Sandia;6378.9;4163.934977833991;8593.865022166008;7137.02;5216.786510478528;9057.253489521472;1.055369921710013;-0.131525214835174;2.2422650582552
2020-06-01 00:00:00;Cataluña;Sandia;11899.7;9684.734977833992;14114.66502216601;11245.83;9325.596510478528;13166.063489521472;0.9427845402136416;-0.3683526815046839;2.253921761931967
2020-02-01 00:00:00;Extremadura;Sandia;11.35;11.35;11.35;13.93;13.93;13.93;1.23;1.23;1.23
2020-03-01 00:00:00;Extremadura;Sandia;43.99000000000001;-738.0109913522313;825.9909913522313;73.70265923372177;-885.475856356462;1032.8811748239057;0.6953141214872686;-0.8111416951338942;2.2017699381084315
2020-04-01 00:00:00;Extremadura;Sandia;89.87;-692.1309913522313;871.8709913522313;181.70999999999998;-793.2076771590048;1156.6276771590049;0.8270983991506695;-0.8109386912984682;2.465135489599807
2020-05-01 00:00:00;Extremadura;Sandia;1058.11;276.10900864776863;1840.1109913522312;991.98;17.06232284099508;1966.897677159005;0.3563489698594303;-1.4839406919697837;2.196638631688644
2020-06-01 00:00:00;Extremadura;Sandia;2585.45;1803.4490086477686;3367.450991352231;2148.65;1173.7323228409953;3123.567677159005;0.30905090976082494;-1.6262692711549631;2.244371090676613
2020-02-01 00:00:00;Galicia;Sandia;12.15;12.15;12.15;10.38;10.38;10.38;0.85;0.85;0.85
2020-03-01 00:00:00;Galicia;Sandia;94.64;-591.2132961722274;780.4932961722274;160.85203633512478;-385.2572010291607;706.9612736994103;0.7497561961200747;-0.1217539899279797;1.621266382168129
2020-04-01 00:00:00;Galicia;Sandia;255.29000000000002;-430.56329617222735;941.1432961722273;383.83;-163.2169417467057;930.8769417467056;0.6980168101328582;-0.3429322686159123;1.7389658888816286
2020-05-01 00:00:00;Galicia;Sandia;1571.5900000000001;885.7367038277728;2257.4432961722277;1607.56;1060.5130582532938;2154.606941746706;0.45350163022612733;-0.7322436065554757;1.6392468670077305
2020-06-01 00:00:00;Galicia;Sandia;2163.59;1477.7367038277728;2849.4432961722277;1947.87;1400.8230582532938;2494.916941746706;0.40140594377097677;-0.8850226706043123;1.6878345581462657
2020-02-01 00:00:00;La rioja;Sandia;4.7;4.7;4.7;8.13;8.13;8.13;1.73;1.73;1.73
2020-03-01 00:00:00;La rioja;Sandia;7.190000000000001;-119.98788451968974;134.36788451968974;11.683110580557704;-77.00843052547266;100.37465168658808;0.7113737036175358;-0.44581395785833955;1.8685613650934112
2020-04-01 00:00:00;La rioja;Sandia;37.02;-90.15788451968973;164.19788451968975;61.78999999999999;-26.917093158184727;150.49709315818473;0.5407878934286305;-0.9571813795329305;2.0387571663901918
2020-05-01 00:00:00;La rioja;Sandia;156.07;28.892115480310252;283.2478845196897;159.01;70.30290684181571;247.71709315818427;0.7277517432685146;-1.0009858867941188;2.4564893733311477
2020-06-01 00:00:00;La rioja;Sandia;294.86;167.68211548031027;422.0378845196898;245.10000000000002;156.39290684181574;333.80709315818433;0.6987443493221652;-1.1961343003263483;2.5936229989706785
2020-02-01 00:00:00;Madrid;Sandia;44.83;44.83;44.83;86.78;86.78;86.78;1.94;1.94;1.94
2020-03-01 00:00:00;Madrid;Sandia;358.54;-2766.8579268771286;3483.9379268771286;585.67;-1500.9309739231057;2672.270973923106;-0.2598721523110138;-1.187255406373069;0.6675111017510412
2020-04-01 00:00:00;Madrid;Sandia;1004.3900000000001;-2121.0079268771287;4129.7879268771285;1446.08;-640.5209739231059;3532.6809739231057;1.3906182911537301;0.461811913890091;2.319424668417369
2020-05-01 00:00:00;Madrid;Sandia;6115.4;2990.002073122871;9240.797926877129;5755.31;3668.7090260768946;7841.910973923106;-0.17830066040759873;-1.280945162235027;0.9243438414198295
2020-06-01 00:00:00;Madrid;Sandia;12522.73;9397.33207312287;15648.127926877129;10715.64;8629.039026076895;12802.240973923104;0.8217371137363354;-0.28286363163919415;1.926337859111865
2020-02-01 00:00:00;Murcia;Sandia;4.72;4.72;4.72;8.16;8.16;8.16;1.73;1.73;1.73
2020-03-01 00:00:00;Murcia;Sandia;143.72;-444.4075797074445;731.8475797074445;245.93771329409253;-317.831472966781;809.7068995549661;1.0828748059468318;0.14675883197560724;2.0189907799180564
2020-04-01 00:00:00;Murcia;Sandia;405.05999999999995;-183.06757970744457;993.1875797074445;644.8;81.00888552561344;1208.5911144743864;1.284681422328821;0.304016581400122;2.26534626325752
2020-05-01 00:00:00;Murcia;Sandia;1914.33;1326.2024202925554;2502.4575797074444;1662.83;1099.0388855256135;2226.6211144743866;0.7185114399460394;-0.4459698910512174;1.882992770943296
2020-06-01 00:00:00;Murcia;Sandia;2192.28;1604.1524202925557;2780.4075797074447;1808.9099999999999;1245.1188855256135;2372.7011144743865;0.7842615370539225;-0.4356538590872845;2.0041769331951294
2020-02-01 00:00:00;Navarra;Sandia;4.47;4.47;4.47;7.73;7.73;7.73;1.73;1.73;1.73
2020-03-01 00:00:00;Navarra;Sandia;74.29000000000002;-313.3373099511517;461.91730995115176;118.70132182872288;-190.3983718057824;427.80101546322817;0.7405591498421958;-0.691749725897235;2.172868025581627
2020-04-01 00:00:00;Navarra;Sandia;52.21;-335.41730995115176;439.8373099511517;71.75;-237.50908969771956;381.00908969771956;1.104443436105431;-0.45357773995679174;2.6624646121676534
2020-05-01 00:00:00;Navarra;Sandia;281.83;-105.79730995115176;669.4573099511517;273.74;-35.51908969771955;582.9990896977196;0.8098507213049839;-0.9966776814210501;2.6163791240310177
2020-06-01 00:00:00;Navarra;Sandia;688.47;300.8426900488483;1076.0973099511518;565.05;255.7909103022804;874.3090896977195;0.8493724494248601;-1.0775697588767668;2.7763146577264872
2020-02-01 00:00:00;Pais vasco;Sandia;14.01;14.01;14.01;20.46;20.46;20.46;1.46;1.46;1.46
2020-03-01 00:00:00;Pais vasco;Sandia;37.65;-579.9497354243364;655.2497354243363;98.94755291131563;-572.5551777885851;770.4502836112163;-0.47549771169135446;-4.333275291563671;3.3822798681809627
2020-04-01 00:00:00;Pais vasco;Sandia;151.67;-465.9297354243364;769.2697354243363;298.81;-377.21399756450336;974.8339975645033;-0.1002543578413201;-4.030032508316233;3.8295237926335925
2020-05-01 00:00:00;Pais vasco;Sandia;1278.68;661.0802645756637;1896.2797354243364;1251.13;575.1060024354969;1927.1539975645032;-0.04402452519255058;-4.207826672122559;4.119777621737459
2020-06-01 00:00:00;Pais vasco;Sandia;2958.59;2340.990264575664;3576.1897354243365;2627.24;1951.2160024354962;3303.2639975645034;-0.07613597657162001;-4.270578081462649;4.118306128319409
2020-02-01 00:00:00;Valencia;Sandia;54.19;54.19;54.19;42.63;42.63;42.63;0.79;0.79;0.79
2020-03-01 00:00:00;Valencia;Sandia;466.95;-1364.8582002774347;2298.7582002774348;785.2370649625279;-678.8404155050735;2249.3145454301293;0.6589702665339352;-0.0799131466901688;1.3978536797580392
2020-04-01 00:00:00;Valencia;Sandia;899.01;-932.7982002774347;2730.8182002774347;1503.48;-18.631786236909647;3025.5917862369097;0.7268786673788905;-0.12326716496034851;1.5770244997181295
2020-05-01 00:00:00;Valencia;Sandia;5100.33;3268.5217997225654;6932.138200277434;4995.24;3473.12821376309;6517.35178623691;0.3757273448746469;-0.594309984069658;1.3457646738189517
2020-06-01 00:00:00;Valencia;Sandia;10317.28;8485.471799722565;12149.088200277436;9007.75;7485.63821376309;10529.86178623691;0.33662729415168363;-0.7109411039608384;1.3841956922642058
2020-02-01 00:00:00;Nacional;Ciruelas;1163.16;1163.16;1163.16;3434.57;3434.57;3434.57;2.95;2.95;2.95
2020-03-01 00:00:00;Nacional;Ciruelas;1364.2312930208805;-2845.5648158533054;5574.027401895066;5451.257987012066;2239.615827766214;8662.900146257918;2.83;2.10672072617847;3.55327927382153
2020-04-01 00:00:00;Nacional;Ciruelas;1686.808422451747;-2847.7239560416456;6221.34080094514;4918.801816759088;1333.0995272208634;8504.504106297312;2.62;1.8967207261534273;3.343279273846573
2020-05-01 00:00:00;Nacional;Ciruelas;1664.6729431212589;-3788.5801355286103;7117.926021771128;3893.3604693656966;312.91491134884654;7473.806027382547;2.41;1.6867207261534274;3.133279273846573
2020-06-01 00:00:00;Nacional;Ciruelas;4552.704476974384;-906.3479241157956;10011.756878064563;8340.442180842629;4747.039773113156;11933.844588572101;2.01;1.286720726153427;2.7332792738465725
2020-07-01 00:00:00;Nacional;Ciruelas;13341.12929356741;7546.723241488074;19135.535345646746;19414.1912983686;15823.787470833242;23004.59512590396;1.62;0.8967207261534275;2.343279273846573
2020-08-01 00:00:00;Nacional;Ciruelas;18667.144278844353;12765.613876976278;24568.67468071243;25773.985302438727;22182.49559269015;29365.475012187304;1.6;0.8767207261534274;2.323279273846573
2020-09-01 00:00:00;Nacional;Ciruelas;15826.663410953548;9871.732979036007;21781.593842871087;22156.533281602457;18565.38047431865;25747.686088886265;1.7;0.9767207261534273;2.4232792738465725
2020-10-01 00:00:00;Nacional;Ciruelas;11436.96817039951;5372.018838923197;17501.917501875825;16300.71884723062;12709.45632773501;19891.98136672623;1.64;0.9167207261534273;2.3632792738465724
2020-11-01 00:00:00;Nacional;Ciruelas;4114.3679976147905;-1950.362060687704;10179.098055917286;6775.9923151421235;3184.7649664939863;10367.21966379026;1.68;0.9567207261534273;2.4032792738465725
2020-02-01 00:00:00;Andalucia;Ciruelas;168.68;168.68;168.68;470.09;470.09;470.09;2.79;2.79;2.79
2020-03-01 00:00:00;Andalucia;Ciruelas;316.3270699351225;159.68634776988432;472.96779210036067;802.6948515285892;273.8618581179667;1331.5278449392117;2.85;2.2251811805471053;3.474818819452895
2020-04-01 00:00:00;Andalucia;Ciruelas;353.0494980099278;160.15253014778892;545.9464658720667;870.4977942975197;340.72714227385563;1400.2684463211838;2.7;2.075181180725341;3.3248188192746593
2020-05-01 00:00:00;Andalucia;Ciruelas;377.495381116813;157.92221308443376;597.0685491491922;741.0818638275546;213.17919481875833;1268.9845328363508;2.31;1.685181180725341;2.934818819274659
2020-06-01 00:00:00;Andalucia;Ciruelas;874.2292355989066;652.5148744815314;1095.943596716282;1654.2908104950313;1125.5106582833512;2183.0709627067117;1.9;1.2751811807253408;2.524818819274659
2020-02-01 00:00:00;Aragon;Ciruelas;25.01;25.01;25.01;49.3;49.3;49.3;1.97;1.97;1.97
2020-03-01 00:00:00;Aragon;Ciruelas;-54.16272843114205;-221.80504619351746;113.47958933123334;6.218313038886592;-648.5762763093512;661.0129023871243;2.56;1.4567207565599716;3.6632792434400283
2020-04-01 00:00:00;Aragon;Ciruelas;17.33061482175144;-193.19994995318143;227.86117959668428;-69.987317045845;-737.4192577358924;597.4446236442025;2.86;1.756720756650338;3.9632792433496618
2020-05-01 00:00:00;Aragon;Ciruelas;20.018630831635598;-189.2408060972011;229.27806776047228;-60.3602012232202;-725.9979276195905;605.2775251731501;2.29;1.1867207566503382;3.393279243349662
2020-06-01 00:00:00;Aragon;Ciruelas;25.58008232213615;-184.40150277183446;235.56166741610676;-49.71237005381528;-717.6997797852396;618.2750396776091;1.41;0.30672075665033804;2.513279243349662
2020-02-01 00:00:00;Asturias;Ciruelas;54.98;54.98;54.98;155.56;155.56;155.56;2.83;2.83;2.83
2020-03-01 00:00:00;Asturias;Ciruelas;92.90776957328168;-16.214266782378118;202.02980592894147;24.829443117681933;-350.72769794360556;400.38658417896943;3.19;1.473960675461847;4.906039324538153
2020-04-01 00:00:00;Asturias;Ciruelas;84.80335231133272;-42.450584170388126;212.05728879305354;73.2645021789012;-306.0341361476117;452.5631405054141;2.23;0.5139606754977502;3.94603932450225
2020-05-01 00:00:00;Asturias;Ciruelas;35.68731791200794;-108.71290646881529;180.0875422928312;14.245351919518484;-363.82563896528774;392.31634280432473;2.02;0.3039606754977502;3.73603932450225
2020-06-01 00:00:00;Asturias;Ciruelas;50.48789833577767;-97.2878017784533;198.26359845000866;122.72598124203496;-257.8277944015543;503.2797568856242;1.76;0.04396067549775018;3.47603932450225
2020-02-01 00:00:00;Baleares;Ciruelas;26.47;26.47;26.47;71.75;71.75;71.75;2.71;2.71;2.71
2020-03-01 00:00:00;Baleares;Ciruelas;38.10113234610653;-4.673178966522634;80.87544365873569;108.94423236570404;-45.521205604418014;263.4096703358261;3.17;1.792168261595212;4.547831738404788
2020-04-01 00:00:00;Baleares;Ciruelas;28.627821017182015;-20.554765819028212;77.81040785339223;199.0235717494835;32.04291789353155;366.0042256054354;3.05;1.6721682615432654;4.427831738456734
2020-05-01 00:00:00;Baleares;Ciruelas;92.34080262197841;39.368838675061646;145.31276656889517;245.34508391126457;77.62669700709895;413.06347081543015;3.64;2.2621682615432657;5.017831738456735
2020-06-01 00:00:00;Baleares;Ciruelas;151.1443551244959;97.66825489232497;204.6204553566668;293.87771551804576;123.9504571920572;463.8049738440343;2.27;0.8921682615432656;3.6478317384567345
2020-02-01 00:00:00;Canarias;Ciruelas;24.33;24.33;24.33;90.82;90.82;90.82;3.73;3.73;3.73
2020-03-01 00:00:00;Canarias;Ciruelas;217.09189926172468;79.78581928670485;354.3979792367445;358.668967029;78.92874980615778;638.4091842518421;2.13;1.077993867170846;3.182006132829154
2020-04-01 00:00:00;Canarias;Ciruelas;101.8116106658411;-31.285228888783138;234.90845022046534;170.88107364879158;-110.57407179613006;452.3362190937132;3.02;1.9679938672005257;4.0720061327994745
2020-05-01 00:00:00;Canarias;Ciruelas;164.55418577354445;30.374232868112045;298.7341386789768;183.66639490179026;-96.36587952769062;463.69866933127116;2.18;1.1279938672005259;3.2320061327994747
2020-06-01 00:00:00;Canarias;Ciruelas;221.21549800450933;89.25897827372725;353.17201773529143;393.5220004787734;112.15332602635624;674.8906749311906;2.1;1.0479938672005258;3.1520061327994746
2020-02-01 00:00:00;Cantabria;Ciruelas;4.14;4.14;4.14;14.17;14.17;14.17;3.42;3.42;3.42
2020-03-01 00:00:00;Cantabria;Ciruelas;-9.975638871893796;-53.90317048053444;33.95189273674684;3.3092062347735274;-175.99959570288286;182.61800817242994;2.52;0.07658206839335646;4.963417931606644
2020-04-01 00:00:00;Cantabria;Ciruelas;38.87284055726546;-13.082005570021245;90.82768668455216;87.6574186468766;-95.73781761733592;271.0526549110891;2.78;0.3365820683544194;5.22341793164558
2020-05-01 00:00:00;Cantabria;Ciruelas;-3.321936325146833;-56.2310014320133;49.58712878171963;-10.405044180794368;-193.32173439060273;172.511646029014;-4.440892098500626e-16;-2.443417931645581;2.44341793164558
2020-06-01 00:00:00;Cantabria;Ciruelas;14.245977719868847;-38.677036284983146;67.16899172472084;19.166584187595515;-164.04593737314886;202.37910574833987;1.91;-0.5334179316455805;4.3534179316455806
2020-02-01 00:00:00;Castilla la mancha;Ciruelas;49.49;49.49;49.49;110.16;110.16;110.16;2.23;2.23;2.23
2020-03-01 00:00:00;Castilla la mancha;Ciruelas;92.91496445844962;50.28406452399896;135.54586439290028;160.46783340573774;-69.60276605514377;390.53843286661925;2.57;1.7231337713726373;3.416866228627362
2020-04-01 00:00:00;Castilla la mancha;Ciruelas;62.16571866123569;19.18229039931235;105.14914692315902;84.82393850392513;-148.63164481693934;318.2795218247896;2.51;1.6631337713124061;3.3568662286875934
2020-05-01 00:00:00;Castilla la mancha;Ciruelas;66.83902396000579;23.855653361139723;109.82239455887185;106.8270710238792;-125.90027232960756;339.55441437736596;2.7;1.8531337713124065;3.546866228687594
2020-06-01 00:00:00;Castilla la mancha;Ciruelas;114.89003187336131;71.61737834980009;158.16268539692254;201.190287887319;-33.52956616454466;435.9101419391826;2.27;1.4231337713124064;3.1168662286875937
2020-02-01 00:00:00;Castilla leon;Ciruelas;59.09;59.09;59.09;162.65;162.65;162.65;2.75;2.75;2.75
2020-03-01 00:00:00;Castilla leon;Ciruelas;-30.144058247253547;-323.5512990594475;263.2631825649404;89.69194438763054;-971.8896916922644;1151.2735804675253;2.99;2.2079853805800536;3.772014619419947
2020-04-01 00:00:00;Castilla leon;Ciruelas;70.51284655103484;-316.7795548209301;457.8052479229998;-28.950988275041993;-1096.6893501420266;1038.7873735919427;2.31;1.5279853803770451;3.092014619622955
2020-05-01 00:00:00;Castilla leon;Ciruelas;-6.358446205005016;-384.80433014890565;372.08743773889563;24.26723464275993;-1040.9602580854173;1089.494727370937;2.34;1.557985380377045;3.122014619622955
2020-06-01 00:00:00;Castilla leon;Ciruelas;97.3837152978073;-273.6103169802908;468.37774757590546;19.66355965778898;-1050.1080811372847;1089.4352004528625;1.78;0.9979853803770452;2.5620146196229547
2020-02-01 00:00:00;Cataluña;Ciruelas;250.16;250.16;250.16;878.44;878.44;878.44;3.51;3.51;3.51
2020-03-01 00:00:00;Cataluña;Ciruelas;275.7526890821409;88.13963616305693;463.3657420012248;1177.454395605967;666.691659986637;1688.217131225297;3.3;2.203383973227646;4.396616026772353
2020-04-01 00:00:00;Cataluña;Ciruelas;221.57771474800313;25.37669110322875;417.77873839277754;1008.5473532284409;453.61773924952297;1563.476967207359;2.95;1.8533839732899873;4.046616026710013
2020-05-01 00:00:00;Cataluña;Ciruelas;123.68221906736099;-95.83454653797196;343.19898467269394;714.78698613844;127.64591075807061;1301.9280615188095;2.32;1.223383973289987;3.4166160267100127
2020-06-01 00:00:00;Cataluña;Ciruelas;454.2086928474078;220.58951910796185;687.8278665868538;1257.7181160383525;632.4254437972887;1883.0107882794164;2.18;1.0833839732899873;3.276616026710013
2020-02-01 00:00:00;Extremadura;Ciruelas;9.47;9.47;9.47;31.11;31.11;31.11;3.29;3.29;3.29
2020-03-01 00:00:00;Extremadura;Ciruelas;43.26110503204837;-93.76723890141025;180.28944896550698;55.34129679997769;-280.0471963951242;390.72978999507956;2.74;1.2296926341260621;4.2503073658739385
2020-04-01 00:00:00;Extremadura;Ciruelas;24.449772176448423;-120.0935064621473;168.99305081504414;8.048853650107159;-378.2062883042685;394.30399560448285;2.86;1.3496926342081674;4.370307365791833
2020-05-01 00:00:00;Extremadura;Ciruelas;-1.2983841158671865;-186.0837641036749;183.48699587194054;4.291126602439833;-381.63215412180216;390.2144073266818;2.74;1.2296926342081678;4.250307365791833
2020-06-01 00:00:00;Extremadura;Ciruelas;158.38284806555643;-51.28720749983975;368.05290363095264;218.76537028858195;-167.16665840045755;604.6973989776214;1.92;0.4096926342081675;3.4303073657918324
2020-02-01 00:00:00;Galicia;Ciruelas;37.78;37.78;37.78;102.15;102.15;102.15;2.7;2.7;2.7
2020-03-01 00:00:00;Galicia;Ciruelas;122.59031369913244;-57.750752823156446;302.9313802214213;94.3088733684724;-450.6299034674396;639.2476502043844;3.12;2.0475804000752764;4.192419599924724
2020-04-01 00:00:00;Galicia;Ciruelas;160.12096808372996;-92.31491147243386;412.5568476398938;296.7500133962275;-254.2033376351651;847.70336442762;2.2;1.127580400030921;3.272419599969079
2020-05-01 00:00:00;Galicia;Ciruelas;85.38226515028398;-186.20613087265266;356.9706611732206;157.56484548736043;-392.14255269557145;707.2722436702924;2.33;1.257580400030921;3.402419599969079
2020-06-01 00:00:00;Galicia;Ciruelas;390.86768347375585;117.69182210763853;664.0435448398732;712.9286072718303;159.41219158800368;1266.445022955657;2.13;1.0575804000309208;3.2024195999690788
2020-02-01 00:00:00;La rioja;Ciruelas;2.16;2.16;2.16;7.79;7.79;7.79;3.6;3.6;3.6
2020-03-01 00:00:00;La rioja;Ciruelas;88.61715864962844;15.120539891854648;162.1137774074022;54.46385658536238;-184.67372428138538;293.60143745211013;2.73;0.9251962863327945;4.5348037136672055
2020-04-01 00:00:00;La rioja;Ciruelas;62.37369255618839;-17.599446253270415;142.34683136564718;41.079378094911824;-229.32150682730878;311.4802630171324;2.99;1.1851962864040215;4.794803713595979
2020-05-01 00:00:00;La rioja;Ciruelas;51.420809578515055;-40.94950442118847;143.7911235782186;57.03308687255457;-213.23376911871532;327.29994286382447;2.96;1.1551962864040213;4.764803713595978
2020-06-01 00:00:00;La rioja;Ciruelas;22.90992994496174;-75.18592997768476;121.00578986760823;56.785581366892;-213.4833567336437;327.0545194674277;2.69;0.8851962864040213;4.494803713595979
2020-02-01 00:00:00;Madrid;Ciruelas;176.64;176.64;176.64;393.5;393.5;393.5;2.23;2.23;2.23
2020-03-01 00:00:00;Madrid;Ciruelas;305.73036811562105;45.37017341359666;566.0905628176454;688.3145746167185;-89.96300188251223;1466.592151115949;2.69;1.652634597060746;3.7273654029392542
2020-04-01 00:00:00;Madrid;Ciruelas;342.427463409055;76.6428794429143;608.2120473751957;694.432035037602;-231.8997661800165;1620.7638362552204;2.37;1.3326345970958833;3.4073654029041167
2020-05-01 00:00:00;Madrid;Ciruelas;122.09304031183636;-213.64098770588697;457.8270683295597;376.91768991552135;-548.3577552016965;1302.193135032739;2.33;1.2926345970958832;3.3673654029041167
2020-06-01 00:00:00;Madrid;Ciruelas;548.542584233882;196.86509978435708;900.220068683407;882.4124370964714;-42.89805895838197;1807.722933151325;1.76;0.7226345970958832;2.797365402904117
2020-02-01 00:00:00;Murcia;Ciruelas;37.28;37.28;37.28;112.64;112.64;112.64;3.02;3.02;3.02
2020-03-01 00:00:00;Murcia;Ciruelas;4.06918457382578;-117.37053194300282;125.50890109065438;64.509235580367;-161.5238101994684;290.5422813602024;3.53;2.350121277955436;4.7098787220445635
2020-04-01 00:00:00;Murcia;Ciruelas;68.3765772952588;-81.73152092204971;218.48467551256732;171.97008965219206;-62.695086362118076;406.63526566650216;2.6;1.4201212780622972;3.779878721937703
2020-05-01 00:00:00;Murcia;Ciruelas;45.17632657832627;-109.8734971485803;200.22615030523284;82.72902353634313;-152.3730532142206;317.83110028690686;2.38;1.200121278062297;3.559878721937703
2020-06-01 00:00:00;Murcia;Ciruelas;226.1200007405758;68.52402109546514;383.7159803856864;415.28102186338657;177.15988976893203;653.4021539578412;2.13;0.950121278062297;3.309878721937703
2020-02-01 00:00:00;Navarra;Ciruelas;14.73;14.73;14.73;46.33;46.33;46.33;3.15;3.15;3.15
2020-03-01 00:00:00;Navarra;Ciruelas;-24.788736926023656;-283.83665663371033;234.25918278166301;86.1810486283579;-388.56100745347305;560.9231047101888;3.21;1.3015155947190211;5.118484405280979
2020-04-01 00:00:00;Navarra;Ciruelas;-53.08785958847481;-337.59925805162544;231.4235388746758;36.14117670440526;-442.08454168303007;514.3668950918405;2.8;0.8915155946603606;4.7084844053396395
2020-05-01 00:00:00;Navarra;Ciruelas;23.482237780344004;-302.20283075518756;349.1673063158756;83.8268699410572;-392.81758901103353;560.471328893148;1.5;-0.40848440533963926;3.4084844053396393
2020-06-01 00:00:00;Navarra;Ciruelas;-9.004646947010706;-337.10608938072363;319.0967954867022;50.02285017882863;-429.1149098440798;529.1606102017371;2.24;0.33151559466036096;4.148484405339639
2020-02-01 00:00:00;Pais vasco;Ciruelas;71.81;71.81;71.81;275.05;275.05;275.05;3.83;3.83;3.83
2020-03-01 00:00:00;Pais vasco;Ciruelas;103.91097452533674;36.81775500548585;171.00419404518763;235.77702277420178;-113.13189712857604;584.6859426769796;2.39;1.288908995915419;3.4910910040845815
2020-04-01 00:00:00;Pais vasco;Ciruelas;18.63600135655509;-61.093169040090665;98.36517175320085;90.00567109645485;-323.4745433554011;503.4858855483109;2.52;1.4189089961323944;3.6210910038676056
2020-05-01 00:00:00;Pais vasco;Ciruelas;3.2119043569152836;-103.92600286366;110.34981157749057;143.31670584011286;-268.9090667845844;555.5424784648102;2.64;1.5389089961323945;3.7410910038676057
2020-06-01 00:00:00;Pais vasco;Ciruelas;77.97120810523637;-49.58022659244969;205.52264280292243;227.4638278708471;-184.9511777425191;639.8788334842133;1.92;0.8189089961323943;3.0210910038676055
2020-02-01 00:00:00;Valencia;Ciruelas;150.94;150.94;150.94;463.05;463.05;463.05;3.07;3.07;3.07
2020-03-01 00:00:00;Valencia;Ciruelas;67.8005424814584;-123.4268655151152;259.027950478032;482.70796276016034;-112.03170475020335;1077.447630270524;3.07;2.3265898198024826;3.813410180197517
2020-04-01 00:00:00;Valencia;Ciruelas;194.8223895635256;-82.74279687826711;472.38757600531835;681.3610313145451;-40.463834839784;1403.1858974688744;2.63;1.8865898197618558;3.373410180238144
2020-05-01 00:00:00;Valencia;Ciruelas;105.17874933681676;-200.41806917958203;410.77556785321553;417.91359663123666;-310.37632334895153;1146.203516611425;2.25;1.506589819761856;2.9934101802381443
2020-06-01 00:00:00;Valencia;Ciruelas;687.2237928417528;374.80902510677316;999.6385605767325;1229.3215786055507;500.3144911187427;1958.3286660923586;2.21;1.4665898197618559;2.9534101802381443
2020-02-01 00:00:00;Nacional;Cerezas;122.29;122.29;122.29;556.01;556.01;556.01;4.55;4.55;4.55
2020-03-01 00:00:00;Nacional;Cerezas;83.86653741635311;-12821.62483605135;12989.357910884057;260.5460476317244;-47158.62795443348;47679.72004969693;2.276700670659491;-1957.6889796603793;1962.2423810016983
2020-04-01 00:00:00;Nacional;Cerezas;57.515709364695034;-15591.27604493222;15706.307463661611;260.5460476317244;-82368.8010696638;82889.89316492724;0.13234803963044373;-3808.6261827891294;3808.8908788683902
2020-05-01 00:00:00;Nacional;Cerezas;39.444299545852374;-16745.26379119462;16824.152390286323;260.5460476317244;-106541.3263471109;107062.41844237434;-1.8903720425222068;-5554.575189354934;5550.794445269889
2020-06-01 00:00:00;Nacional;Cerezas;27.0509185029362;-17266.124534826205;17320.22637183208;260.5460476317244;-126173.90688753648;126694.99898279992;-3.798358850074571;-7201.491184173778;7193.894466473628
2020-07-01 00:00:00;Nacional;Cerezas;18.551532167578845;-17508.667935875852;17545.771000211007;260.5460476317244;-143143.43517676674;143664.52727203022;-5.598120314804582;-8754.99156023643;8743.795319606823
2020-08-01 00:00:00;Nacional;Cerezas;12.722649167249402;-17623.499052577463;17648.94435091196;260.5460476317244;-158307.20847074446;158828.30056600794;-7.2957952238268335;-10220.375079018115;10205.783488570461
2020-09-01 00:00:00;Nacional;Cerezas;8.725198564234653;-17678.530414289537;17695.98081141801;260.5460476317244;-172142.36493415065;172663.45702941413;-8.897174158315835;-11602.639943972441;11584.84559565581
2020-10-01 00:00:00;Nacional;Cerezas;5.9837451292214885;-17705.22340736045;17717.190897618893;260.5460476317244;-184946.89078195338;185467.98287721685;-10.407719244537356;-12906.500848856356;12885.685410367283
2020-11-01 00:00:00;Nacional;Cerezas;4.103655121185498;-17718.357247320557;17726.564557562924;260.5460476317244;-196921.66815785167;197442.76025311515;-11.832582784556436;-14136.40505903596;14112.739893466847
2020-02-01 00:00:00;Andalucia;Cerezas;37.08;37.08;37.08;98.9;98.9;98.9;2.67;2.67;2.67
2020-03-01 00:00:00;Andalucia;Cerezas;-400330.47351844225;-400346.54065825895;-400314.40637862554;43.802071689511656;-7450.471338702554;7538.075482081577;4.898756014108414;-1955.0698286943864;1964.867340722603
2020-04-01 00:00:00;Andalucia;Cerezas;-63867466.238092996;-63870030.798524804;-63864901.67766119;43.802071689511656;-13207.611102526515;13295.215245905538;3.2963839591327924;-547.5621908642495;554.154958782515
2020-05-01 00:00:00;Andalucia;Cerezas;-10194006910.203163;-10194416245.107244;-10193597575.299082;43.802071689511656;-17132.80318889276;17220.407332271785;4.448415041186397;-1559.4964281709968;1568.3932582533694
2020-06-01 00:00:00;Andalucia;Cerezas;-1627088315948.8577;-1627153650756.9172;-1627022981140.798;43.802071689511656;-20314.773159449313;20402.377302828336;3.6201582016487217;-831.9677099985774;839.2080264018748
2020-02-01 00:00:00;Aragon;Cerezas;2.07;2.07;2.07;25.62;25.62;25.62;12.36;12.36;12.36
2020-03-01 00:00:00;Aragon;Cerezas;3.2275698156188395;3.2268962214046857;3.2282434098329933;26.128336115106787;-1916.0418526193002;1968.2985248495138;-1.9653939162218972;-1961.9607227004835;1958.0299348680396
2020-04-01 00:00:00;Aragon;Cerezas;-2.62926414943255;-2.6299514971370392;-2.6285768017280606;26.128336115106787;-2775.2715378723615;2827.528210102575;17.597705307317412;-699.1090045954597;734.3044152100945
2020-05-01 00:00:00;Aragon;Cerezas;-529.6116445688913;-529.6123324780631;-529.6109566597195;26.128336115106787;-3426.936601870474;3479.1932741006876;-9.11812906821503;-2947.7718517356043;2929.535593599174
2020-06-01 00:00:00;Aragon;Cerezas;-915.861303535366;-915.8619914676902;-915.8606156030418;26.128336115106787;-3973.8058730830553;4026.062545313269;27.36565083932017;-2025.803374752712;2080.534676431352
2020-02-01 00:00:00;Asturias;Cerezas;0.0;0.0;0.0;0.0;0.0;0.0;0.0;0.0;0.0
2020-03-01 00:00:00;Asturias;Cerezas;0.0021709120331771838;0.002128308750087366;0.0022135153162670014;1.3555317189627056;-1578.4270827572805;1581.138146195206;1.9178816510749135e-05;-1959.9834747290424;1959.9835130866754
2020-04-01 00:00:00;Asturias;Cerezas;0.0015254492816878993;0.0014734366567257932;0.0015774619066500053;1.3555317189627056;-2712.0175196589607;2714.728583096886;1.6127673953825947e-05;-1374.6833780856257;1374.6834103409735
2020-05-01 00:00:00;Asturias;Cerezas;-0.22209974539455613;-0.2221557988558532;-0.22204369193325904;1.3555317189627056;-3495.653693731621;3498.364757169546;1.7038840330043426e-05;-1549.471954147127;1549.4719882248075
2020-06-01 00:00:00;Asturias;Cerezas;-0.6784718475612371;-0.67852978010749;-0.6784139150149843;1.3555317189627056;-4133.345634003783;4136.056697441709;1.676673761781011e-05;-1497.2747202988248;1497.2747538323001
2020-02-01 00:00:00;Baleares;Cerezas;4.38;4.38;4.38;20.95;20.95;20.95;4.78;4.78;4.78
2020-03-01 00:00:00;Baleares;Cerezas;1.5443304860726337;1.544233933315663;1.5444270388296044;23.13267091371933;-1260.819162595183;1307.0845044226214;4.34099342900419;-1955.6278381294876;1964.3098249874959
2020-04-01 00:00:00;Baleares;Cerezas;2.033243998524828;2.0331296637260508;2.033358333323605;23.13267091371933;-2165.5844267726175;2211.849768600056;4.546018625918768;-1040.0769704252793;1049.169007677117
2020-05-01 00:00:00;Baleares;Cerezas;47.82876358064594;47.82864280596333;47.828884355328555;23.13267091371933;-2793.3248126350973;2839.590154462536;4.450266475899264;-1467.6654875606766;1476.5660205124752
2020-06-01 00:00:00;Baleares;Cerezas;224.91190544844287;224.9117821689346;224.91202872795114;23.13267091371933;-3304.6868824232342;3350.9522242506728;4.494985243988912;-1267.9746205177098;1276.9645910056875
2020-02-01 00:00:00;Canarias;Cerezas;3.66;3.66;3.66;9.99;9.99;9.99;2.73;2.73;2.73
2020-03-01 00:00:00;Canarias;Cerezas;34.03159551241954;34.02876948427413;34.034421540564956;10.655221857980905;-1530.9613503040805;1552.2717940200423;2.893019345730859;-1957.0739084146746;1962.8599471061364
2020-04-01 00:00:00;Canarias;Cerezas;17.09470435194119;17.086017641075525;17.103391062806853;10.655221857980905;-2369.6947005541433;2391.005144270105;2.928930300908142;-2388.809148810702;2394.6670094125184
2020-05-01 00:00:00;Canarias;Cerezas;68.89149027970706;68.86608372613186;68.91689683328225;10.655221857980905;-2981.9272499696717;3003.2376936856335;2.9368412731622735;-2483.9178357257233;2489.791518272048
2020-06-01 00:00:00;Canarias;Cerezas;547.1924235218128;547.1185224925767;547.2663245510488;10.655221857980905;-3488.6352702636436;3509.9457139796054;2.938584013830036;-2504.8697637847586;2510.746931812419
2020-02-01 00:00:00;Cantabria;Cerezas;0.0;0.0;0.0;0.0;0.0;0.0;0.0;0.0;0.0
2020-03-01 00:00:00;Cantabria;Cerezas;1.2829366233305342e-05;-1.0615250192005208e-05;3.627398265861589e-05;0.13117503426327845;-1171.4526397770514;1171.7149898455782;1.8302897219508557e-05;-1959.9796964580646;1959.979733063859
2020-04-01 00:00:00;Cantabria;Cerezas;1.060155329717008e-06;-2.480593023611662e-05;2.6926240895550635e-05;0.13117503426327845;-1337.90180284272;1338.1641529112467;1.4353133618213407e-05;-1538.7710118711254;1538.7710405773926
2020-05-01 00:00:00;Cantabria;Cerezas;-0.00010646577569496143;-0.00013282850369518982;-8.010304769473304e-05;0.13117503426327845;-1485.821672348473;1486.0840224169997;1.5201964768150394e-05;-1629.2916658282452;1629.2916962321747
2020-06-01 00:00:00;Cantabria;Cerezas;-0.0006318421530633566;-0.0006583115381863071;-0.000605372767940406;0.13117503426327845;-1620.294534278995;1620.5568843475216;1.5019545161856213e-05;-1609.838194539139;1609.8382245782293
2020-02-01 00:00:00;Castilla la mancha;Cerezas;5.05;5.05;5.05;17.78;17.78;17.78;3.52;3.52;3.52
2020-03-01 00:00:00;Castilla la mancha;Cerezas;21.854791893310036;21.854219191957192;21.85536459466288;10.85231738462572;-1366.0452480082738;1387.749882777525;11.020697692424164;-1948.9858170657146;1971.027212450563
2020-04-01 00:00:00;Castilla la mancha;Cerezas;229.5811402743576;229.57566344337295;229.58661710534227;10.85231738462572;-2281.540946668758;2303.245581438009;6.709550882222082;-826.8516592569117;840.2707610213558
2020-05-01 00:00:00;Castilla la mancha;Cerezas;2183.112504832854;2183.060413046594;2183.164596619114;10.85231738462572;-2924.158218979726;2945.862853748977;9.187451949730477;-1471.840276458509;1490.21518035797
2020-06-01 00:00:00;Castilla la mancha;Cerezas;20727.760241645614;20727.26481061663;20728.255672674597;10.85231738462572;-3449.4232236759694;3471.1278584452207;7.763238400372961;-1101.1686222791648;1116.6950990799107
2020-02-01 00:00:00;Castilla leon;Cerezas;7.75;7.75;7.75;20.83;20.83;20.83;2.69;2.69;2.69
2020-03-01 00:00:00;Castilla leon;Cerezas;-263.1336712890203;-263.13799071534055;-263.12935186270005;15.193139521105351;-2432.742601776106;2463.1288808183167;3.9587549145757635;-1956.0239483212988;1963.9414581504504
2020-04-01 00:00:00;Castilla leon;Cerezas;-3054.7955425778846;-3054.8408651321083;-3054.750220023661;15.193139521105351;-3961.931908833417;3992.3181878756277;3.4921712554572153;-1235.7207692326647;1242.705111743579
2020-05-01 00:00:00;Castilla leon;Cerezas;-31895.225646143313;-31895.699058324823;-31894.752233961804;15.193139521105351;-5048.664866681044;5079.051145723254;3.6637575497271158;-1500.6143676162114;1507.9418827156655
2020-06-01 00:00:00;Castilla leon;Cerezas;-333573.8988590072;-333578.8436343851;-333568.95408362936;15.193139521105351;-5940.291069483755;5970.677348525965;3.6006566335122248;-1403.2022201059567;1410.4035333729812
2020-02-01 00:00:00;Cataluña;Cerezas;12.59;12.59;12.59;92.25;92.25;92.25;7.33;7.33;7.33
2020-03-01 00:00:00;Cataluña;Cerezas;-8632.220226860145;-8632.228863891247;-8632.211589829043;103.15627805077304;-8034.329254269632;8240.641810371179;7.078429353687799;-1952.8921728752202;1967.049031582596
2020-04-01 00:00:00;Cataluña;Cerezas;-85233.09596423709;-85233.17720977683;-85233.01471869735;103.15627805077304;-14832.112540963135;15038.425097064683;7.152019132399206;-1379.4892440241108;1393.793282288909
2020-05-01 00:00:00;Cataluña;Cerezas;-786028.6158386795;-786029.3758780336;-786027.8557993254;103.15627805077304;-19388.017073076506;19594.329629178053;7.130492457287729;-1547.2250538266596;1561.4860387412352
2020-06-01 00:00:00;Cataluña;Cerezas;-7393068.23128954;-7393075.340901114;-7393061.121677967;103.15627805077304;-23064.69693520961;23271.009491311157;7.13678949676073;-1498.1614609204946;1512.435039914016
2020-02-01 00:00:00;Extremadura;Cerezas;0.0;0.0;0.0;0.0;0.0;0.0;0.0;0.0;0.0
2020-03-01 00:00:00;Extremadura;Cerezas;59.06947360904119;59.068968043583666;59.06997917449871;1.2706902118598753;-1180.8811491891795;1183.422529612899;2.8713004020933846;-1957.1202206750986;1962.8628214792852
2020-04-01 00:00:00;Extremadura;Cerezas;-163.76043805361502;-163.764222225258;-163.75665388197203;1.2706902118598753;-1616.466698657502;1619.0080790812217;1.2547580493362023;-855.3243920539063;857.8339081525786
2020-05-01 00:00:00;Extremadura;Cerezas;1861.166938931879;1861.138863669424;1861.1950141943341;1.2706902118598753;-1957.470116350474;1960.0114967741936;2.16487152138967;-1475.651490853888;1479.9812338966672
2020-06-01 00:00:00;Extremadura;Cerezas;-6188.488434314599;-6188.696695183776;-6188.2801734454215;1.2706902118598753;-2247.3415118450134;2249.882892268733;1.6524775648685468;-1126.4369827474734;1129.7419378772106
2020-02-01 00:00:00;Galicia;Cerezas;0.59;0.59;0.59;1.13;1.13;1.13;1.9;1.9;1.9
2020-03-01 00:00:00;Galicia;Cerezas;-635.1245101570643;-635.1376435482467;-635.1113767658818;-15.704500013539075;-4947.385818389204;4915.976818362125;3.3966568042147847;-1956.5726879816257;1963.366001590055
2020-04-01 00:00:00;Galicia;Cerezas;-3293.092813938007;-3293.1599052974225;-3293.0257225785917;-15.704500013539075;-8230.027441939232;8198.618441912155;2.557720373172805;-858.7708503247184;863.8862910710641
2020-05-01 00:00:00;Galicia;Cerezas;-13320.529123518347;-13320.865482479587;-13320.192764557107;-15.704500013539075;-10533.723427667075;10502.314427639998;3.0279828106344038;-1474.1375396047724;1480.1935052260415
2020-06-01 00:00:00;Galicia;Cerezas;-73898.90004344562;-73900.5851264387;-73897.21496045255;-15.704500013539075;-12416.605391912855;12385.196391885778;2.764379095377153;-1129.19567467973;1134.7244328704842
2020-02-01 00:00:00;La rioja;Cerezas;0.0;0.0;0.0;0.0;0.0;0.0;0.0;0.0;0.0
2020-03-01 00:00:00;La rioja;Cerezas;-6.064404371413492e-16;-2.3508562873504655e-06;2.3508562861375847e-06;5.370719199339847e-16;-224.41449424161047;224.41449424161047;-1.1705314960939107e-20;-1959.9662371138763;1959.9662371138763
2020-04-01 00:00:00;La rioja;Cerezas;4.930380657631324e-32;-2.765047076381178e-06;2.765047076381178e-06;5.370719199339847e-16;-290.6058790391165;290.6058790391165;7.888079893584161e-20;-730.2982171020524;730.2982171020524
2020-05-01 00:00:00;La rioja;Cerezas;-6.475313920152699e-14;-2.908251984157075e-06;2.908251854650797e-06;5.370719199339847e-16;-344.2988362432807;344.2988362432807;2.2047418050595667e-20;-1501.7879237124614;1501.7879237124614
2020-06-01 00:00:00;La rioja;Cerezas;-1.1795178029247501e-13;-2.9613230459765968e-06;2.961322810073036e-06;5.370719199339847e-16;-390.68094443529895;390.68094443529895;5.770446352809494e-20;-1017.7605600701622;1017.7605600701622
2020-02-01 00:00:00;Madrid;Cerezas;29.39;29.39;29.39;163.48;163.48;163.48;5.56;5.56;5.56
2020-03-01 00:00:00;Madrid;Cerezas;4780.7861043746325;4619.185500375915;4942.38670837335;117.61166982420063;-6507.34663985382;6742.569979502221;2.998845204848727;-1956.9762709999145;1962.973961409612
2020-04-01 00:00:00;Madrid;Cerezas;508163.88122509676;491796.77255092136;524530.9898992722;117.61166982420063;-10758.728883248883;10993.952222897284;1.1613864926851947;-3364.947868987444;3367.2706419728147
2020-05-01 00:00:00;Madrid;Cerezas;51467009.15692842;49809408.97906132;53124609.33479552;117.61166982420063;-13764.01269650528;13999.236036153681;-0.15685880549269715;-4375.067706516927;4374.753988905942
2020-06-01 00:00:00;Madrid;Cerezas;5210938176.4028015;5043062567.3806505;5378813785.4249525;117.61166982420063;-16225.711317540476;16460.93465718888;-1.1026055886255628;-5099.756722988556;5097.551511811304
2020-02-01 00:00:00;Murcia;Cerezas;0.0;0.0;0.0;0.0;0.0;0.0;0.0;0.0;0.0
2020-03-01 00:00:00;Murcia;Cerezas;-1.09176929109935;-1.0937037859248855;-1.0898347962738144;-0.8251254720213512;-1166.5710656612298;1164.9208147171869;23.62469776981032;-1936.3777123305924;1983.6271078702132
2020-04-01 00:00:00;Murcia;Cerezas;-1.17311212702695;-1.1759842062668846;-1.1702400477870154;-0.8251254720213512;-1934.5117146207303;1932.8614636766874;-4.281528698973389;-359.70295062645147;351.1398932285047
2020-05-01 00:00:00;Murcia;Cerezas;6.0280493885514295;6.0243513294918865;6.0317474476109725;-0.8251254720213512;-2474.5518793879655;2472.901628443923;28.68214074024388;-2350.90438257676;2408.268664057248
2020-06-01 00:00:00;Murcia;Cerezas;-43.24542206122441;-43.24991772426798;-43.24092639818084;-0.8251254720213512;-2916.216056552356;2914.5658056083134;-10.255531614471522;-861.2113157960405;840.7002525670976
2020-02-01 00:00:00;Navarra;Cerezas;0.0;0.0;0.0;0.0;0.0;0.0;0.0;0.0;0.0
2020-03-01 00:00:00;Navarra;Cerezas;4.549672558039978;4.549648280667746;4.54969683541221;0.12147891302914134;-963.4869565155172;963.7299143415755;-0.6143530027875062;-1960.5854933149838;1959.3567873094087
2020-04-01 00:00:00;Navarra;Cerezas;0.0;-4.6052501288544615e-05;4.6052501288544615e-05;0.12147891302914134;-1311.7753402071842;1312.0182980332427;-0.719491437913997;-2296.105531481761;2294.6665486059333
2020-05-01 00:00:00;Navarra;Cerezas;44.44915384131884;44.449075738492795;44.449231944144884;0.12147891302914134;-1585.3138906957156;1585.556848521774;-0.7374841389954947;-2353.524668422687;2352.0497001446956
2020-06-01 00:00:00;Navarra;Cerezas;420.3772263597027;420.37709814330856;420.3773545760969;0.12147891302914134;-1818.1572011564206;1818.400158982479;-0.7405632916556865;-2363.3514271129543;2361.870300529643
2020-02-01 00:00:00;Pais vasco;Cerezas;12.72;12.72;12.72;44.53;44.53;44.53;3.5;3.5;3.5
2020-03-01 00:00:00;Pais vasco;Cerezas;-2.8390291455127397;-2.8437806271035546;-2.8342776639219247;52.84754448137673;-3448.4275768787807;3554.122665841534;3.230715116237586;-1956.7551167845384;1963.2165470170137
2020-04-01 00:00:00;Pais vasco;Cerezas;-74.38493502306417;-74.43830560893767;-74.33156443719068;52.84754448137673;-5675.320054020014;5781.015142982767;3.3150341262642566;-1342.9880029061999;1349.6180711587283
2020-05-01 00:00:00;Pais vasco;Cerezas;-3137.582896574625;-3138.1800152760306;-3136.9857778732194;52.84754448137673;-7252.279463147361;7357.974552110114;3.288631992759613;-1535.1910812727922;1541.7683452583112
2020-06-01 00:00:00;Pais vasco;Cerezas;-17948.760016648535;-17955.440466927445;-17942.079566369626;52.84754448137673;-8544.701941194897;8650.397030157652;3.2968990804943545;-1475.0304580878521;1481.6242562488408
2020-02-01 00:00:00;Valencia;Cerezas;7.0;7.0;7.0;60.56;60.56;60.56;8.65;8.65;8.65
2020-03-01 00:00:00;Valencia;Cerezas;-188256.12608102793;-188458.76390077666;-188053.4882612792;-16.165236548448377;-4935.403779613149;4903.073306516251;8.782570948580313;-1951.1927639176201;1968.7579058147808
2020-04-01 00:00:00;Valencia;Cerezas;69981261.53353015;69905736.65178892;70056786.41527137;-16.165236548448377;-8164.182787251182;8131.852314154285;8.806008006866792;-2297.6771589265713;2315.2891749403047
2020-05-01 00:00:00;Valencia;Cerezas;-26083025331.86284;-26111174012.293415;-26054876651.432262;-16.165236548448377;-10436.40861996067;10404.078146863774;8.810151365107862;-2358.934297642372;2376.554600372587
2020-06-01 00:00:00;Valencia;Cerezas;9721319476662.621;9710828255866.314;9731810697458.928;-16.165236548448377;-12295.120987447326;12262.79051435043;8.810883855393289;-2369.7673638066503;2387.3891315174374
2020-02-01 00:00:00;Nacional;Uvas;3053.37;3053.37;3053.37;12618.69;12618.69;12618.69;4.13;4.13;4.13
2020-03-01 00:00:00;Nacional;Uvas;2701.6976500650276;683.347547036557;4720.047753093499;9653.321502145565;3734.5558654695405;15572.08713882159;3.663313408053641;3.3476064664996166;3.9790203496076657
2020-04-01 00:00:00;Nacional;Uvas;2630.000613735625;-208.32411132273637;5468.325338793986;14238.975310471003;5790.760015283353;22687.190605658652;3.3825580998839815;3.0243373858151963;3.7407788139527667
2020-05-01 00:00:00;Nacional;Uvas;2526.7200867031243;-540.4620264925857;5593.902199898834;15276.032131849277;6744.402834386137;23807.661429312415;3.6298609697750512;3.202095339847395;4.057626599702708
2020-06-01 00:00:00;Nacional;Uvas;1360.826315323749;-1961.6864828188363;4683.339113466334;14224.981051570207;5640.49547390011;22809.466629240305;3.760714235191241;3.326718759901009;4.194709710481472
2020-07-01 00:00:00;Nacional;Uvas;1918.598459624252;-1772.4849735750304;5609.681892823534;16138.961000011848;7504.356769965843;24773.56523005785;3.047914981837156;2.5707883650482577;3.5250415986260544
2020-08-01 00:00:00;Nacional;Uvas;5302.364197112251;1311.136102839006;9293.592291385496;16568.770571447523;7896.52265870556;25241.018484189488;2.583547541356911;2.106022711784756;3.0610723709290664
2020-09-01 00:00:00;Nacional;Uvas;16505.173467561886;12277.872589590163;20732.47434553361;19803.24655156431;11094.563959184617;28511.929143944;2.4279559117270546;1.9388634599516887;2.9170483635024205
2020-10-01 00:00:00;Nacional;Uvas;19526.535177757785;15058.8389270558;23994.23142845977;19065.833299281436;10325.062315849093;27806.60428271378;2.4483041706871727;1.9589234202608006;2.937684921113545
2020-11-01 00:00:00;Nacional;Uvas;13558.182515490545;8848.22789210643;18268.137138874663;20489.840094722615;11717.443741628602;29262.236447816627;2.6626696194738684;2.165552936146189;3.159786302801548
2020-02-01 00:00:00;Andalucia;Uvas;536.52;536.52;536.52;2131.62;2131.62;2131.62;3.97;3.97;3.97
2020-03-01 00:00:00;Andalucia;Uvas;624.8276329532083;-273.2314911372082;1522.8867570436248;2537.7390640684634;959.8698108734734;4115.6083172634535;3.979227222569165;3.580123228682689;4.378331216455641
2020-04-01 00:00:00;Andalucia;Uvas;558.8927784835728;-483.81588866128664;1601.6014456284322;2172.6042313509406;-1057.7825180434188;5402.9909807453005;3.468459044156112;3.064864570886661;3.8720535174255626
2020-05-01 00:00:00;Andalucia;Uvas;518.2991633769183;-555.6866606458121;1592.2849873996488;2237.914486754084;-1872.6395021133408;6348.468475621508;3.753273660376184;3.3337145774027412;4.172832743349627
2020-06-01 00:00:00;Andalucia;Uvas;334.5485906203115;-820.7096307087907;1489.8068119494135;1894.156101512805;-2949.906198291445;6738.218401317055;3.7548332870813166;3.3191635812560434;4.190502992906589
2020-02-01 00:00:00;Aragon;Uvas;62.76;62.76;62.76;232.14;232.14;232.14;3.7;3.7;3.7
2020-03-01 00:00:00;Aragon;Uvas;2.2731358562706774;-957.2138306087597;961.760102321301;415.1141143916575;-148.33488491438698;978.563113697702;4.329333959069643;3.447633769763368;5.211034148375919
2020-04-01 00:00:00;Aragon;Uvas;1.460162270011224;-966.8507902560259;969.7711147960483;424.93730580506536;-235.75300790427735;1085.627619514408;3.518898712912101;2.3989115367987175;4.6388858890254845
2020-05-01 00:00:00;Aragon;Uvas;-33.54077602190827;-1036.3820043001188;969.3004522563023;376.37991180438127;-284.64824154991487;1037.4080651586773;4.291384548193889;3.152359174093468;5.43040992229431
2020-06-01 00:00:00;Aragon;Uvas;-72.55933682571552;-1087.82696687339;942.7082932219589;294.30391280879314;-366.85462153771437;955.4624471553007;3.838030769588479;2.656884896296706;5.019176642880252
2020-02-01 00:00:00;Asturias;Uvas;123.53;123.53;123.53;531.62;531.62;531.62;4.3;4.3;4.3
2020-03-01 00:00:00;Asturias;Uvas;-136.63694683632758;-272.7049835762796;-0.5689100963755891;630.4008387781453;271.7291910440163;989.0724865122743;5.412767293313602;4.916235716503651;5.909298870123553
2020-04-01 00:00:00;Asturias;Uvas;-942.0953780086429;-1542.3360453465536;-341.8547106707322;545.3639490486335;-41.56405059312499;1132.291948690392;5.294880338681517;3.951114657566627;6.638646019796406
2020-05-01 00:00:00;Asturias;Uvas;-3540.0353421325644;-5776.568157463872;-1303.5025268012569;624.1433903215967;5.125338492268838;1243.1614421509246;5.213400323310088;3.264525220191701;7.162275426428475
2020-06-01 00:00:00;Asturias;Uvas;-12752.821409195;-20704.139187828678;-4801.503630561322;589.0112209721092;-60.92632281380668;1238.948764758025;4.941655561954907;2.60220898229265;7.281102141617165
2020-02-01 00:00:00;Baleares;Uvas;131.62;131.62;131.62;605.24;605.24;605.24;4.6;4.6;4.6
2020-03-01 00:00:00;Baleares;Uvas;120.70190114357703;14.505408751865403;226.89839353528868;878.28348179514;428.1243786500212;1328.4425849402587;4.665867731942747;3.726566824243336;5.605168639642158
2020-04-01 00:00:00;Baleares;Uvas;105.72532638023762;-0.5081645144290121;211.95881727490425;809.4115466342909;-36.07165597274718;1654.894749241329;4.058981080099382;3.090177509886684;5.027784650312081
2020-05-01 00:00:00;Baleares;Uvas;56.53172990917773;-51.72890217722302;164.79236199557846;762.7537423274738;-237.44847419596738;1762.955958850915;4.590274994927631;3.505378419567297;5.675171570287965
2020-06-01 00:00:00;Baleares;Uvas;85.72907006530926;-45.5211695573235;216.97930968794202;747.4511122445381;-387.2073100821358;1882.109534571212;3.8303882344822098;2.689223146559611;4.971553322404809
2020-02-01 00:00:00;Canarias;Uvas;29.21;29.21;29.21;115.08;115.08;115.08;3.94;3.94;3.94
2020-03-01 00:00:00;Canarias;Uvas;79.45608042561554;-110.1263110281902;269.0384718794213;41.95580295278398;-625.1210523487255;709.0326582542934;3.2731369481843666;2.679047487299365;3.867226409069368
2020-04-01 00:00:00;Canarias;Uvas;90.34005282131908;-99.25604290884029;279.9361485514784;18.497342314427247;-1052.7678461568785;1089.762530785733;3.0896305225489793;2.4870530407312317;3.692208004366727
2020-05-01 00:00:00;Canarias;Uvas;213.18750904242472;-3.7102096830836615;430.08522776793313;150.59086918883693;-1436.6470667788278;1737.8288051565016;2.863543447822929;2.2629165922068903;3.4641703034389675
2020-06-01 00:00:00;Canarias;Uvas;118.42746858008483;-105.1364848284852;341.99142198865485;15.222971750682149;-1954.9203766717692;1985.3663201731333;2.8453147194779493;2.242341741809463;3.448287697146436
2020-02-01 00:00:00;Cantabria;Uvas;27.74;27.74;27.74;137.88;137.88;137.88;4.97;4.97;4.97
2020-03-01 00:00:00;Cantabria;Uvas;54.48037526174356;-14.686753734713136;123.64750425820026;124.26726118429923;-78.71227680982241;327.2467991784209;5.552818451615828;3.3957624608480637;7.709874442383592
2020-04-01 00:00:00;Cantabria;Uvas;11.985644841979491;-62.69640345337207;86.66769313733106;40.99399802921286;-211.72175724697763;293.70975330540335;6.216276457405775;3.6385480377558337;8.794004877055716
2020-05-01 00:00:00;Cantabria;Uvas;7.494870700963661;-66.87986859357457;81.86960999550189;33.37704165143951;-291.5758262824038;358.32990958528285;7.079342150572462;3.2212952634853877;10.937389037659536
2020-06-01 00:00:00;Cantabria;Uvas;4.303407798514584;-69.80547882055812;78.41229441758729;30.221256528614305;-353.5941726902695;414.03668574749804;6.215154080931353;0.8487911003206019;11.581517061542105
2020-02-01 00:00:00;Castilla la mancha;Uvas;100.27;100.27;100.27;484.75;484.75;484.75;4.83;4.83;4.83
2020-03-01 00:00:00;Castilla la mancha;Uvas;106.63194551435029;-57.08063620343995;270.34452723214054;408.03446418570866;-166.2402756174148;982.3092039888321;6.290116372507688;5.778086073304265;6.802146671711111
2020-04-01 00:00:00;Castilla la mancha;Uvas;116.42779302679841;-100.44746657395476;333.30305262755155;412.81068826240727;-444.1412926877518;1269.7626692125664;7.748728119524251;6.2174913069929625;9.279964932055538
2020-05-01 00:00:00;Castilla la mancha;Uvas;75.79787660856155;-152.7804129841139;304.37616620123697;352.26868126647634;-760.6833446754329;1465.2207072083854;9.099183214329477;6.334191064120583;11.86417536453837
2020-06-01 00:00:00;Castilla la mancha;Uvas;44.50223291298239;-198.15097105626404;287.15543688222886;300.02361618429313;-1019.8566337055358;1619.903866074122;10.467722649265204;6.290850185756026;14.64459511277438
2020-02-01 00:00:00;Castilla leon;Uvas;109.34;109.34;109.34;424.57;424.57;424.57;3.88;3.88;3.88
2020-03-01 00:00:00;Castilla leon;Uvas;116.6149394532892;-270.97601603080426;504.20589493738265;561.0157756004606;-1034.185051906196;2156.216603107117;3.4636141291060896;2.3758897485832415;4.551338509628938
2020-04-01 00:00:00;Castilla leon;Uvas;78.6178993881191;-308.11249659196824;465.34829536820644;593.3637544282358;-1119.7836287701753;2306.511137626647;3.7054137835435825;2.419554909008683;4.991272658078482
2020-05-01 00:00:00;Castilla leon;Uvas;72.46603463115547;-345.6603282262201;490.59239748853105;582.4949954412998;-1133.9608807907498;2298.9508716733494;3.741920188122599;1.9215885256843526;5.562251850560846
2020-06-01 00:00:00;Castilla leon;Uvas;13.79271671606532;-402.8651686944241;430.45060212655477;486.79115619580693;-1230.6256671970386;2204.2079795886525;3.557882448669328;1.5076436768766834;5.608121220461973
2020-02-01 00:00:00;Cataluña;Uvas;586.07;586.07;586.07;2639.06;2639.06;2639.06;4.5;4.5;4.5
2020-03-01 00:00:00;Cataluña;Uvas;-576.7426915470895;-912.3842730423921;-241.10111005178692;2462.981854694716;284.95385412468795;4641.009855264743;4.384037042135644;3.9463790998252084;4.821694984446079
2020-04-01 00:00:00;Cataluña;Uvas;-5027.715619849781;-6594.001033874336;-3461.430205825227;2263.2378614465474;-1373.4239563125707;5899.899679205666;3.8573684934330466;3.2235705093714957;4.491166477494597
2020-05-01 00:00:00;Cataluña;Uvas;-20451.948382680646;-26488.138524778995;-14415.758240582298;2134.9161018147724;-2538.3160324887576;6808.1482361183025;3.749954996842759;3.1006086755257654;4.399301318159752
2020-06-01 00:00:00;Cataluña;Uvas;-76048.66170816807;-98193.60277998904;-53903.720636347105;1653.4226387525505;-3865.3589410745944;7172.204218579695;4.01938162113056;3.33907896995323;4.699684272307891
2020-02-01 00:00:00;Extremadura;Uvas;63.59;63.59;63.59;220.79;220.79;220.79;3.47;3.47;3.47
2020-03-01 00:00:00;Extremadura;Uvas;-218.47327488369498;-322.1478908524877;-114.79865891490225;200.97617709632956;-208.5512729849897;610.5036271776488;3.1260984831266194;2.509361975912226;3.742834990341013
2020-04-01 00:00:00;Extremadura;Uvas;-1901.2383582682776;-2632.835550536862;-1169.6411659996932;210.2015590589024;-439.81517630351675;860.2182944213215;3.0725898491196166;2.2070247784885892;3.938154919750644
2020-05-01 00:00:00;Extremadura;Uvas;-13217.436738191924;-18115.851803094465;-8319.021673289382;147.24682972872836;-772.3612565148887;1066.8549159723455;3.9941071873414304;3.0550573574518016;4.933157017231059
2020-06-01 00:00:00;Extremadura;Uvas;-87417.89999533878;-119715.03791231697;-55120.762078360596;137.72981417337985;-988.2885985044701;1263.74822685123;3.310262581992096;2.30214558528416;4.318379578700032
2020-02-01 00:00:00;Galicia;Uvas;250.41;250.41;250.41;956.54;956.54;956.54;3.82;3.82;3.82
2020-03-01 00:00:00;Galicia;Uvas;254.182928391573;-16.12093948325446;524.4867962664005;959.5374964333774;-975.5914663541045;2894.6664592208595;5.098848643573502;4.880732992303181;5.316964294843824
2020-04-01 00:00:00;Galicia;Uvas;187.79485069847345;-145.59844563573006;521.188147032677;1121.8065662536685;-970.6660520401954;3214.279184547532;6.4128559990239875;5.548653141812753;7.277058856235222
2020-05-01 00:00:00;Galicia;Uvas;207.9880325453488;-218.0156546998549;633.9917197905525;1172.0702759269982;-926.1409918614106;3270.2815437154068;7.648558207840091;5.792999225961057;9.504117189719125
2020-06-01 00:00:00;Galicia;Uvas;112.94486156868433;-327.01441309294;552.9041362303086;1029.4157319167389;-1070.7015080413312;3129.532971874809;8.78105525967914;5.734400846162526;11.827709673195756
2020-02-01 00:00:00;La rioja;Uvas;8.51;8.51;8.51;32.94;32.94;32.94;3.87;3.87;3.87
2020-03-01 00:00:00;La rioja;Uvas;12.901902320239286;-280.8829504437849;306.6867550842635;40.07042065117952;-610.3550187127994;690.4958600151583;3.9489728928838534;2.9329041572593497;4.965041628508358
2020-04-01 00:00:00;La rioja;Uvas;18.56496424504332;-515.0969051709711;552.2268336610579;118.15274241435331;-747.2668744013372;983.5723592300437;3.4150891930580807;2.3204934368263386;4.509684949289823
2020-05-01 00:00:00;La rioja;Uvas;24.317635856173975;-770.634408225295;819.269679937643;120.47378559329353;-745.6329161627423;986.5804873493294;3.4842093637564444;2.370573747422837;4.597844980090052
2020-06-01 00:00:00;La rioja;Uvas;51.74243725115828;-1005.5892818325534;1109.07415633487;144.60450368385716;-721.7262629636956;1010.9352703314099;3.218276134472738;1.9666826056618925;4.469869663283584
2020-02-01 00:00:00;Madrid;Uvas;556.46;556.46;556.46;2218.59;2218.59;2218.59;3.99;3.99;3.99
2020-03-01 00:00:00;Madrid;Uvas;473.8410331963718;-189.4900591005225;1137.172125493266;1785.5183556704037;191.19638260664374;3379.8403287341634;3.8761773269862356;3.3079223513528007;4.444432302619671
2020-04-01 00:00:00;Madrid;Uvas;395.5661313453814;-277.87289783170075;1069.0051605224635;1887.8945336246102;-346.44876786852365;4122.237835117744;3.8841895873195815;3.3022472253673065;4.4661319492718565
2020-05-01 00:00:00;Madrid;Uvas;312.08285697350516;-376.65987252046966;1000.82558646748;1771.9696275704518;-473.12168259065993;4017.0609377315636;4.477288963713674;3.8952228340462707;5.059355093381077
2020-06-01 00:00:00;Madrid;Uvas;298.13269888640764;-395.79922282154064;992.0646205943559;1720.9755764450053;-528.0564440456594;3970.0075969356703;3.6500757887949495;3.063046561579373;4.237105016010526
2020-02-01 00:00:00;Murcia;Uvas;88.06;88.06;88.06;343.01;343.01;343.01;3.9;3.9;3.9
2020-03-01 00:00:00;Murcia;Uvas;25.075408946872805;-150.45709140990172;200.60790930364735;393.30855932447986;113.56607696311158;673.0510416858481;3.8322209734442407;2.857895637228331;4.806546309660151
2020-04-01 00:00:00;Murcia;Uvas;-7.023111681872221;-246.29585640901152;232.24963304526707;323.07287031244016;-249.0701633701732;895.2159039950535;3.566733240924773;2.055970598377863;5.077495883471683
2020-05-01 00:00:00;Murcia;Uvas;1.3907428405376212;-262.3263317151909;265.1078173962661;340.4697178911806;-387.484740337831;1068.4241761201922;3.3449354094286905;1.648084750300732;5.0417860685566485
2020-06-01 00:00:00;Murcia;Uvas;-37.91749702048474;-320.372451677733;244.53745763676352;248.85156904515185;-607.0952621306867;1104.7984002209905;3.26192933473441;1.4827768781343746;5.041081791334445
2020-02-01 00:00:00;Navarra;Uvas;41.01;41.01;41.01;151.01;151.01;151.01;3.68;3.68;3.68
2020-03-01 00:00:00;Navarra;Uvas;20.880577002797445;-325.0779526703769;366.8391066759718;128.2548074936982;-116.70726008946585;373.21687507686227;2.2662972350219492;1.3299629029823943;3.202631567061504
2020-04-01 00:00:00;Navarra;Uvas;3.28637616086103;-815.7204935726788;822.2932458944008;102.19556685025762;-188.02241981073783;392.4135535112531;1.7857026800891531;0.7589128339732287;2.8124925262050775
2020-05-01 00:00:00;Navarra;Uvas;24.51226628506669;-1582.6749817239702;1631.6995142941037;129.72256727168727;-160.52226169011143;419.96739623348594;2.5810913566176787;1.3242937828601056;3.837888930375252
2020-06-01 00:00:00;Navarra;Uvas;-14.123799517185093;-2844.8345752743576;2816.5869762399875;108.72594495404188;-181.52656294798112;398.9784528560649;3.1356838911142018;1.8757427389311938;4.39562504329721
2020-02-01 00:00:00;Pais vasco;Uvas;96.9;96.9;96.9;383.71;383.71;383.71;3.96;3.96;3.96
2020-03-01 00:00:00;Pais vasco;Uvas;-478.97296907282123;-601.3881227766117;-356.5578153690308;178.55275883443184;-659.3541182987157;1016.4596359675794;3.7421270758990923;2.8682787718747464;4.615975379923438
2020-04-01 00:00:00;Pais vasco;Uvas;-4375.74901637531;-5273.988568676574;-3477.5094640740463;119.01772740830327;-1223.439445838475;1461.4749006550815;3.3650938020056884;2.433709218972309;4.296478385039068
2020-05-01 00:00:00;Pais vasco;Uvas;-30472.09766952541;-36631.667871414174;-24312.527467636646;85.04217936221241;-1709.9282540683864;1880.0126127928113;3.7138677481223707;2.7840651104404976;4.643670385804244
2020-06-01 00:00:00;Pais vasco;Uvas;-206394.5707251713;-248031.81273195863;-164757.32871838397;1.9996427128183711;-2150.895410193802;2154.894695619439;2.107496517685443;1.1639104786980727;3.0510825566728137
2020-02-01 00:00:00;Valencia;Uvas;241.37;241.37;241.37;1010.13;1010.13;1010.13;4.19;4.19;4.19
2020-03-01 00:00:00;Valencia;Uvas;424.6583649506947;-195.34324532404946;1044.6599752254388;858.1075889413048;-1607.6083642795936;3323.823542162203;3.9075421489227393;3.6510910740175473;4.163993223827932
2020-04-01 00:00:00;Valencia;Uvas;370.5745125525894;-335.53958800311415;1076.6886131082929;668.2152757642183;-3059.1811302806514;4395.611681809088;4.1191709267957854;3.6690095641507843;4.569332289440786
2020-05-01 00:00:00;Valencia;Uvas;359.10290580912147;-370.0156053434481;1088.221416961691;596.3153287645146;-4224.8980933396315;5417.528750868661;3.627915793484721;3.0835515853000777;4.172280001669364
2020-06-01 00:00:00;Valencia;Uvas;172.8303926383204;-588.8799949451495;934.5407802217903;354.0629491433149;-5346.953532830306;6055.079431116936;4.463030271103537;3.8234122855383346;5.102648256668739
2020-02-01 00:00:00;Nacional;Kiwi;13322.3;13322.3;13322.3;36835.89;36835.89;36835.89;2.76;2.76;2.76
2020-03-01 00:00:00;Nacional;Kiwi;13479.897473251869;11966.979889240702;14992.815057263037;37053.59204535812;32802.98368238971;41304.20040832653;2.501638881001897;2.2114631897810995;2.7918145722226946
2020-04-01 00:00:00;Nacional;Kiwi;13768.471169918059;11248.876293598662;16288.066046237456;33784.84855366983;28335.017017389255;39234.6800899504;2.389866330300553;2.0996906390797556;2.6800420215213507
2020-05-01 00:00:00;Nacional;Kiwi;13473.136254847926;10409.374347382116;16536.898162313737;34975.64816627977;28546.525151427646;41404.77118113189;2.6585245554019132;2.3683488641811157;2.948700246622711
2020-06-01 00:00:00;Nacional;Kiwi;13610.417976071214;9940.040448094453;17280.795504047976;34753.039355555135;27475.22537451192;42030.853336598346;3.159624869672696;2.8694491784518985;3.4498005608934936
2020-07-01 00:00:00;Nacional;Kiwi;13538.486923778539;9384.896707818156;17692.07713973892;32363.646424764087;24326.263200155736;40401.02964937244;3.23529164702359;2.9451159558027924;3.5254673382443875
2020-08-01 00:00:00;Nacional;Kiwi;13677.014564175413;9023.7798378609;18330.249290489926;30141.17716706098;21410.05571415289;38872.29861996907;3.4892800394970123;3.1991043482762147;3.77945573071781
2020-09-01 00:00:00;Nacional;Kiwi;14358.809997075497;9250.37115022586;19467.248843925136;35063.06593171282;25689.409483755666;44436.722379669984;3.595279745337155;3.3051040541163577;3.885455436557953
2020-10-01 00:00:00;Nacional;Kiwi;15541.97795186895;9974.946840546692;21109.00906319121;44300.2471542178;34325.359045735495;54275.13526270011;3.626385211896807;3.3362095206760096;3.9165609031176047
2020-11-01 00:00:00;Nacional;Kiwi;16147.131747805182;10138.47859837976;22155.784897230606;46871.61007632211;36329.72331422766;57413.49683841656;3.449608672915084;3.1594329816942865;3.7397843641358817
2020-02-01 00:00:00;Andalucia;Kiwi;1668.59;1668.59;1668.59;4709.69;4709.69;4709.69;2.82;2.82;2.82
2020-03-01 00:00:00;Andalucia;Kiwi;1590.3691165237374;1412.6198262665425;1768.1184067809322;4435.817544799101;3521.6749548142457;5349.960134783955;2.6928056853427718;2.4228732792248304;2.962738091460713
2020-04-01 00:00:00;Andalucia;Kiwi;1832.7031634831133;1557.205061381836;2108.2012655843905;4677.160713905155;3760.559099645835;5593.762328164475;2.656361643334021;2.38642923721608;2.9262940494519625
2020-05-01 00:00:00;Andalucia;Kiwi;1566.2990819079619;1288.8393338851038;1843.75882993082;4656.479908867097;3739.745115050092;5573.214702684102;2.877201403416069;2.6072689972981276;3.1471338095340102
2020-06-01 00:00:00;Andalucia;Kiwi;1358.5957429030893;1080.91011928441;1636.2813665217686;4577.747656824975;3661.005353801831;5494.489959848119;3.3995887152517485;3.129656309133807;3.66952112136969
2020-02-01 00:00:00;Aragon;Kiwi;372.15;372.15;372.15;1059.84;1059.84;1059.84;2.85;2.85;2.85
2020-03-01 00:00:00;Aragon;Kiwi;396.21555042568065;330.3650542854101;462.0660465659512;1024.1613485983594;664.1047144855072;1384.2179827112116;2.716083735631115;2.0192491851357435;3.4129182861264864
2020-04-01 00:00:00;Aragon;Kiwi;470.27231905373196;404.2662693608322;536.2783687466317;920.6586251494707;530.8431766041483;1310.474073694793;2.548792114504894;1.851957564009523;3.245626665000265
2020-05-01 00:00:00;Aragon;Kiwi;450.7225415137434;380.8081076112787;520.6369754162081;943.3532265112607;526.0701552273213;1360.6362977952;2.603031841317594;1.9061972908222227;3.299866391812965
2020-06-01 00:00:00;Aragon;Kiwi;532.9134727791525;460.55857329085757;605.2683722674474;928.049266070565;484.999241070231;1371.099291070899;3.012472297025877;2.3156377465305056;3.7093068475212485
2020-02-01 00:00:00;Asturias;Kiwi;335.64;335.64;335.64;851.47;851.47;851.47;2.54;2.54;2.54
2020-03-01 00:00:00;Asturias;Kiwi;399.27141686596656;286.0813004604764;512.4615332714567;1263.3756251647064;973.7858216619708;1552.9654286674422;2.714340052892609;2.2126507325471545;3.2160293732380634
2020-04-01 00:00:00;Asturias;Kiwi;373.9208590927956;260.38277314369094;487.4589450419002;810.1586445494006;486.4207413724954;1133.896547726306;2.320276129453722;1.8185868091082678;2.8219654497991766
2020-05-01 00:00:00;Asturias;Kiwi;404.9218091235259;266.95889895839133;542.8847192886606;879.4675283189579;524.8547738773912;1234.0802827605246;2.574668415406732;2.0729790950612776;3.0763577357521865
2020-06-01 00:00:00;Asturias;Kiwi;388.4666174634915;243.84097208033066;533.0922628466524;927.6219381356318;544.6151741328586;1310.628702138405;3.078542949998934;2.5768536296534794;3.5802322703443883
2020-02-01 00:00:00;Baleares;Kiwi;264.25;264.25;264.25;823.82;823.82;823.82;3.12;3.12;3.12
2020-03-01 00:00:00;Baleares;Kiwi;263.238672840229;210.33373139793838;316.14361428251965;625.7982607778371;466.8394677663931;784.757053789281;3.019510500997209;2.2367276771235294;3.8022933248708886
2020-04-01 00:00:00;Baleares;Kiwi;311.294595850109;257.8802280978233;364.70896360239465;620.5766115709495;268.99475501078473;972.1584681311142;2.0299035485901307;1.247120724716451;2.8126863724638103
2020-05-01 00:00:00;Baleares;Kiwi;266.7137862765214;213.2299948069133;320.1975777461294;670.4597853747507;199.41498221211862;1141.504588537383;3.122450583195995;2.3396677593223156;3.905233407069675
2020-06-01 00:00:00;Baleares;Kiwi;246.57425955737574;193.09375964052666;300.05475947422485;722.9352918158769;157.1113280257074;1288.7592556060463;3.8850119751792063;3.1022291513055267;4.667794799052886
2020-02-01 00:00:00;Canarias;Kiwi;587.16;587.16;587.16;1460.09;1460.09;1460.09;2.49;2.49;2.49
2020-03-01 00:00:00;Canarias;Kiwi;594.0223168476488;482.96624510528744;705.07838859001;1689.6224788588968;1402.4987572276646;1976.746200490129;2.4552905996226726;1.9078803066721364;3.002700892573209
2020-04-01 00:00:00;Canarias;Kiwi;477.067309209845;358.4706703340084;595.6639480856817;1296.189471954961;1009.047550583472;1583.3313933264499;2.809876133205401;2.2624658402548645;3.3572864261559374
2020-05-01 00:00:00;Canarias;Kiwi;431.8592822278076;310.17601692656035;553.5425475290549;1354.9001870286445;1067.758030321783;1642.042343735506;2.7272617433660002;2.1798514504154642;3.2746720363165362
2020-06-01 00:00:00;Canarias;Kiwi;476.76843167390086;355.36874251084384;598.1681208369579;1800.7951798156917;1513.652911675979;2087.9374479554044;3.166284424315066;2.61887413136453;3.713694717265602
2020-02-01 00:00:00;Cantabria;Kiwi;170.69;170.69;170.69;495.91;495.91;495.91;2.91;2.91;2.91
2020-03-01 00:00:00;Cantabria;Kiwi;210.24336266923441;96.20969513125267;324.27703020721617;543.8468410354798;289.90470214494445;797.7889799260151;2.90611032105811;2.298423862235483;3.5137967798807366
2020-04-01 00:00:00;Cantabria;Kiwi;235.09299329740907;122.02185682558881;348.1641297692293;518.9327118159283;246.36332087701004;791.5021027548466;2.7594699936140654;2.1517835347914387;3.367156452436692
2020-05-01 00:00:00;Cantabria;Kiwi;246.54047627805036;132.7615650349619;360.3193875211388;532.2395994657957;242.30244908075593;822.1767498508354;2.867645964194764;2.2599595053721373;3.4753324230173908
2020-06-01 00:00:00;Cantabria;Kiwi;254.06136006645605;139.87726873758118;368.2454513953309;575.4166143512374;269.09503805595836;881.7381906465164;3.441083603682466;2.8333971448598394;4.048770062505093
2020-02-01 00:00:00;Castilla la mancha;Kiwi;619.98;619.98;619.98;1453.61;1453.61;1453.61;2.34;2.34;2.34
2020-03-01 00:00:00;Castilla la mancha;Kiwi;646.6543327917539;472.20761714011877;821.1010484433889;1083.439112239881;602.4388619753937;1564.4393625043685;2.3923587539652225;1.7969045261562577;2.987812981774187
2020-04-01 00:00:00;Castilla la mancha;Kiwi;613.2277521355275;314.3076500224775;912.1478542485775;1123.7349643875327;623.1068002228772;1624.3631285521883;2.3919116053490055;1.7964573775400408;2.98736583315797
2020-05-01 00:00:00;Castilla la mancha;Kiwi;669.457662737235;302.2207042362462;1036.6946212382236;1133.7592275684935;614.71560478227;1652.802850354717;2.6185167655118855;2.0230625377029208;3.2139709933208502
2020-06-01 00:00:00;Castilla la mancha;Kiwi;680.3135463948274;248.33225938340848;1112.2948334062464;1236.5572098800194;699.7358434033689;1773.3785763566698;2.897249783999664;2.301795556190699;3.4927040118086286
2020-02-01 00:00:00;Castilla leon;Kiwi;639.03;639.03;639.03;1697.24;1697.24;1697.24;2.66;2.66;2.66
2020-03-01 00:00:00;Castilla leon;Kiwi;733.1316957750528;578.7223343005007;887.5410572496048;1887.15832003886;1461.5993556573667;2312.7172844203533;2.578080306481443;2.183630662522532;2.9725299504403537
2020-04-01 00:00:00;Castilla leon;Kiwi;736.2715172966261;560.4774667918111;912.0655678014411;1898.411282760882;1374.4516588804809;2422.370906641283;2.501281993173431;2.1068323492145202;2.895731637132342
2020-05-01 00:00:00;Castilla leon;Kiwi;669.1376574949902;487.16408917171464;851.1112258182658;1745.59892502576;1139.0836714250881;2352.114178626432;2.525864363142449;2.131414719183538;2.92031400710136
2020-06-01 00:00:00;Castilla leon;Kiwi;583.102898101559;399.0827846937427;767.1230115093754;1639.1654647019766;960.0576954610749;2318.2732339428785;2.983324640993612;2.588874997034701;3.377774284952523
2020-02-01 00:00:00;Cataluña;Kiwi;1942.23;1942.23;1942.23;5687.93;5687.93;5687.93;2.93;2.93;2.93
2020-03-01 00:00:00;Cataluña;Kiwi;1919.35970999523;1516.293462748017;2322.4259572424435;5615.618515264096;4456.492934673745;6774.744095854446;2.8221993460416153;2.440141873719986;3.2042568183632447
2020-04-01 00:00:00;Cataluña;Kiwi;1824.2785210972745;1347.2786524183193;2301.2783897762297;5490.018015126048;4202.208873362989;6777.827156889108;2.8016787979660243;2.419621325644395;3.1837362702876537
2020-05-01 00:00:00;Cataluña;Kiwi;1918.2918607399167;1379.3044832370533;2457.27923824278;5771.707917500813;4370.794368381628;7172.621466619998;2.8993977556334714;2.517340283311842;3.281455227955101
2020-06-01 00:00:00;Cataluña;Kiwi;1764.0178621266114;1171.5839677744264;2356.4517564787966;5674.58507043162;4169.23060646679;7179.93953439645;3.315634613632034;2.9335771413104044;3.6976920859536633
2020-02-01 00:00:00;Extremadura;Kiwi;353.85;353.85;353.85;875.09;875.09;875.09;2.47;2.47;2.47
2020-03-01 00:00:00;Extremadura;Kiwi;389.0661527546382;258.5819258735087;519.5503796357677;746.845968792278;297.92985946901825;1195.7620781155376;1.7266990740570112;1.0099123730433706;2.443485775070652
2020-04-01 00:00:00;Extremadura;Kiwi;306.6566392977367;176.0183619999618;437.2949165955116;826.0703901195485;349.9315756063939;1302.2092046327032;2.350784884139897;1.6339981831262562;3.0675715851535372
2020-05-01 00:00:00;Extremadura;Kiwi;323.09865826664225;191.51921996851766;454.67809656476686;822.6195942115037;321.1033218770993;1324.1358665459081;2.296366430453425;1.5795797294397842;3.0131531314670656
2020-06-01 00:00:00;Extremadura;Kiwi;259.4642614407176;127.24182093634741;391.68670194508786;918.7350056417629;393.06866584294187;1444.401345440584;2.136739921100643;1.4199532200870022;2.853526622114283
2020-02-01 00:00:00;Galicia;Kiwi;1171.1;1171.1;1171.1;2917.81;2917.81;2917.81;2.49;2.49;2.49
2020-03-01 00:00:00;Galicia;Kiwi;1005.2680448536587;538.9647245811144;1471.571365126203;2100.9122574064563;1606.4895825072813;2595.3349323056314;2.626255247388843;2.177401119978864;3.0751093747988225
2020-04-01 00:00:00;Galicia;Kiwi;837.972852139242;336.3567201853745;1339.5889840931095;2491.421415894495;1996.8986922719823;2985.944139517008;2.7694569026383666;2.3206027752283873;3.218311030048346
2020-05-01 00:00:00;Galicia;Kiwi;688.8419629403538;185.18964176218543;1192.4942841185223;2386.0293385385294;1891.5023922135647;2880.556284863494;2.6940787199807676;2.2452245925707883;3.142932847390747
2020-06-01 00:00:00;Galicia;Kiwi;456.61957941709426;-70.14139998219918;983.3805588163877;1814.758429406154;1320.2290188097663;2309.2878400025415;2.942902596542895;2.494048469132916;3.3917567239528745
2020-02-01 00:00:00;La rioja;Kiwi;451.63;451.63;451.63;1516.64;1516.64;1516.64;3.36;3.36;3.36
2020-03-01 00:00:00;La rioja;Kiwi;14.83994853311367;-136.31733272162361;165.99722978785096;1602.0713561689588;922.0425525092487;2282.100159828669;3.6399999976095483;2.945298350067759;4.334701645151338
2020-04-01 00:00:00;La rioja;Kiwi;1150.4016151555054;997.9785723031038;1302.824658007907;1720.431820458226;737.4972005383385;2703.3664403781136;3.63531004602123;2.9406083984794407;4.330011693563019
2020-05-01 00:00:00;La rioja;Kiwi;-806.7491069512703;-1169.9466409285435;-443.5515729739971;1677.2443528777592;464.8666449339646;2889.6220608215535;3.411976837437582;2.7172751898957923;4.106678484979372
2020-06-01 00:00:00;La rioja;Kiwi;3334.0399905154172;2909.1293954483053;3758.950585582529;1764.392458993555;359.5583081737939;3169.226609813316;3.4662017456201317;2.7715000980783424;4.160903393161921
2020-02-01 00:00:00;Madrid;Kiwi;2000.11;2000.11;2000.11;5450.37;5450.37;5450.37;2.73;2.73;2.73
2020-03-01 00:00:00;Madrid;Kiwi;2176.2286667839126;1604.6995129493876;2747.7578206184376;5301.552525559206;3995.1367140611164;6607.968337057295;2.618522921607626;2.184062498459814;3.0529833447554378
2020-04-01 00:00:00;Madrid;Kiwi;1548.4388152463914;977.2949196614006;2119.5827108313824;5136.464422753984;3508.898624664715;6764.030220843253;2.663350667221422;2.22889024407361;3.097811090369234
2020-05-01 00:00:00;Madrid;Kiwi;1439.7329037957024;868.5155092023944;2010.9502983890106;5230.284644659251;3335.2573089190746;7125.311980399428;2.8725513438459123;2.4380909206981003;3.3070117669937242
2020-06-01 00:00:00;Madrid;Kiwi;1047.9791991376478;476.71500573113326;1619.2433925441624;5093.344984514647;2964.194893040256;7222.495075989038;3.148341926951468;2.713881503803656;3.58280235009928
2020-02-01 00:00:00;Murcia;Kiwi;297.46;297.46;297.46;939.17;939.17;939.17;3.16;3.16;3.16
2020-03-01 00:00:00;Murcia;Kiwi;335.27315816048406;286.8549499397549;383.69136638121324;1083.1064979076737;886.09879122181;1280.1142045935374;2.7379824164804485;2.336889718823218;3.139075114137679
2020-04-01 00:00:00;Murcia;Kiwi;297.67918079527533;179.1014281062978;416.25693348425284;1071.0219677784296;770.5066814286791;1371.53725412818;2.65055458024353;2.2494618825862998;3.0516472779007606
2020-05-01 00:00:00;Murcia;Kiwi;438.6592419433231;260.817852633737;616.5006312529092;1189.6270008698234;813.0575745320086;1566.1964272076382;2.9867623835184824;2.585669685861252;3.387855081175713
2020-06-01 00:00:00;Murcia;Kiwi;482.23355498296746;254.4626979605825;710.0044120053524;1283.210149119757;843.5516116076069;1722.8686866319072;3.036200966845832;2.6351082691886014;3.4372936645030623
2020-02-01 00:00:00;Navarra;Kiwi;178.43;178.43;178.43;525.05;525.05;525.05;2.94;2.94;2.94
2020-03-01 00:00:00;Navarra;Kiwi;236.58714760709574;203.66031629216937;269.51397892202215;651.1437447287703;473.04643774472805;829.2410517128126;2.8898574397937202;2.496071743192534;3.2836431363949066
2020-04-01 00:00:00;Navarra;Kiwi;210.05680254666794;174.50886929718973;245.60473579614614;616.1711013976695;422.839947185597;809.5022556097421;2.935593660983699;2.5418079643825124;3.329379357584885
2020-05-01 00:00:00;Navarra;Kiwi;217.10743454419702;178.1368257501889;256.07804333820513;559.2915761100877;351.8636531111541;766.7194991090213;2.7428788708101726;2.3490931742089862;3.136664567411359
2020-06-01 00:00:00;Navarra;Kiwi;234.06760330516667;195.21344979286965;272.9217568174637;527.8443805406674;307.2185929791092;748.4701681022257;3.5210034473740697;3.1272177507728833;3.914789143975256
2020-02-01 00:00:00;Pais vasco;Kiwi;1148.19;1148.19;1148.19;3509.0;3509.0;3509.0;3.06;3.06;3.06
2020-03-01 00:00:00;Pais vasco;Kiwi;947.3013008043854;733.8858070016662;1160.7167946071047;2819.006871412006;1768.5670455840423;3869.44669723997;2.7248373289725274;2.0897489972009335;3.3599256607441212
2020-04-01 00:00:00;Pais vasco;Kiwi;537.5474969130639;323.76358833398274;751.3314054921451;2217.46170786539;1080.95304801213;3353.97036771865;2.629375315122278;1.9942869833506844;3.264463646893872
2020-05-01 00:00:00;Pais vasco;Kiwi;570.4058096186565;300.05000048458356;840.7616187527294;2958.9339729679004;1745.9270913939433;4171.940854541857;2.9086476531494685;2.273559321377875;3.543735984921062
2020-06-01 00:00:00;Pais vasco;Kiwi;411.4363443630675;85.02107140585565;737.8516173202794;2746.3987249175007;1461.603806681098;4031.1936431539034;3.263509100827523;2.6284207690559294;3.898597432599117
2020-02-01 00:00:00;Valencia;Kiwi;1121.8;1121.8;1121.8;2863.18;2863.18;2863.18;2.55;2.55;2.55
2020-03-01 00:00:00;Valencia;Kiwi;1279.1771451005948;1082.3822561899356;1475.972034011254;3351.707845090772;2857.289814473309;3846.125875708235;2.6873314063208853;2.2863100608154276;3.088352751826343
2020-04-01 00:00:00;Valencia;Kiwi;1226.504715804406;1024.4956942859037;1428.5137373229084;3248.8316831362063;2753.958754046158;3743.7046122262545;2.7166440080198897;2.315622662514432;3.1176653535253473
2020-05-01 00:00:00;Valencia;Kiwi;1105.1237962224645;889.7711263068436;1320.4764661380855;3075.19615932552;2580.3152229871616;3570.0770956638785;2.8962559352316517;2.495234589726194;3.2972772807371094
2020-06-01 00:00:00;Valencia;Kiwi;1013.02586077726;786.8478915225285;1239.2038300319916;3100.382632038554;2605.5013880691176;3595.263876007991;3.3540836453573513;2.9530622998518936;3.755104990862809
2020-02-01 00:00:00;Nacional;Aguacate;5939.16;5939.16;5939.16;20690.89;20690.89;20690.89;3.48;3.48;3.48
2020-03-01 00:00:00;Nacional;Aguacate;5929.800280488609;4911.664309004786;6947.936251972432;21257.5504902191;20072.437676389494;22442.663304048703;3.4622171529849872;2.985173696753546;3.9392606092164284
2020-04-01 00:00:00;Nacional;Aguacate;5929.800280488609;4627.947619553129;7231.6529414240895;21046.97917933561;19861.228422190583;22232.729936480635;3.4691399216062497;2.8308356900871217;4.107444153125378
2020-05-01 00:00:00;Nacional;Aguacate;5929.800280488609;4395.838141079597;7463.762419897621;21660.153316640095;20473.75520384915;22846.55142943104;3.4709604891273953;2.7361588563593706;4.20576212189542
2020-06-01 00:00:00;Nacional;Aguacate;5929.800280488609;4194.502225543651;7665.098335433568;21415.031533263784;20227.976518679534;22602.086547848034;3.469868942052513;2.644331693662439;4.295406190442587
2020-02-01 00:00:00;Andalucia;Aguacate;984.26;984.26;984.26;3216.03;3216.03;3216.03;3.27;3.27;3.27
2020-03-01 00:00:00;Andalucia;Aguacate;955.2816574517228;692.2894527267714;1218.2738621766744;3269.479797367423;2862.027836450997;3676.9317582838494;3.341905013628326;2.73481490273232;3.948995124524332
2020-04-01 00:00:00;Andalucia;Aguacate;955.2816574517228;651.3217835655125;1259.241531337933;2847.4938534156618;2440.5571865492498;3254.4305202820738;3.4214855007764617;2.7015779267921736;4.1413930747607495
2020-05-01 00:00:00;Andalucia;Aguacate;955.2816574517228;615.2547318711875;1295.3085830322582;3345.700561991915;2939.256340575541;3752.144783408289;3.448064677664048;2.708098086049027;4.188031269279069
2020-06-01 00:00:00;Andalucia;Aguacate;955.2816574517228;582.6625284384888;1327.9007864649568;3055.8260337763636;2649.8523971610343;3461.799670391693;3.4471395114559393;2.699976694113885;4.194302328797994
2020-02-01 00:00:00;Aragon;Aguacate;194.29;194.29;194.29;610.86;610.86;610.86;3.14;3.14;3.14
2020-03-01 00:00:00;Aragon;Aguacate;137.43945025272816;76.73922939924182;198.1396711062145;655.3225552249046;499.38417638352007;811.2609340662891;3.5718982914481234;2.5908257765990634;4.552970806297184
2020-04-01 00:00:00;Aragon;Aguacate;137.43945025272816;76.7390091976491;198.13989130780723;620.8949268354596;421.5073031703971;820.2825505005221;3.579702052681228;2.5985458351762736;4.560858270186182
2020-05-01 00:00:00;Aragon;Aguacate;137.43945025272816;76.7387889968552;198.14011150860114;638.7967265083516;402.06473474636493;875.5287182703383;3.555647395251014;2.574828075977482;4.536466714524546
2020-06-01 00:00:00;Aragon;Aguacate;137.43945025272816;76.73856879686011;198.14033170859622;647.703355628809;377.1055236284931;918.301187629125;3.5560102925547947;2.573623277952443;4.538397307157147
2020-02-01 00:00:00;Asturias;Aguacate;95.17;95.17;95.17;379.93;379.93;379.93;3.99;3.99;3.99
2020-03-01 00:00:00;Asturias;Aguacate;97.26371505511013;44.126653003560186;150.40077710666006;584.6926953455788;356.5473813951171;812.8380092960406;3.9337076317962976;2.8733908618073887;4.9940244017852065
2020-04-01 00:00:00;Asturias;Aguacate;97.26371505511013;43.161295279618784;151.36613483060148;665.3985707786105;330.7805429212457;1000.0165986359754;3.941436061289752;2.880937982951398;5.001934139628106
2020-05-01 00:00:00;Asturias;Aguacate;97.26371505511013;42.21286322104053;152.31456688917973;444.43571070026553;108.02715874368653;780.8442626568445;3.9403813333302016;2.874723131236887;5.0060395354235165
2020-06-01 00:00:00;Asturias;Aguacate;97.26371505511013;41.2804965896638;153.24693352055647;515.2242654081342;178.7799074745103;851.6686233417581;3.9405253819458057;2.871397424654265;5.009653339237346
2020-02-01 00:00:00;Baleares;Aguacate;199.17;199.17;199.17;697.9;697.9;697.9;3.5;3.5;3.5
2020-03-01 00:00:00;Baleares;Aguacate;215.01211596043092;127.0255199034323;302.9987120174295;784.2407475418495;634.0863608473768;934.3951342363222;3.6780266856118002;2.8503656411346743;4.505687730088926
2020-04-01 00:00:00;Baleares;Aguacate;215.01211596043092;122.27402746023147;307.75020446063036;742.4662107658609;592.3148860489084;892.6175354828133;3.738149267948911;2.8530314913628496;4.623267044534972
2020-05-01 00:00:00;Baleares;Aguacate;215.01211596043092;117.75439116880212;312.26984075205974;708.0616289232858;557.9133638564413;858.2098939901302;3.758454859507221;2.863493457945337;4.653416261069105
2020-06-01 00:00:00;Baleares;Aguacate;215.01211596043092;113.43565705081157;316.58857487005025;751.2766501973465;601.1314424549207;901.4218579397723;3.7653128036482717;2.8680499223356706;4.662575684960872
2020-02-01 00:00:00;Canarias;Aguacate;756.99;756.99;756.99;2476.55;2476.55;2476.55;3.27;3.27;3.27
2020-03-01 00:00:00;Canarias;Aguacate;720.5879942685247;441.8465121055641;999.3294764314852;2372.8634935621685;1532.5052664854868;3213.2217206388505;3.5853035692682855;2.6764228301506114;4.49418430838596
2020-04-01 00:00:00;Canarias;Aguacate;720.5879942685247;394.8343894545629;1046.3415990824865;2282.2135246879934;1434.7354539188455;3129.6915954571414;3.6293996612425157;2.679389208122394;4.579410114362638
2020-05-01 00:00:00;Canarias;Aguacate;720.5879942685247;353.7992155140792;1087.3767730229702;2357.433592627756;1502.9635206445305;3211.903664610981;3.7352093026373927;2.711287862627332;4.759130742647454
2020-06-01 00:00:00;Canarias;Aguacate;720.5879942685247;316.91410931798157;1124.2618792190679;2309.3860233241303;1448.04801680883;3170.724029839431;3.776217619443234;2.729608642616803;4.822826596269665
2020-02-01 00:00:00;Cantabria;Aguacate;42.84;42.84;42.84;179.05;179.05;179.05;4.18;4.18;4.18
2020-03-01 00:00:00;Cantabria;Aguacate;50.13341312319861;16.86282057892584;83.40400566747138;189.96011996991047;122.41468661417048;257.50555332565045;3.9923208101014036;3.00806442418594;4.976577196016867
2020-04-01 00:00:00;Cantabria;Aguacate;50.13341312319861;16.86273455618985;83.40409169020737;185.3667383498638;117.82735996001988;252.90611673970773;3.915137267483375;2.928653778018914;4.901620756947836
2020-05-01 00:00:00;Cantabria;Aguacate;50.13341312319861;16.862648533676285;83.40417771272092;184.62483625484003;117.09149455381493;252.15817795586514;3.9508191242587567;2.9522315998939823;4.9494066486235315
2020-06-01 00:00:00;Cantabria;Aguacate;50.13341312319861;16.86256251138513;83.40426373501208;183.98418307025645;116.45685983456448;251.51150630594842;3.968075457108453;2.9698766532578675;4.966274260959039
2020-02-01 00:00:00;Castilla la mancha;Aguacate;197.43;197.43;197.43;687.43;687.43;687.43;3.48;3.48;3.48
2020-03-01 00:00:00;Castilla la mancha;Aguacate;172.91125563243557;92.43158507437565;253.3909261904955;669.0209514908883;474.94391535415184;863.0979876276247;3.5655192147404895;2.7805433578179137;4.350495071663065
2020-04-01 00:00:00;Castilla la mancha;Aguacate;172.91125563243557;91.45907415191004;254.3634371129611;724.35802128861;530.0319685639499;918.68407401327;3.7711890223681555;2.9176854138794033;4.624692630856908
2020-05-01 00:00:00;Castilla la mancha;Aguacate;172.91125563243557;90.49803847196384;255.3244727929073;731.0330867210143;536.4497737082281;925.6163997338006;3.7925773994726644;2.93844463375738;4.646710165187949
2020-06-01 00:00:00;Castilla la mancha;Aguacate;172.91125563243557;89.5480811634791;256.27443010139206;720.8139901685961;525.9649112401613;915.6630690970309;3.7297856134459644;2.87522935795725;4.584341868934679
2020-02-01 00:00:00;Castilla leon;Aguacate;235.43;235.43;235.43;824.49;824.49;824.49;3.5;3.5;3.5
2020-03-01 00:00:00;Castilla leon;Aguacate;253.9651808121803;169.3964926030118;338.5338690213488;1015.6092258125575;851.4725558970221;1179.7458957280928;3.6358663519539993;3.0589649336828812;4.212767770225118
2020-04-01 00:00:00;Castilla leon;Aguacate;253.9651808121803;164.9024700676867;343.0278915566739;1014.3926262790537;849.9699810958836;1178.8152714622238;3.6418092980463155;3.062507503532154;4.221111092560477
2020-05-01 00:00:00;Castilla leon;Aguacate;253.9651808121803;160.62456872454118;347.30579289981944;1043.7538121338753;879.0327997848515;1208.474824482899;3.5964119291053924;3.016201827735697;4.176622030475087
2020-06-01 00:00:00;Castilla leon;Aguacate;253.9651808121803;156.53431668467238;351.39604493968824;1069.489621032383;904.4573355535599;1234.521906511206;3.6033695551289537;3.002840747223365;4.203898363034543
2020-02-01 00:00:00;Cataluña;Aguacate;937.41;937.41;937.41;3271.34;3271.34;3271.34;3.49;3.49;3.49
2020-03-01 00:00:00;Cataluña;Aguacate;871.1432497497826;655.1028822443028;1087.1836172552626;3450.2732191150094;3013.922795311427;3886.623642918592;3.549874377772541;2.9946388268986257;4.105109928646456
2020-04-01 00:00:00;Cataluña;Aguacate;871.1432497497826;652.4672046906998;1089.8192948088654;3519.3688647125;3082.6004087804117;3956.1373206445883;3.5621964976127667;2.8974626073689254;4.226930387856608
2020-05-01 00:00:00;Cataluña;Aguacate;871.1432497497826;649.8629185554777;1092.4235809440875;3652.0689414356293;3214.873073795546;4089.2648090757125;3.554590003713238;2.8287464259991024;4.280433581427373
2020-06-01 00:00:00;Cataluña;Aguacate;871.1432497497826;647.2889282274128;1094.9975712721525;3608.334849928377;3170.701989609259;4045.9677102474952;3.5529096504036364;2.7615742433054415;4.344245057501831
2020-02-01 00:00:00;Extremadura;Aguacate;69.08;69.08;69.08;244.04;244.04;244.04;3.53;3.53;3.53
2020-03-01 00:00:00;Extremadura;Aguacate;91.44477007122961;37.59438837519606;145.29515176726318;608.1451327444214;443.6238594899725;772.6664059988702;3.5214463237124223;2.5182110689938497;4.524681578430995
2020-04-01 00:00:00;Extremadura;Aguacate;91.44477007122961;36.45151094746241;146.43802919499683;317.20728924296145;113.03048364739462;521.3840948385283;3.5197220630512795;2.511861626954034;4.527582499148525
2020-05-01 00:00:00;Extremadura;Aguacate;91.44477007122961;35.33190622256204;147.55763391989717;317.7885378380385;112.24949861136406;523.327577064713;3.5194306834800693;2.5010230781212943;4.537838288838844
2020-06-01 00:00:00;Extremadura;Aguacate;91.44477007122961;34.23420785109054;148.6553322913687;290.34376027359156;84.7528989486895;495.9346215984936;3.5193711724358043;2.494832977627702;4.543909367243907
2020-02-01 00:00:00;Galicia;Aguacate;315.71;315.71;315.71;1211.05;1211.05;1211.05;3.84;3.84;3.84
2020-03-01 00:00:00;Galicia;Aguacate;302.31167621470803;200.07229716573374;404.5510552636823;1126.5198710895377;841.1201769488033;1411.919565230272;3.8991545253753204;2.8742116506935105;4.92409740005713
2020-04-01 00:00:00;Galicia;Aguacate;302.31167621470803;193.1541291691569;411.4692232602591;1198.3522674052347;913.3668308607898;1483.3377039496795;3.9210006540649984;2.8173287839564507;5.024672524173546
2020-05-01 00:00:00;Galicia;Aguacate;302.31167621470803;186.649022234767;417.97433019464904;988.7960413629887;704.2029670676928;1273.3891156582845;3.918669162134181;2.785104091337458;5.052234232930904
2020-06-01 00:00:00;Galicia;Aguacate;302.31167621470803;180.49078730658425;424.1325651228318;1065.5744692884618;781.352992034952;1349.7959465419717;3.916653574907883;2.746240390757219;5.087066759058547
2020-02-01 00:00:00;La rioja;Aguacate;21.47;21.47;21.47;107.64;107.64;107.64;5.01;5.01;5.01
2020-03-01 00:00:00;La rioja;Aguacate;30.069401187939008;-4.455746064191324;64.59454844006933;119.6601824098217;39.82000005239544;199.50036476724796;4.160257222499503;2.847922216317654;5.472592228681352
2020-04-01 00:00:00;La rioja;Aguacate;30.069401187939008;-4.456181261182422;64.59498363706044;91.1572949313782;0.34951688759394983;181.96507297516246;3.99507020588189;2.648985668684455;5.341154743079325
2020-05-01 00:00:00;La rioja;Aguacate;30.069401187939008;-4.4566164526879035;64.59541882856593;231.41258718329098;139.12734786689566;323.6978264996863;4.202452879145802;2.8507275387074014;5.554178219584202
2020-06-01 00:00:00;La rioja;Aguacate;30.069401187939008;-4.457051638707981;64.595854014586;104.938038124674;12.441204779623433;197.43487146972456;4.262226680303543;2.906437275981559;5.618016084625528
2020-02-01 00:00:00;Madrid;Aguacate;748.81;748.81;748.81;2699.84;2699.84;2699.84;3.61;3.61;3.61
2020-03-01 00:00:00;Madrid;Aguacate;761.0920654874286;584.3454077006071;937.8387232742501;2787.840783129586;2482.910750239231;3092.7708160199404;3.5294692470745335;3.064954049354545;3.993984444794522
2020-04-01 00:00:00;Madrid;Aguacate;761.0920654874286;547.0223244900546;975.1618064848026;2812.2800380959857;2506.914885639825;3117.6451905521462;3.532188630388147;2.734489749073239;4.329887511703055
2020-05-01 00:00:00;Madrid;Aguacate;761.0920654874286;515.3028733276557;1006.8812576472016;2932.4171704038936;2626.601172756106;3238.2331680516813;3.5551885023002265;2.6612980565048012;4.449078948095652
2020-06-01 00:00:00;Madrid;Aguacate;761.0920654874286;487.2329777170484;1034.9511532578088;2847.8480180110364;2541.564904644181;3154.131131377892;3.541403079937058;2.5241978379514016;4.558608321922715
2020-02-01 00:00:00;Murcia;Aguacate;126.7;126.7;126.7;507.9;507.9;507.9;4.01;4.01;4.01
2020-03-01 00:00:00;Murcia;Aguacate;135.64090698918403;84.47783113262815;186.8039828457399;544.8350287356375;419.7024891619937;669.9675683092812;3.5397520690463917;2.5990241005969645;4.480480037495819
2020-04-01 00:00:00;Murcia;Aguacate;135.64090698918403;77.41603945199333;193.86577452637474;553.0620559571788;427.6688000231252;678.4553118912324;3.6065273342787636;2.1978631080213766;5.015191560536151
2020-05-01 00:00:00;Murcia;Aguacate;135.64090698918403;71.12261447967074;200.15919949869732;563.7139634023267;438.0467737664278;689.3811530382256;3.7519524170626646;2.234202966279588;5.2697018678457415
2020-06-01 00:00:00;Murcia;Aguacate;135.64090698918403;65.3907472956799;205.89106668268818;585.4184970060215;459.4635159222354;711.3734780898077;3.6076894540706377;1.8404432072494394;5.374935700891836
2020-02-01 00:00:00;Navarra;Aguacate;102.56;102.56;102.56;410.36;410.36;410.36;4.0;4.0;4.0
2020-03-01 00:00:00;Navarra;Aguacate;86.8659664127185;18.595460789183917;155.1364720362531;221.86666534338067;49.66808055783778;394.0652501289236;3.883809958395169;2.5670277031888302;5.2005922136015075
2020-04-01 00:00:00;Navarra;Aguacate;86.8659664127185;18.59307483130074;155.1388579941363;378.4797105108947;191.37232098987454;565.5871000319148;3.983585046976842;2.6598578635782997;5.307312230375384
2020-05-01 00:00:00;Navarra;Aguacate;86.8659664127185;18.590688956797592;155.14124386863944;306.9420790572932;116.24647165208913;497.6376864624973;3.965546528263316;2.630848130449187;5.300244926077445
2020-06-01 00:00:00;Navarra;Aguacate;86.8659664127185;18.588303165665764;155.14362965977125;659.4040529789579;467.8110379138999;850.9970680440159;3.95961999796355;2.602942378942319;5.316297616984781
2020-02-01 00:00:00;Pais vasco;Aguacate;273.48;273.48;273.48;978.67;978.67;978.67;3.58;3.58;3.58
2020-03-01 00:00:00;Pais vasco;Aguacate;276.0710600960589;201.777848650657;350.36427154146077;1002.6842194159726;819.4607653764052;1185.9076734555401;3.3159729907480937;2.5620574714623574;4.06988851003383
2020-04-01 00:00:00;Pais vasco;Aguacate;276.0710600960589;187.07353003285857;365.0685901592592;920.7840954140495;737.2931332512724;1104.2750575768266;3.5337807182329417;2.555426593622295;4.512134842843588
2020-05-01 00:00:00;Pais vasco;Aguacate;276.0710600960589;174.47559047349506;377.6665297186227;943.7362672980695;759.9678574905946;1127.5046771055445;3.3247770377324484;2.1424911591423714;4.507062916322525
2020-06-01 00:00:00;Pais vasco;Aguacate;276.0710600960589;163.27603122373517;388.8660889683826;953.9259974892047;769.8698463983246;1137.9821485800849;3.5303879916341545;2.1875345127369505;4.873241470531358
2020-02-01 00:00:00;Valencia;Aguacate;638.35;638.35;638.35;2187.82;2187.82;2187.82;3.43;3.43;3.43
2020-03-01 00:00:00;Valencia;Aguacate;612.3806618301334;505.3944704777433;719.3668531825234;2483.3256638883245;2155.62485460239;2811.026473174259;3.4488301348849366;2.818956746922087;4.078703522847786
2020-04-01 00:00:00;Valencia;Aguacate;612.3806618301334;487.3809827440118;737.3803409162549;2505.022699168552;2092.7613521703397;2917.2840461667647;3.441923825692572;2.6532848579816894;4.230562793403455
2020-05-01 00:00:00;Valencia;Aguacate;612.3806618301334;471.65470685672943;753.1066168035372;2888.611060151246;2476.042288667184;3301.179831635308;3.44432643211596;2.493496812188468;4.395156052043452
2020-06-01 00:00:00;Valencia;Aguacate;612.3806618301334;457.5172735334812;767.2440501267855;2385.396383573593;1972.826366710113;2797.966400437073;3.4434861880593215;2.3638272897849464;4.523145086333697
2020-02-01 00:00:00;Nacional;Piña;5866.21;5866.21;5866.21;10440.45;10440.45;10440.45;1.78;1.78;1.78
2020-03-01 00:00:00;Nacional;Piña;7129.900853068167;946.5059357596292;13313.295770376704;12491.591229092526;10648.287166126738;14334.895292058314;0.8588521616921049;0.7219719872948646;0.9957323360893452
2020-04-01 00:00:00;Nacional;Piña;5887.216406073168;-398.1947044866429;12172.62751663298;12231.047993966775;10170.454737953858;14291.641249979692;1.8819452150017928;1.7430847582413465;2.0208056717622394
2020-05-01 00:00:00;Nacional;Piña;6608.145096344777;289.8194865308433;12926.47070615871;12353.59546743176;10289.070874340749;14418.120060522771;2.5975349424254337;2.446753625952428;2.7483162588984396
2020-06-01 00:00:00;Nacional;Piña;4451.795382945933;-1878.9655470380158;10782.556312929883;9264.090095862008;7200.284444589795;11327.89574713422;-0.5745564194024184;-0.9607763724521625;-0.18833646635267437
2020-02-01 00:00:00;Andalucia;Piña;787.58;787.58;787.58;1297.46;1297.46;1297.46;1.65;1.65;1.65
2020-03-01 00:00:00;Andalucia;Piña;1709.1913670398937;1275.1257313534356;2143.257002726352;2252.7408203957416;1800.3138348085743;2705.167805982909;1.5928718726429196;1.3860250539120011;1.799718691373838
2020-04-01 00:00:00;Andalucia;Piña;1541.33083795738;675.3817229005986;2407.2799530141615;2486.59343756671;1930.6748056055865;3042.512069527833;1.5168027158191604;1.318305373889906;1.7153000577484148
2020-05-01 00:00:00;Andalucia;Piña;1659.4607206103244;595.4135794343395;2723.507861786309;2438.3960405440175;1878.6768427570728;2998.1152383309623;1.5644014148495808;1.3646450948491042;1.7641577348500574
2020-06-01 00:00:00;Andalucia;Piña;722.0547553819277;-467.9756301922281;1912.0851409560837;1309.4340759627448;748.2732900718706;1870.594861853619;1.5411176276798015;1.33493457947654;1.7473006758830631
2020-02-01 00:00:00;Aragon;Piña;128.32;128.32;128.32;279.13;279.13;279.13;2.18;2.18;2.18
2020-03-01 00:00:00;Aragon;Piña;312.30902003256983;223.67798333668054;400.9400567284591;451.8906581807774;273.4393099497043;630.3420064118504;1.5878357312599696;1.3756891409701708;1.7999823215497683
2020-04-01 00:00:00;Aragon;Piña;179.79779161095945;86.28913582893209;273.3064473929868;326.94023141608955;153.69067477162454;500.1897880605545;1.8248906357307733;1.5413766501317474;2.1084046213297993
2020-05-01 00:00:00;Aragon;Piña;250.97414424641494;147.27024125316382;354.67804723966606;384.3318185626858;209.44438319170348;559.2192539336681;2.2129887054558512;1.8970492672071066;2.528928143704596
2020-06-01 00:00:00;Aragon;Piña;40.40418287887607;-65.08180179238144;145.89016755013358;307.28574202613754;135.03285615053096;479.5386279017441;1.5090236789587108;1.1278417768902707;1.890205581027151
2020-02-01 00:00:00;Asturias;Piña;134.56;134.56;134.56;256.64;256.64;256.64;1.91;1.91;1.91
2020-03-01 00:00:00;Asturias;Piña;241.78197653407585;125.66083919183946;357.90311387631226;285.7369049410089;53.81852751684292;517.6552823651749;1.586042182983008;0.8963509105912643;2.275733455374752
2020-04-01 00:00:00;Asturias;Piña;95.22330158519847;-21.463638402055423;211.91024157245238;370.2562782637075;125.01257764189361;615.4999788855214;1.29869756232569;0.5708943562162946;2.0265007684350853
2020-05-01 00:00:00;Asturias;Piña;142.20098860683947;12.029531324273307;272.37244588940564;282.67623933094575;38.950155087605054;526.4023235742865;1.7555770004676288;1.026903531248661;2.4842504696865966
2020-06-01 00:00:00;Asturias;Piña;205.10240762235443;57.61176853873852;352.5930467059703;314.15359762504687;69.86359892132924;558.4435963287644;1.4416258248053446;0.7147979315487569;2.168453718061932
2020-02-01 00:00:00;Baleares;Piña;144.92;144.92;144.92;235.86;235.86;235.86;1.63;1.63;1.63
2020-03-01 00:00:00;Baleares;Piña;194.9047015636158;84.43233861674406;305.3770645104875;170.925870133976;67.63263652491372;274.21910374303826;1.660729262730682;1.4330459440314172;1.8884125814299468
2020-04-01 00:00:00;Baleares;Piña;37.51774023379968;-99.36908603693826;174.40456650453763;151.51968785676686;26.567722614283923;276.4716530992498;1.6287111610994571;1.3741975125632608;1.8832248096356534
2020-05-01 00:00:00;Baleares;Piña;121.001220766755;-28.37209704236703;270.374538575877;154.71486828133294;17.653822045637213;291.7759145170287;1.4790277405754937;1.2264935702298327;1.7315619109211546
2020-06-01 00:00:00;Baleares;Piña;69.20060723604466;-80.9267919270916;219.32800639918094;182.71112911240178;44.39066993397003;321.0315882908335;1.4943185453748176;1.2368474601600585;1.7517896305895766
2020-02-01 00:00:00;Canarias;Piña;33.05;33.05;33.05;95.9;95.9;95.9;2.9;2.9;2.9
2020-03-01 00:00:00;Canarias;Piña;73.16511438177173;7.444685464208916;138.88554329933453;198.40424436849776;134.04157503793687;262.76691369905865;4.010001512161134;2.8654513245365916;5.154551699785676
2020-04-01 00:00:00;Canarias;Piña;33.76529755801653;-31.05511788617379;98.58571300220684;163.29475365642958;68.14945168040667;258.44005563245247;3.1652627191025893;1.9676712267042977;4.362854211500881
2020-05-01 00:00:00;Canarias;Piña;48.65237325897083;-15.973855464933699;113.27860198287536;192.8861094943157;87.62542046028176;298.1467985283496;1.4586418146114175;0.2678798876993853;2.6494037415234497
2020-06-01 00:00:00;Canarias;Piña;44.922656298807695;-19.420190793087713;109.2655033907031;157.4846726585279;48.12655867254084;266.84278664451494;1.651319748770543;0.41032227252379405;2.892317225017292
2020-02-01 00:00:00;Cantabria;Piña;51.86;51.86;51.86;102.94;102.94;102.94;1.98;1.98;1.98
2020-03-01 00:00:00;Cantabria;Piña;98.9669781540577;70.42338059515238;127.51057571296302;119.85175823872449;47.36792031423197;192.33559616321702;1.8729341534133073;1.6123587872456873;2.1335095195809273
2020-04-01 00:00:00;Cantabria;Piña;30.816671467834496;1.1653115297375187;60.46803140593147;94.70754902257875;18.457075527293583;170.95802251786392;2.4956419472368943;2.227585810662879;2.7636980838109095
2020-05-01 00:00:00;Cantabria;Piña;64.03840575862105;26.684751273068464;101.39206024417365;101.4015206285454;24.192712164349302;178.6103290927415;2.014317853124486;1.5450636779568405;2.4835720282921314
2020-06-01 00:00:00;Cantabria;Piña;74.12862994328519;35.24284707011578;113.01441281645461;178.09858393928556;100.01563768378813;256.181530194783;2.483403752795006;1.9404179683710956;3.0263895372189165
2020-02-01 00:00:00;Castilla la mancha;Piña;280.54;280.54;280.54;416.57;416.57;416.57;1.48;1.48;1.48
2020-03-01 00:00:00;Castilla la mancha;Piña;247.01465981859428;172.63994793320316;321.3893717039854;334.6693012384411;209.968742555404;459.3698599214782;1.492377639438308;1.2282689681353158;1.7564863107413
2020-04-01 00:00:00;Castilla la mancha;Piña;317.6123471347104;226.34605723135604;408.8786370380647;548.8932472360873;375.88446243124815;721.9020320409264;1.5653646581632465;1.2904686760390562;1.8402606402874369
2020-05-01 00:00:00;Castilla la mancha;Piña;163.6754169678337;66.36359066801812;260.9872432676493;368.9014587621352;174.31472377326102;563.4881937510094;1.4312616565247878;1.146092192503042;1.7164311205465335
2020-06-01 00:00:00;Castilla la mancha;Piña;148.705727173301;48.23641856453659;249.1750357820654;383.84116936724956;163.49492196417856;604.1874167703206;1.4315139146927638;1.1407945940220974;1.7222332353634302
2020-02-01 00:00:00;Castilla leon;Piña;411.66;411.66;411.66;605.58;605.58;605.58;1.47;1.47;1.47
2020-03-01 00:00:00;Castilla leon;Piña;322.20760773275606;-88.24283353656011;732.6580490020722;600.630411171016;404.0722365486781;797.1885857933539;1.3466260285269496;1.1931562762566585;1.5000957807972406
2020-04-01 00:00:00;Castilla leon;Piña;333.4589543285348;-81.9355905633526;748.8534992204222;606.9586880169904;407.8867331993615;806.0306428346194;1.2973200909791913;1.132257500059359;1.4623826818990235
2020-05-01 00:00:00;Castilla leon;Piña;387.20008016332986;-41.46535035219762;815.8655106788574;612.1358194544748;412.9059449194479;811.3656939895018;1.5046279694112736;1.3378585865480206;1.6713973522745267
2020-06-01 00:00:00;Castilla leon;Piña;245.06764871976813;-190.79798084722236;680.9332782867587;505.33238351425416;306.43185197575156;704.2329150527568;1.392118092365206;1.2059978704369065;1.5782383142935053
2020-02-01 00:00:00;Cataluña;Piña;977.89;977.89;977.89;1819.4;1819.4;1819.4;1.86;1.86;1.86
2020-03-01 00:00:00;Cataluña;Piña;1470.6858043811305;1250.6779604867727;1690.6936482754884;1971.185401696127;1537.5550461857883;2404.8157572064656;1.3466146476526957;1.122317058336679;1.5709122369687123
2020-04-01 00:00:00;Cataluña;Piña;1377.0699393863265;1113.7887385176823;1640.3511402549707;2080.8690501067103;1517.9084559532844;2643.8296442601363;1.8326336528117733;1.6239841001082782;2.0412832055152683
2020-05-01 00:00:00;Cataluña;Piña;1197.4074349643024;888.0712554451188;1506.743614483486;2047.6118536445533;1490.2683084458054;2604.9553988433013;1.9393228481268527;1.6963568822455952;2.18228881400811
2020-06-01 00:00:00;Cataluña;Piña;646.8503133203026;336.4136648873452;957.2869617532599;1512.563302238376;954.2282261335101;2070.8983783432423;1.3833009882074767;1.07509191828533;1.6915100581296234
2020-02-01 00:00:00;Extremadura;Piña;128.32;128.32;128.32;162.1;162.1;162.1;1.26;1.26;1.26
2020-03-01 00:00:00;Extremadura;Piña;135.40978311175473;75.34433788711172;195.47522833639775;256.8202724483422;173.18102113629885;340.4595237603856;1.7888914643133178;1.5227844472478822;2.054998481378753
2020-04-01 00:00:00;Extremadura;Piña;143.35636512828762;65.45728964120089;221.25544061537437;227.22574131490464;110.85263444090306;343.59884818890623;1.5352999131427532;1.1430733625956606;1.9275264636898457
2020-05-01 00:00:00;Extremadura;Piña;136.88541215907767;58.364938669140656;215.4058856490147;231.14661397973362;114.01450271165719;348.27872524781003;1.4574408177700517;1.0071217929814604;1.907759842558643
2020-06-01 00:00:00;Extremadura;Piña;86.08044637257919;6.534952478025048;165.62594026713333;209.09994909792198;91.87164681347899;326.32825138236495;1.596755671336402;1.0466849345715357;2.1468264081012682
2020-02-01 00:00:00;Galicia;Piña;628.34;628.34;628.34;1220.35;1220.35;1220.35;1.94;1.94;1.94
2020-03-01 00:00:00;Galicia;Piña;639.3498166334641;447.77707095197184;830.9225623149564;1097.9811757631608;877.4587210055913;1318.5036305207302;1.6862180998547431;1.4935409730964202;1.878895226613066
2020-04-01 00:00:00;Galicia;Piña;682.1581240138155;489.80958696743835;874.5066610601926;1267.4603193462292;1010.4801036019917;1524.4405350904667;1.4391713250067266;1.183593161637312;1.6947494883761411
2020-05-01 00:00:00;Galicia;Piña;723.2506513478272;526.1409610413665;920.3603416542879;1263.1147253646618;958.8431018677447;1567.3863488615789;1.5155226036691487;1.262309408218674;1.7687357991196233
2020-06-01 00:00:00;Galicia;Piña;636.7448409435993;439.8485627781522;833.6411191090465;1001.4646448902195;684.1546391706979;1318.774650609741;1.7655748340052868;1.5124996345223105;2.018650033488263
2020-02-01 00:00:00;La rioja;Piña;34.76;34.76;34.76;68.5;68.5;68.5;1.97;1.97;1.97
2020-03-01 00:00:00;La rioja;Piña;-2.2852148182813075;-40.48300250609019;35.91257286952758;45.75710992844712;-14.919475434564895;106.43369529145914;1.4498097990150103;1.0283666039655903;1.8712529940644302
2020-04-01 00:00:00;La rioja;Piña;-1.091520629793247;-38.79198193397805;36.60894067439156;30.93868149567171;-36.9716788851184;98.84904187646183;1.4050846840069067;0.9543574715918206;1.8558118964219927
2020-05-01 00:00:00;La rioja;Piña;24.434310469810576;-19.78723123364032;68.65585217326148;38.24958425559832;-29.071881563019957;105.5710500742166;1.7865161082393308;1.3207826810834744;2.2522495353951872
2020-06-01 00:00:00;La rioja;Piña;43.852357429222025;-3.782434263984065;91.48714912242812;42.34295495695353;-25.157219655015943;109.84312956892299;1.6482396605884193;1.1214404505667632;2.1750388706100754
2020-02-01 00:00:00;Madrid;Piña;879.57;879.57;879.57;1657.69;1657.69;1657.69;1.88;1.88;1.88
2020-03-01 00:00:00;Madrid;Piña;782.8371315730045;537.1601802734584;1028.5140828725505;1675.091880785386;1283.1249548036462;2067.0588067671256;1.451662303025056;1.2526484085377199;1.650676197512392
2020-04-01 00:00:00;Madrid;Piña;997.0757067313632;687.4176279216191;1306.7337855411074;1912.41086360582;1530.14185430414;2294.6798729075;1.4932616390558677;1.2835224607538052;1.7030008173579303
2020-05-01 00:00:00;Madrid;Piña;859.014197539592;512.4539086814983;1205.5744863976856;1843.1478752576627;1458.2030799036077;2228.092670611718;1.7345054521333934;1.5078464400716234;1.9611644641951633
2020-06-01 00:00:00;Madrid;Piña;781.8553763784778;415.95739036117516;1147.7533623957804;1706.6653829909117;1325.9852895127647;2087.3454764690587;1.5829996983088612;1.3479470513726501;1.8180523452450723
2020-02-01 00:00:00;Murcia;Piña;194.17;194.17;194.17;402.8;402.8;402.8;2.07;2.07;2.07
2020-03-01 00:00:00;Murcia;Piña;268.5271539609577;158.79535966236307;378.25894825955237;368.7274065418989;184.00047195053673;553.4543411332611;1.6153642912209212;1.3019677093849822;1.9287608730568602
2020-04-01 00:00:00;Murcia;Piña;351.90869002607997;219.6396288583583;484.17775119380167;541.3514258504265;339.7510243513676;742.9518273494854;2.0097017353056232;1.6955630976723315;2.323840372938915
2020-05-01 00:00:00;Murcia;Piña;313.1427979263735;178.34879473420128;447.93680111854565;460.2561157502804;223.77447370115644;696.7377577994043;2.0160261692533026;1.6119317819499022;2.4201205565567028
2020-06-01 00:00:00;Murcia;Piña;180.8328324697634;43.8104697253946;317.8551952141322;337.56773142282555;85.55678466497542;589.5786781806756;1.8872981922956427;1.4135435888927712;2.361052795698514
2020-02-01 00:00:00;Navarra;Piña;90.06;90.06;90.06;177.11;177.11;177.11;1.97;1.97;1.97
2020-03-01 00:00:00;Navarra;Piña;35.94491948747463;-42.88512541974888;114.77496439469815;284.75971119298583;58.496380223345824;511.02304216262587;1.4699358079161131;1.0763379809482827;1.8635336348839435
2020-04-01 00:00:00;Navarra;Piña;88.83129487212757;-6.657363714226776;184.3199534584819;194.08130536713446;-18.765274559364826;406.9278852936337;2.5419992824015605;2.1441477973031104;2.9398507675000105
2020-05-01 00:00:00;Navarra;Piña;216.87482242507056;109.35638740201524;324.3932574481259;357.73040849108645;132.11206744710023;583.3487495350727;1.1857066759329187;0.7809750352078766;1.5904383166579608
2020-06-01 00:00:00;Navarra;Piña;95.17389221088166;-14.63232501981021;204.98010944157352;198.146865751874;-15.079039691226342;411.37277119497435;2.2176051104478436;1.6384532418010231;2.7967569790946643
2020-02-01 00:00:00;Pais vasco;Piña;369.57;369.57;369.57;717.5;717.5;717.5;1.94;1.94;1.94
2020-03-01 00:00:00;Pais vasco;Piña;463.7092700158513;331.10200802736233;596.3165320043403;766.4317662024944;463.318533461607;1069.5449989433819;1.7576168413197513;1.3569953327446271;2.1582383498948756
2020-04-01 00:00:00;Pais vasco;Piña;452.31359979102933;317.74837619653584;586.8788233855228;678.9141323132069;353.23075136903753;1004.5975132573762;1.6441449894653042;1.2471537183838812;2.041136260546727
2020-05-01 00:00:00;Pais vasco;Piña;353.6863558431886;218.84221137874204;488.5305003076352;806.8267048886304;484.4092840574092;1129.2441257198516;1.7213092260592961;1.3202980135845852;2.122320438534007
2020-06-01 00:00:00;Pais vasco;Piña;413.61050628246363;278.7725931806194;548.4484193843078;688.3301512362511;362.5024517063859;1014.1578507661163;1.6535828514921624;1.2533441264602794;2.0538215765240455
2020-02-01 00:00:00;Valencia;Piña;591.05;591.05;591.05;924.9;924.9;924.9;1.56;1.56;1.56
2020-03-01 00:00:00;Valencia;Piña;693.346148886502;540.6877119074459;846.004585865558;1097.6352021914645;912.284187634359;1282.98621674857;1.3400950657539303;1.2091481694883945;1.4710419620194661
2020-04-01 00:00:00;Valencia;Piña;500.31653175563457;336.0638641569335;664.5691993543356;1032.1315219710425;859.4659851849826;1204.7970587571024;1.3824131441732723;1.2368560147571013;1.5279702735894434
2020-05-01 00:00:00;Valencia;Piña;797.8773804644135;633.52473202356;962.230028905267;1199.1315960463492;1020.8717637295078;1377.3914283631905;1.6024500862302207;1.4530152904855804;1.751884881974861
2020-06-01 00:00:00;Valencia;Piña;480.5979732581504;316.23471337519334;644.9612331411074;827.1580227022525;652.6216523510791;1001.694393053426;1.4975888285479173;1.3160133177944306;1.679164339301404
2020-02-01 00:00:00;Nacional;Pomelo;1431.07;1431.07;1431.07;2704.9;2704.9;2704.9;1.89;1.89;1.89
2020-03-01 00:00:00;Nacional;Pomelo;1308.0431706055836;871.6705422438397;1744.4157989673274;2278.0404303792516;1444.86289061534;3111.2179701431633;1.9621991720105318;-143.18332808707456;147.10772643109564
2020-04-01 00:00:00;Nacional;Pomelo;1274.3358079548423;817.4712210387961;1731.2003948708884;2278.0404303792516;1444.862397505356;3111.218463253147;2.1233233029454905;-218.66362753538507;222.91027414127606
2020-05-01 00:00:00;Nacional;Pomelo;1265.1005354337076;805.5368990520169;1724.6641718153983;2278.0404303792516;1444.8619043956637;3111.2189563628394;1.8785439561519515;-110.04209761694445;113.79918552924836
2020-06-01 00:00:00;Nacional;Pomelo;1262.5702200416858;802.4762501287199;1722.6641899546516;2278.0404303792516;1444.8614112862633;3111.21944947224;1.994824824490865;-20.098106532868993;24.087756181850725
2020-02-01 00:00:00;Andalucia;Pomelo;190.29;190.29;190.29;347.82;347.82;347.82;1.83;1.83;1.83
2020-03-01 00:00:00;Andalucia;Pomelo;188.9473801743967;-9.630256526651834;387.5250168754452;272.28539229908694;-152.6551060367562;697.22589063493;1.724273721244507;-242.9305681070551;246.37911554954414
2020-04-01 00:00:00;Andalucia;Pomelo;188.66789869683177;-15.71672499527088;393.05252238893445;272.28539229908694;-189.24487805687875;733.8156626550526;1.9412503764682756;-198.13742432681565;202.0199250797522
2020-05-01 00:00:00;Andalucia;Pomelo;188.60972147137127;-16.343737316507656;393.5631802592502;272.28539229908694;-223.1396310735591;767.710415671733;1.8525026556690498;-18.41104866281555;22.116053974153647
2020-06-01 00:00:00;Andalucia;Pomelo;188.59761122495433;-16.44728192166974;393.6425043715784;272.28539229908694;-254.85948068434908;799.4302652825229;1.7691661124373885;-59.741681396533956;63.280013621408735
2020-02-01 00:00:00;Aragon;Pomelo;23.2;23.2;23.2;43.29;43.29;43.29;1.87;1.87;1.87
2020-03-01 00:00:00;Aragon;Pomelo;18.610732643281825;-2.5380127570986772;39.75947804366233;31.878753418414554;-9.56111101628779;73.3186178531169;2.0878353435977304;-29.006087317421166;33.181758004616626
2020-04-01 00:00:00;Aragon;Pomelo;18.17559306332314;-3.144678249788157;39.49586437643444;31.878753418414554;-9.561449813157864;73.31895664998697;2.2434167907042237;-37.19915829032383;41.68599187173228
2020-05-01 00:00:00;Aragon;Pomelo;18.134334526975408;-3.194740336141379;39.463409390092195;31.878753418414554;-9.561788607258109;73.31929544408722;2.117903829574169;-63.45201220678448;67.68781986593282
2020-06-01 00:00:00;Aragon;Pomelo;18.130422525171944;-3.199433167122976;39.460278217466865;31.878753418414554;-9.562127398588586;73.3196342354177;2.0921382882365256;-76.90750735943298;81.09178393590604
2020-02-01 00:00:00;Asturias;Pomelo;76.43;76.43;76.43;118.56;118.56;118.56;1.55;1.55;1.55
2020-03-01 00:00:00;Asturias;Pomelo;54.63495119283199;6.8869819666034715;102.38292041906051;93.2369151104277;-1.088747520702242;187.56257774155765;1.7411111909732624;0.6831181519970524;2.7991042299494726
2020-04-01 00:00:00;Asturias;Pomelo;53.81241131832541;5.960691255927728;101.66413138072309;93.2369151104277;-1.0891366695525875;187.562966890408;1.9455554001132556;-0.34707121168105104;4.238182011907562
2020-05-01 00:00:00;Asturias;Pomelo;53.7813688622548;5.926520943832372;101.63621678067723;93.2369151104277;-1.0895258167974902;187.5633560376529;1.2244449180607613;-5.426153943650796;7.875043779772319
2020-06-01 00:00:00;Asturias;Pomelo;53.7801973274651;5.924882948507268;101.63551170642293;93.2369151104277;-1.0899149624369358;187.56374518329233;1.1377765872174057;-15.87235515955518;18.147908333989992
2020-02-01 00:00:00;Baleares;Pomelo;16.22;16.22;16.22;32.99;32.99;32.99;2.03;2.03;2.03
2020-03-01 00:00:00;Baleares;Pomelo;21.647377731826516;-4.983230784057977;48.27798624771101;33.20722680734953;-21.6418282506042;88.05628186530325;-4.5099993017871896;-5.271092964996599;-3.7489056385777793
2020-04-01 00:00:00;Baleares;Pomelo;24.38403008792815;-5.898300846501094;54.66636102235739;33.20722680734953;-27.623324581522844;94.0377781962219;2.3100003998886978;1.4388313668283659;3.1811694329490297
2020-05-01 00:00:00;Baleares;Pomelo;25.76393517067908;-5.600669021958527;57.12853936331669;33.20722680734953;-33.06715077402083;99.48160438871989;-2.4699994167229704;-3.546935541978842;-1.3930632914670986
2020-06-01 00:00:00;Baleares;Pomelo;26.459726155294423;-5.284586220736362;58.20403853132521;33.20722680734953;-38.096561768867446;104.5110153835665;2.9600004810255487;1.765213782422862;4.154787179628236
2020-02-01 00:00:00;Canarias;Pomelo;38.89;38.89;38.89;77.73;77.73;77.73;2.0;2.0;2.0
2020-03-01 00:00:00;Canarias;Pomelo;60.984446847415384;-0.8424299875016459;122.81132368233241;133.92781463835263;5.358060181809492;262.49756909489577;1.9264964729437155;-8.574627226691824;12.427620172579253
2020-04-01 00:00:00;Canarias;Pomelo;65.61625015854858;1.9592248156109093;129.27327550148624;133.92781463835263;5.357691716210809;262.49793756049445;1.8124740781653754;0.8912625978844169;2.733685558446334
2020-05-01 00:00:00;Canarias;Pomelo;66.58724536205756;2.74962223117997;130.42486849293516;133.92781463835263;5.357323251668134;262.4983060250371;1.841221401536074;-2.891511234779391;6.573954037851538
2020-06-01 00:00:00;Canarias;Pomelo;66.79080143339833;2.923978734904459;130.6576241318922;133.92781463835263;5.356954788181412;262.4986744885239;2.0419027541846;-3.9293056205776904;8.01311112894689
2020-02-01 00:00:00;Cantabria;Pomelo;13.61;13.61;13.61;26.32;26.32;26.32;1.93;1.93;1.93
2020-03-01 00:00:00;Cantabria;Pomelo;10.940067871459338;-36.827395775210846;58.70753151812953;14.117947259184824;-28.020846196136446;56.256740714506094;-0.06862239903875889;-3.613982142240372;3.476737344162854
2020-04-01 00:00:00;Cantabria;Pomelo;10.872553549955486;-36.956674171244;58.70178127115497;14.117947259184824;-28.02103912306518;56.25693364143483;3.5385705272195525;0.6381832403734884;6.438957814065617
2020-05-01 00:00:00;Cantabria;Pomelo;10.870846321685748;-36.95965023051669;58.70134287388818;14.117947259184824;-28.021232049110623;56.25712656748027;-1.0128904338346398;-4.615199211937468;2.5894183442681884
2020-06-01 00:00:00;Cantabria;Pomelo;10.870803151165775;-36.959779543840035;58.70138584617158;14.117947259184824;-28.021424974272804;56.25731949264245;4.1999816322903465;0.8444049796245672;7.555558284956126
2020-02-01 00:00:00;Castilla la mancha;Pomelo;43.17;43.17;43.17;77.12;77.12;77.12;1.79;1.79;1.79
2020-03-01 00:00:00;Castilla la mancha;Pomelo;29.66421323434026;3.446079755072354;55.882346713608165;48.76861405180436;5.500056032042934;92.03717207156579;1.624248506863831;-293.1478810659775;296.39637807970513
2020-04-01 00:00:00;Castilla la mancha;Pomelo;29.157957567340453;2.8833620981456;55.43255303653531;48.76861405180436;5.499663425134344;92.03756467847438;1.7217294784938861;-54.78681209644096;58.23027105342873
2020-05-01 00:00:00;Castilla la mancha;Pomelo;29.13898090164771;2.8626881488292533;55.41527365446616;48.76861405180436;5.499270821788095;92.03795728182064;1.6203294594997435;-700.0247148472027;703.2653737662023
2020-06-01 00:00:00;Castilla la mancha;Pomelo;29.138269573628513;2.8617209277227538;55.41481821953427;48.76861405180436;5.4988782220040875;92.03834988160463;2.3518426626464795;-183.28039573758363;187.98408106287658
2020-02-01 00:00:00;Castilla leon;Pomelo;39.38;39.38;39.38;76.43;76.43;76.43;1.94;1.94;1.94
2020-03-01 00:00:00;Castilla leon;Pomelo;70.04009355071997;-11.095284008515478;151.17547110995542;123.85731414771028;-44.50173753492548;292.21636583034604;2.1601924518583298;0.9852458229310355;3.3351390807856243
2020-04-01 00:00:00;Castilla leon;Pomelo;70.57129061276379;-10.630791069537864;151.77337229506543;123.85731414771028;-44.50203875168124;292.2166670471018;2.0230580857966767;1.3842058673066933;2.66191030428666
2020-05-01 00:00:00;Castilla leon;Pomelo;70.58049379142524;-10.622939029519884;151.78392661237035;123.85731414771028;-44.50233996789807;292.2169682633186;1.5750878031772606;0.8034342998063977;2.3467413065481235
2020-06-01 00:00:00;Castilla leon;Pomelo;70.58065323977978;-10.623189778546319;151.7844962581059;123.85731414771028;-44.50264118357596;292.2172694789965;1.6361118044817142;0.723536490535515;2.5486871184279134
2020-02-01 00:00:00;Cataluña;Pomelo;225.43;225.43;225.43;464.12;464.12;464.12;2.06;2.06;2.06
2020-03-01 00:00:00;Cataluña;Pomelo;197.06662130471562;84.11116868260324;310.022073926828;341.670757582913;128.20539105051148;555.1361241153145;1.9576470317099393;1.4592066128465888;2.4560874505732895
2020-04-01 00:00:00;Cataluña;Pomelo;192.78924305275342;77.90892000895337;307.66956609655347;341.670757582913;128.2043075899767;555.1372075758493;1.8752941108914287;1.3728056512258255;2.3777825705570317
2020-05-01 00:00:00;Cataluña;Pomelo;192.14418715490297;77.12259736865263;307.1657769411533;341.670757582913;128.20322413494108;555.1382910308848;1.6429411485668035;0.8853639334687554;2.4005183636648515
2020-06-01 00:00:00;Cataluña;Pomelo;192.04690861490928;77.00680734496412;307.08700988485447;341.670757582913;128.20214068540452;555.1393744804215;1.6947058751526907;0.931656364790189;2.4577553855151923
2020-02-01 00:00:00;Extremadura;Pomelo;50.48;50.48;50.48;78.64;78.64;78.64;1.56;1.56;1.56
2020-03-01 00:00:00;Extremadura;Pomelo;30.223776645027947;-21.890909911082638;82.33846320113852;39.443609877411966;-69.49068516518116;148.37790492000508;1.5495236758491395;0.10988576250971671;2.989161589188562
2020-04-01 00:00:00;Extremadura;Pomelo;24.917985209368688;-29.460331286805314;79.29630170554269;39.443609877411966;-69.49660265295438;148.38382240777833;-3.5552380589530435;-4.948233861856911;-2.162242256049176
2020-05-01 00:00:00;Extremadura;Pomelo;23.52821860453881;-31.133229434892375;78.18966664397;39.443609877411966;-69.50251981931501;148.38973957413896;0.01666652156731807;-1.9485373671655497;1.9818704103001858
2020-06-01 00:00:00;Extremadura;Pomelo;23.164191627730144;-31.550948675636402;77.87933193109669;39.443609877411966;-69.50843666431538;148.3956564191393;1.0371429088776112;-0.8561477944229761;2.9304336121781986
2020-02-01 00:00:00;Galicia;Pomelo;75.86;75.86;75.86;130.39;130.39;130.39;1.72;1.72;1.72
2020-03-01 00:00:00;Galicia;Pomelo;112.2438991162613;-14.398185313270758;238.88598354579335;208.5032493223752;-107.36965855218295;524.3761571969334;1.0639506184435135;0.6556502315373488;1.472251005349678
2020-04-01 00:00:00;Galicia;Pomelo;104.67622708924989;-23.67900671114745;233.03146088964724;208.5032493223752;-107.37030568202641;524.3768043267769;1.4377777763142097;0.7803469998936075;2.095208552734812
2020-05-01 00:00:00;Galicia;Pomelo;106.25026564200124;-22.387027086298758;234.88755837030124;208.5032493223752;-107.37095281054405;524.3774514552945;1.222469140218073;-0.46558056541150195;2.9105188458476476
2020-06-01 00:00:00;Galicia;Pomelo;105.92287336645015;-22.683802718417297;234.5295494513176;208.5032493223752;-107.37159993773605;524.3780985824865;1.2934567813633309;-2.222657483409174;4.809571046135836
2020-02-01 00:00:00;La rioja;Pomelo;5.31;5.31;5.31;8.73;8.73;8.73;1.64;1.64;1.64
2020-03-01 00:00:00;La rioja;Pomelo;1.3769254928112429;-8.198558620280405;10.95240960590289;4.138770079758002;-16.132780118356294;24.410320277872295;-0.03285611955418166;-26.569442363417586;26.50373012430922
2020-04-01 00:00:00;La rioja;Pomelo;3.6079698378040788;-6.28232713042431;13.498266806032468;4.138770079758002;-17.497183762848692;25.774723922364693;7.414426711500159;4.0136525906430425;10.815200832357275
2020-05-01 00:00:00;La rioja;Pomelo;2.3424054910756666;-9.494262091437168;14.179073073588501;4.138770079758002;-18.780506739638952;27.05804689915496;3.8138758969079776;-9.631374097900924;17.259125891716877
2020-06-01 00:00:00;La rioja;Pomelo;3.0602993865084156;-9.505584371463623;15.626183144480454;4.138770079758002;-19.99568664022818;28.27322679974418;1.8318103079789876;-12.116632728237356;15.78025334419533
2020-02-01 00:00:00;Madrid;Pomelo;131.78;131.78;131.78;242.19;242.19;242.19;1.84;1.84;1.84
2020-03-01 00:00:00;Madrid;Pomelo;119.51175961827265;22.617472092682732;216.40604714386257;215.26199864960032;33.018517324573054;397.5054799746276;2.1084351075487238;-2.5923043916555395;6.809174606752987
2020-04-01 00:00:00;Madrid;Pomelo;117.59334774289663;13.65018031133053;221.53651517446272;215.26199864960032;10.23998324735004;420.2840140518506;2.355375189867571;0.5824327389214612;4.12831764081368
2020-05-01 00:00:00;Madrid;Pomelo;117.29336143605303;9.55140244823221;225.03532042387386;215.26199864960032;-10.249347215159958;440.7733445143606;1.8630684681817862;0.2567629609356461;3.469373975427926
2020-06-01 00:00:00;Madrid;Pomelo;117.24645191393802;6.195189539934418;228.29771428794163;215.26199864960032;-29.02616608187111;459.55016338107174;2.2061371378288213;-0.8269849302362693;5.239259205893912
2020-02-01 00:00:00;Murcia;Pomelo;46.79;46.79;46.79;84.85;84.85;84.85;1.81;1.81;1.81
2020-03-01 00:00:00;Murcia;Pomelo;28.309748370248954;-23.667635119122792;80.2871318596207;47.44001281142549;-30.856106624169016;125.73613224702;1.4180477138260508;-15.36041261764113;18.196508045293232
2020-04-01 00:00:00;Murcia;Pomelo;31.601107440469534;-20.84243885721657;84.04465373815563;47.44001281142549;-30.85623189636827;125.73625751921925;0.8153127595484877;-16.847744493227005;18.47837001232398
2020-05-01 00:00:00;Murcia;Pomelo;31.01491171401723;-21.506187436170563;83.53601086420502;47.44001281142549;-30.856357168367097;125.73638279121808;1.597841680637149;-25.371890796055062;28.56757415732936
2020-06-01 00:00:00;Murcia;Pomelo;31.119314005708826;-21.393087485067962;83.63171549648561;47.44001281142549;-30.856482440165493;125.73650806301647;0.8150815428117666;-27.136557931064637;28.766721016688173
2020-02-01 00:00:00;Navarra;Pomelo;6.93;6.93;6.93;10.07;10.07;10.07;1.45;1.45;1.45
2020-03-01 00:00:00;Navarra;Pomelo;7.462070208703352;-19.449812567194677;34.37395298460138;10.39974926478093;-27.829663371005687;48.629161900567546;1.34421743147651;-1.3464060309594283;4.034840893912449
2020-04-01 00:00:00;Navarra;Pomelo;7.530895548534235;-20.275439074646524;35.33723017171499;10.39974926478093;-28.749214994127122;49.54871352368898;-0.15379215442978103;-2.4813442222922504;2.173759913432688
2020-05-01 00:00:00;Navarra;Pomelo;7.539798372494968;-20.61519698709706;35.694793732087;10.39974926478093;-29.647657824983057;50.447156354544916;1.2003058721642041;-0.8299817376376026;3.230593481966011
2020-06-01 00:00:00;Navarra;Pomelo;7.540949987215224;-20.908609060992628;35.990509035423074;10.39974926478093;-30.526382077935757;51.325880607497616;1.5838565892644088;-0.8195020474336299;3.9872152259624474
2020-02-01 00:00:00;Pais vasco;Pomelo;348.0;348.0;348.0;717.79;717.79;717.79;2.06;2.06;2.06
2020-03-01 00:00:00;Pais vasco;Pomelo;294.74069229156817;183.58708072967372;405.8943038534626;616.9024234455335;384.6620416929276;849.1428051981394;2.3749996628668804;1.806110009329155;2.9438893164046056
2020-04-01 00:00:00;Pais vasco;Pomelo;312.08715070818533;178.62398908592905;445.5503123304416;616.9024234455335;337.14385673403194;896.660990157035;2.0599997312538303;1.4515742460652303;2.6684252164424302
2020-05-01 00:00:00;Pais vasco;Pomelo;306.43744115419145;147.657437136104;465.2174451722789;616.9024234455335;296.599260207405;937.205586683662;1.8749997493380637;1.0406848126936494;2.709314685982478
2020-06-01 00:00:00;Pais vasco;Pomelo;308.27754114912256;129.54567423241016;487.0094080658349;616.9024234455335;260.63935054542407;973.1654963456429;2.194999731771493;1.2362058588498006;3.153793604693185
2020-02-01 00:00:00;Valencia;Pomelo;99.32;99.32;99.32;167.85;167.85;167.85;1.69;1.69;1.69
2020-03-01 00:00:00;Valencia;Pomelo;126.16271910452954;33.35902062686935;218.96641758218973;255.45486572375336;76.40611031917598;434.50362112833074;1.7361539515192068;1.2334312077000373;2.2388766953383765
2020-04-01 00:00:00;Valencia;Pomelo;131.44130632255545;34.14448522251725;228.73812742259366;255.45486572375336;76.40370260799256;434.50602883951416;1.7238463146208691;1.0652963780010594;2.382396251240679
2020-05-01 00:00:00;Valencia;Pomelo;132.47933391245056;33.75880788011449;231.19985994478662;255.45486572375336;76.40129492918538;434.50843651832133;1.7153847426725561;0.9969702383247122;2.4337992470204
2020-06-01 00:00:00;Valencia;Pomelo;132.6834607427706;32.94136332652968;232.4255581590115;255.45486572375336;76.39888728275304;434.5108441647537;2.336153981073305;1.535316273284785;3.1369916888618254
2020-02-01 00:00:00;Nacional;Chirimoya;9.21;9.21;9.21;33.96;33.96;33.96;3.69;3.69;3.69
2020-03-01 00:00:00;Nacional;Chirimoya;5.211862032194996;-1.698493708988587;12.12221777337858;40.681974809278174;12.239861785377009;69.12408783317935;3.6900052805966315;-1.8114113488446035;9.191421910037867
2020-04-01 00:00:00;Nacional;Chirimoya;5.759503643206113;-2.289205574155716;13.808212860567942;37.49094899564959;8.115967272160514;66.86593071913866;3.6900052805966315;-2.7367627155425938;10.116773276735856
2020-05-01 00:00:00;Nacional;Chirimoya;6.223557421804216;-1.9181501307934372;14.36526497440187;43.12;12.738880121689064;73.50111987831093;3.6900052805966315;-3.544710250901911;10.924720812095174
2020-06-01 00:00:00;Nacional;Chirimoya;2.617022928718327;-5.577169703793185;10.81121556122984;1.2386219136343852e-15;-30.381119878310933;30.381119878310933;3.6900052805966315;-4.271079492674727;11.65109005386799
2020-02-01 00:00:00;Andalucia;Chirimoya;0.0;0.0;0.0;0.0;0.0;0.0;0.0;0.0;0.0
2020-03-01 00:00:00;Andalucia;Chirimoya;-0.21664870125241453;-1.548590350862047;1.115292948357218;16.44667526532322;8.556092346456557;24.337258184189878;4.163154227826501e-10;-7.982955184385768;7.9829551852183975
2020-04-01 00:00:00;Andalucia;Chirimoya;0.8461793526961014;-0.6457513073195271;2.33811001271173;0.042577453606820526;-7.938552032560346;8.023706939773987;4.163154227826501e-10;-8.211423431357439;8.21142343219007
2020-05-01 00:00:00;Andalucia;Chirimoya;0.8461757553501023;-0.6457468387536499;2.3380983494538543;1.4036762251130806e-19;-8.012303348209668;8.012303348209668;4.163154227826501e-10;-8.43370476494082;8.433704765773452
2020-06-01 00:00:00;Andalucia;Chirimoya;0.8461757019030594;-0.6457523123242035;2.3381037161303224;-2.456486581181065e-19;-8.012303348209668;8.012303348209668;4.163154227826501e-10;-8.650276143299113;8.650276144131745
2020-02-01 00:00:00;Aragon;Chirimoya;0.0;0.0;0.0;0.0;0.0;0.0;0.0;0.0;0.0
2020-03-01 00:00:00;Aragon;Chirimoya;0.6473170532222622;0.038530764856152144;1.2561033415883722;0.0;-3.4919734693496993;3.4919734693496993;4.137593160822747e-06;-3.2552003351365295;3.2552086103228515
2020-04-01 00:00:00;Aragon;Chirimoya;0.536724350533267;-0.0978651762197742;1.171313877286308;0.0;-3.491973469230531;3.491973469230531;4.137593160822747e-06;-3.2552091100278324;3.2552173852141544
2020-05-01 00:00:00;Aragon;Chirimoya;0.5320034024303303;-0.14446936131348986;1.2084761661741505;0.0;-3.491973469230531;3.491973469230531;4.137593160822747e-06;-3.2552178848954805;3.2552261600818024
2020-06-01 00:00:00;Aragon;Chirimoya;0.5318018772423957;-0.19012977470278147;1.2537335291875729;0.0;-3.4919734692886317;3.4919734692886317;4.137593160822747e-06;-3.2552266597394754;3.2552349349257974
2020-02-01 00:00:00;Asturias;Chirimoya;0.0;0.0;0.0;0.0;0.0;0.0;0.0;0.0;0.0
2020-03-01 00:00:00;Asturias;Chirimoya;0.0;-1.9651571377830655e-06;1.9651571377830655e-06;0.0;-1.9599639845400543e-05;1.9599639845400543e-05;0.0;-1.9599639845400543e-05;1.9599639845400543e-05
2020-04-01 00:00:00;Asturias;Chirimoya;0.0;-2.779151876447103e-06;2.779151876447103e-06;0.0;-1.9599639845400543e-05;1.9599639845400543e-05;0.0;-2.771807648699356e-05;2.771807648699356e-05
2020-05-01 00:00:00;Asturias;Chirimoya;0.0;-3.403752007496899e-06;3.403752007496899e-06;0.0;-1.9599639845400543e-05;1.9599639845400543e-05;0.0;-3.3947572022285156e-05;3.3947572022285156e-05
2020-06-01 00:00:00;Asturias;Chirimoya;0.0;-3.930314275566127e-06;3.930314275566127e-06;0.0;-1.9599639845400543e-05;1.9599639845400543e-05;0.0;-3.9199279690801086e-05;3.9199279690801086e-05
2020-02-01 00:00:00;Baleares;Chirimoya;0.0;0.0;0.0;0.0;0.0;0.0;0.0;0.0;0.0
2020-03-01 00:00:00;Baleares;Chirimoya;4.978890022090636e-24;-2.2793913560533463e-06;2.2793913560533463e-06;0.0;-3.256618420392358;3.256618420392358;5.383267010905136e-85;-4.11834252370911;4.11834252370911
2020-04-01 00:00:00;Baleares;Chirimoya;1.5864151661656984e-24;-2.3025329782060954e-06;2.3025329782060954e-06;0.0;-3.256618420392358;3.256618420392358;5.383267010905136e-85;-4.19990186057139;4.19990186057139
2020-05-01 00:00:00;Baleares;Chirimoya;4.494250756958373e-24;-2.234056130740102e-06;2.234056130740102e-06;0.0;-3.256618420392358;3.256618420392358;5.383267010905136e-85;-4.279907257671751;4.279907257671751
2020-06-01 00:00:00;Baleares;Chirimoya;2.001820250564653e-24;-2.2663038684609188e-06;2.2663038684609188e-06;0.0;-3.256618420392358;3.256618420392358;5.383267010905136e-85;-4.358444290123671;4.358444290123671
2020-02-01 00:00:00;Canarias;Chirimoya;0.0;0.0;0.0;0.0;0.0;0.0;0.0;0.0;0.0
2020-03-01 00:00:00;Canarias;Chirimoya;0.0;-1.9651571377830655e-06;1.9651571377830655e-06;0.0;-1.9599639845400543e-05;1.9599639845400543e-05;0.0;-1.9599639845400543e-05;1.9599639845400543e-05
2020-04-01 00:00:00;Canarias;Chirimoya;0.0;-2.779151876447103e-06;2.779151876447103e-06;0.0;-1.9599639845400543e-05;1.9599639845400543e-05;0.0;-2.771807648699356e-05;2.771807648699356e-05
2020-05-01 00:00:00;Canarias;Chirimoya;0.0;-3.403752007496899e-06;3.403752007496899e-06;0.0;-1.9599639845400543e-05;1.9599639845400543e-05;0.0;-3.3947572022285156e-05;3.3947572022285156e-05
2020-06-01 00:00:00;Canarias;Chirimoya;0.0;-3.930314275566127e-06;3.930314275566127e-06;0.0;-1.9599639845400543e-05;1.9599639845400543e-05;0.0;-3.9199279690801086e-05;3.9199279690801086e-05
2020-02-01 00:00:00;Cantabria;Chirimoya;0.0;0.0;0.0;0.0;0.0;0.0;0.0;0.0;0.0
2020-03-01 00:00:00;Cantabria;Chirimoya;0.0;-1.9651571377830655e-06;1.9651571377830655e-06;0.0;-1.9599639845400543e-05;1.9599639845400543e-05;0.0;-1.9599639845400543e-05;1.9599639845400543e-05
2020-04-01 00:00:00;Cantabria;Chirimoya;0.0;-2.779151876447103e-06;2.779151876447103e-06;0.0;-1.9599639845400543e-05;1.9599639845400543e-05;0.0;-2.771807648699356e-05;2.771807648699356e-05
2020-05-01 00:00:00;Cantabria;Chirimoya;0.0;-3.403752007496899e-06;3.403752007496899e-06;0.0;-1.9599639845400543e-05;1.9599639845400543e-05;0.0;-3.3947572022285156e-05;3.3947572022285156e-05
2020-06-01 00:00:00;Cantabria;Chirimoya;0.0;-3.930314275566127e-06;3.930314275566127e-06;0.0;-1.9599639845400543e-05;1.9599639845400543e-05;0.0;-3.9199279690801086e-05;3.9199279690801086e-05
2020-02-01 00:00:00;Castilla la mancha;Chirimoya;0.0;0.0;0.0;0.0;0.0;0.0;0.0;0.0;0.0
2020-03-01 00:00:00;Castilla la mancha;Chirimoya;0.0;-1.9651571377830655e-06;1.9651571377830655e-06;0.0;-1.9599639845400543e-05;1.9599639845400543e-05;0.0;-1.9599639845400543e-05;1.9599639845400543e-05
2020-04-01 00:00:00;Castilla la mancha;Chirimoya;0.0;-2.779151876447103e-06;2.779151876447103e-06;0.0;-1.9599639845400543e-05;1.9599639845400543e-05;0.0;-2.771807648699356e-05;2.771807648699356e-05
2020-05-01 00:00:00;Castilla la mancha;Chirimoya;0.0;-3.403752007496899e-06;3.403752007496899e-06;0.0;-1.9599639845400543e-05;1.9599639845400543e-05;0.0;-3.3947572022285156e-05;3.3947572022285156e-05
2020-06-01 00:00:00;Castilla la mancha;Chirimoya;0.0;-3.930314275566127e-06;3.930314275566127e-06;0.0;-1.9599639845400543e-05;1.9599639845400543e-05;0.0;-3.9199279690801086e-05;3.9199279690801086e-05
2020-02-01 00:00:00;Castilla leon;Chirimoya;0.0;0.0;0.0;0.0;0.0;0.0;0.0;0.0;0.0
2020-03-01 00:00:00;Castilla leon;Chirimoya;0.09996458977033533;-0.985811904330744;1.1857410838714146;0.00398954385925519;-9.504601939576544;9.512581027295054;5.624540233493822e-26;-3.8647193012111396;3.8647193012111396
2020-04-01 00:00:00;Castilla leon;Chirimoya;0.09607409929564062;-0.9767789631283155;1.1689271617195967;-0.0012423614031455727;-9.564833394888852;9.562348672082562;5.624540233493822e-26;-5.236835771674079;5.236835771674079
2020-05-01 00:00:00;Castilla leon;Chirimoya;0.09796537918844747;-0.9669944809447472;1.162925239321642;-2.032188265044191e-18;-9.58257756024002;9.58257756024002;5.624540233493822e-26;-6.317661159148739;6.317661159148739
2020-06-01 00:00:00;Castilla leon;Chirimoya;0.09704597639143676;-0.9683885487274427;1.1624805015103163;-1.0492363685732466e-18;-9.58257756024002;9.58257756024002;5.624540233493822e-26;-7.238869811244565;7.238869811244565
2020-02-01 00:00:00;Cataluña;Chirimoya;2.7;2.7;2.7;13.52;13.52;13.52;5.0;5.0;5.0
2020-03-01 00:00:00;Cataluña;Chirimoya;1.4873946868656724;-0.19529306503457078;3.170082438765916;-2.85033076660614;-15.566093629983992;9.865432096771713;4.999987549506011;0.6127655988279539;9.387209500184069
2020-04-01 00:00:00;Cataluña;Chirimoya;1.4901779705338207;-0.20559748405795109;3.1859534251255925;1.9650390921590364;-11.03004972354328;14.960127907861354;4.999987549506011;0.5995174759226183;9.400457623089405
2020-05-01 00:00:00;Cataluña;Chirimoya;1.774809911293312;-0.025986620791905723;3.57560644337853;2.508466227794581e-18;-12.998465652657536;12.998465652657536;4.999987549506011;0.5863091184810818;9.41366598053094
2020-06-01 00:00:00;Cataluña;Chirimoya;1.7876317913384185;-0.19733717381131255;3.7726007564881496;-6.152795964208351e-18;-12.998465652657536;12.998465652657536;4.999987549506011;0.5731401705594168;9.426834928452607
2020-02-01 00:00:00;Extremadura;Chirimoya;0.0;0.0;0.0;0.0;0.0;0.0;0.0;0.0;0.0
2020-03-01 00:00:00;Extremadura;Chirimoya;1.5344132582013606e-22;-8.198949803795972e-06;8.198949803795972e-06;0.0;-4.352826586562148;4.352826586562148;5.383267010905136e-85;-4.11834252370911;4.11834252370911
2020-04-01 00:00:00;Extremadura;Chirimoya;4.887772958775476e-23;-8.282190006059526e-06;8.282190006059526e-06;0.0;-4.352826586562148;4.352826586562148;5.383267010905136e-85;-4.19990186057139;4.19990186057139
2020-05-01 00:00:00;Extremadura;Chirimoya;1.385036692147555e-22;-8.03663066235726e-06;8.03663066235726e-06;0.0;-4.352826586562148;4.352826586562148;5.383267010905136e-85;-4.279907257671751;4.279907257671751
2020-06-01 00:00:00;Extremadura;Chirimoya;6.168143524940151e-23;-8.152644663955501e-06;8.152644663955501e-06;0.0;-4.352826586562148;4.352826586562148;5.383267010905136e-85;-4.358444290123671;4.358444290123671
2020-02-01 00:00:00;Galicia;Chirimoya;0.0;0.0;0.0;0.0;0.0;0.0;0.0;0.0;0.0
2020-03-01 00:00:00;Galicia;Chirimoya;0.0;-1.9651571377830655e-06;1.9651571377830655e-06;0.0;-1.9599639845400543e-05;1.9599639845400543e-05;0.0;-1.9599639845400543e-05;1.9599639845400543e-05
2020-04-01 00:00:00;Galicia;Chirimoya;0.0;-2.779151876447103e-06;2.779151876447103e-06;0.0;-1.9599639845400543e-05;1.9599639845400543e-05;0.0;-2.771807648699356e-05;2.771807648699356e-05
2020-05-01 00:00:00;Galicia;Chirimoya;0.0;-3.403752007496899e-06;3.403752007496899e-06;0.0;-1.9599639845400543e-05;1.9599639845400543e-05;0.0;-3.3947572022285156e-05;3.3947572022285156e-05
2020-06-01 00:00:00;Galicia;Chirimoya;0.0;-3.930314275566127e-06;3.930314275566127e-06;0.0;-1.9599639845400543e-05;1.9599639845400543e-05;0.0;-3.9199279690801086e-05;3.9199279690801086e-05
2020-02-01 00:00:00;La rioja;Chirimoya;0.0;0.0;0.0;0.0;0.0;0.0;0.0;0.0;0.0
2020-03-01 00:00:00;La rioja;Chirimoya;0.0021277771350077393;-0.34230177398320377;0.3465573282532192;0.0;-4.488852417392215;4.488852417392215;1.4817591497444418e-27;-4.769864678086007;4.769864678086007
2020-04-01 00:00:00;La rioja;Chirimoya;0.053444682444933535;-0.2921027566568946;0.3989921215467617;0.0;-4.488852417392215;4.488852417392215;1.4817591497444418e-27;-4.864326741800205;4.864326741800205
2020-05-01 00:00:00;La rioja;Chirimoya;0.007082731005062452;-0.33865733730127245;0.3528227993113974;0.0;-4.488852417392215;4.488852417392215;1.4817591497444418e-27;-4.956989031128944;4.956989031128944
2020-06-01 00:00:00;La rioja;Chirimoya;0.048968159786581644;-0.29757707973069186;0.39551339930385515;0.0;-4.488852417392215;4.488852417392215;1.4817591497444418e-27;-5.047950659274784;5.047950659274784
2020-02-01 00:00:00;Madrid;Chirimoya;6.51;6.51;6.51;20.44;20.44;20.44;3.14;3.14;3.14
2020-03-01 00:00:00;Madrid;Chirimoya;7.38305872970791;2.3300356087880782;12.436081850627742;9.187827269704076;-22.980018315867493;41.35567285527564;3.140003546440534;-0.23294451436161978;6.512951607242687
2020-04-01 00:00:00;Madrid;Chirimoya;5.807032452021171;-1.9395618189887616;13.553626723031105;-5.791127790679664;-42.563517804476646;30.981262223117316;3.140003546440534;-0.7954335358702682;7.075440628751336
2020-05-01 00:00:00;Madrid;Chirimoya;6.126826496308617;-1.9234214675366932;14.177074460153927;-3.537400103408934e-16;-37.93217590213674;37.93217590213674;3.140003546440534;-1.2870215762332577;7.567028669114325
2020-06-01 00:00:00;Madrid;Chirimoya;6.061937821810193;-2.5496214680855394;14.673497111705924;9.51014638569216e-17;-37.932175902136734;37.932175902136734;3.140003546440534;-1.7292302582501842;8.009237351131251
2020-02-01 00:00:00;Murcia;Chirimoya;0.0;0.0;0.0;0.0;0.0;0.0;0.0;0.0;0.0
2020-03-01 00:00:00;Murcia;Chirimoya;0.10316504578233374;-0.32882740841453695;0.5351574999792045;-2.623867641570397;-7.9066248095204354;2.658889526379641;3.7859809324188677e-57;-4.123445135287879;4.123445135287879
2020-04-01 00:00:00;Murcia;Chirimoya;0.2490591396735272;-0.21620741190677753;0.7143256912538319;5.153953867244586;-0.12965549488366968;10.437563229372842;3.7859809324188677e-57;-4.29643304526686;4.29643304526686
2020-05-01 00:00:00;Murcia;Chirimoya;0.07865101926413967;-0.3866169226889854;0.5439189612172648;-2.7147006181018327e-17;-6.1959205420246874;6.1959205420246874;3.7859809324188677e-57;-4.462720475359493;4.462720475359493
2020-06-01 00:00:00;Murcia;Chirimoya;0.03834565153975002;-0.4436666581080609;0.520357961187561;1.2077419396755906e-16;-6.195920542024687;6.195920542024687;3.7859809324188677e-57;-4.623030517952986;4.623030517952986
2020-02-01 00:00:00;Navarra;Chirimoya;0.0;0.0;0.0;0.0;0.0;0.0;0.0;0.0;0.0
2020-03-01 00:00:00;Navarra;Chirimoya;0.0;-1.9651571377830655e-06;1.9651571377830655e-06;0.0;-1.9599639845400543e-05;1.9599639845400543e-05;0.0;-1.9599639845400543e-05;1.9599639845400543e-05
2020-04-01 00:00:00;Navarra;Chirimoya;0.0;-2.779151876447103e-06;2.779151876447103e-06;0.0;-1.9599639845400543e-05;1.9599639845400543e-05;0.0;-2.771807648699356e-05;2.771807648699356e-05
2020-05-01 00:00:00;Navarra;Chirimoya;0.0;-3.403752007496899e-06;3.403752007496899e-06;0.0;-1.9599639845400543e-05;1.9599639845400543e-05;0.0;-3.3947572022285156e-05;3.3947572022285156e-05
2020-06-01 00:00:00;Navarra;Chirimoya;0.0;-3.930314275566127e-06;3.930314275566127e-06;0.0;-1.9599639845400543e-05;1.9599639845400543e-05;0.0;-3.9199279690801086e-05;3.9199279690801086e-05
2020-02-01 00:00:00;Pais vasco;Chirimoya;0.0;0.0;0.0;0.0;0.0;0.0;0.0;0.0;0.0
2020-03-01 00:00:00;Pais vasco;Chirimoya;0.3749461520501973;-0.4302098399102774;1.180102144010672;0.0;-1.9599639845400543e-05;1.9599639845400543e-05;7.68275510341123e-58;-1.787205983969563;1.787205983969563
2020-04-01 00:00:00;Pais vasco;Chirimoya;0.0937400169740924;-0.6916123744802778;0.8790924084284626;0.0;-1.9599639845400543e-05;1.9599639845400543e-05;7.68275510341123e-58;-1.8225996441287675;1.8225996441287675
2020-05-01 00:00:00;Pais vasco;Chirimoya;-0.44518469621919254;-1.2364231942909165;0.34605380185253143;4.5;4.499980400360155;4.500019599639845;7.68275510341123e-58;-1.8573189538741062;1.8573189538741062
2020-06-01 00:00:00;Pais vasco;Chirimoya;0.1464609418211228;-0.6352222514057758;0.9281441350480214;0.0;-1.9599639845400543e-05;1.9599639845400543e-05;7.68275510341123e-58;-1.8914010495031714;1.8914010495031714
2020-02-01 00:00:00;Valencia;Chirimoya;0.0;0.0;0.0;0.0;0.0;0.0;0.0;0.0;0.0
2020-03-01 00:00:00;Valencia;Chirimoya;0.4681153955057484;-2.872976714354158;3.8092075053656544;13.939063780092678;-16.499002553228543;44.3771301134139;1.7317825444026836e-10;-7.2386970400563975;7.238697040402753
2020-04-01 00:00:00;Valencia;Chirimoya;1.4633442470379974;-2.4752059407149387;5.4018944347909335;26.454082038326394;-9.989008175653385;62.89717225230618;1.7317825444026836e-10;-8.129072289040499;8.129072289386857
2020-05-01 00:00:00;Valencia;Chirimoya;2.217452520037923;-1.916030264400709;6.350935304476556;38.62;-1.950604493526825;79.19060449352682;1.7317825444026836e-10;-8.931119623160447;8.931119623506804
2020-06-01 00:00:00;Valencia;Chirimoya;-0.5770145791331154;-4.8572613083207745;3.703232150054544;1.5619111733763696e-15;-40.57060449352682;40.57060449352682;1.7317825444026836e-10;-9.666849495361975;9.666849495708332
2020-02-01 00:00:00;Nacional;Frutas iv gama;12308.85;12308.85;12308.85;23770.86;23770.86;23770.86;1.93;1.93;1.93
2020-03-01 00:00:00;Nacional;Frutas iv gama;11920.300414623473;8542.167773201601;15298.433056045344;27502.56430955915;20976.356007926785;34028.77261119152;1.899395429622375;-1958.0646194856827;1961.8634103449276
2020-04-01 00:00:00;Nacional;Frutas iv gama;11745.018998970205;7639.18994823056;15850.84804970985;31924.538998609325;16442.809018539287;47406.26897867936;1.9152451059514402;-1315.1138555359241;1318.9443457478271
2020-05-01 00:00:00;Nacional;Frutas iv gama;11572.314999456192;6866.478258151396;16278.151740760986;37163.11455551487;9638.057658967118;64688.17145206262;1.915764071256465;-1531.9184528653618;1535.7499810078748
2020-06-01 00:00:00;Nacional;Frutas iv gama;11402.150516604583;6179.352123012935;16624.94891019623;43367.756815584085;411.16645844270533;86324.34717272547;1.9213597480660147;-1464.758381754683;1468.6011012508147
2020-02-01 00:00:00;Andalucia;Frutas iv gama;2205.54;2205.54;2205.54;4176.07;4176.07;4176.07;1.89;1.89;1.89
2020-03-01 00:00:00;Andalucia;Frutas iv gama;2146.474403226155;1220.5756388692653;3072.373167583045;4365.898322619721;1972.6771665068509;6759.11947873259;1.8083229567506192;-1958.1556824730756;1961.7723283865766
2020-04-01 00:00:00;Andalucia;Frutas iv gama;2107.894189846692;1102.0676428184165;3113.7207368749673;4523.137565021708;870.4956783106672;8175.779451732748;1.9073589610074457;-224.8012083673159;228.6159262893308
2020-05-01 00:00:00;Andalucia;Frutas iv gama;2070.0074079202977;992.70280875957;3147.3120070810255;4616.962900722997;135.55300469155372;9098.37279675444;1.8044370052169707;-2219.295526571618;2222.9044005820524
2020-06-01 00:00:00;Andalucia;Frutas iv gama;2032.801593877231;890.7950530247015;3174.8081347297602;4670.3536363568055;-350.9214309361114;9691.628703649723;1.9272479773714812;-508.86748617947256;512.7219821342155
2020-02-01 00:00:00;Aragon;Frutas iv gama;329.25;329.25;329.25;721.27;721.27;721.27;2.19;2.19;2.19
2020-03-01 00:00:00;Aragon;Frutas iv gama;323.7564636206989;141.60932612935252;505.9036011120453;812.2973722399909;-1168.6886857956736;2793.2834302756555;1.8632951502134194;-1958.1008022144922;1961.827392514919
2020-04-01 00:00:00;Aragon;Frutas iv gama;317.899318634315;123.34589613662416;512.4527411320059;701.1402905776843;359.25337969160256;1043.027201463766;2.132467126494575;-443.1350001517568;447.399934404746
2020-05-01 00:00:00;Aragon;Frutas iv gama;312.14813646642705;106.34016422468403;517.9561087081701;809.5275329867751;-1360.478936487857;2979.534002461407;1.9386447153108106;-1628.8502771579397;1632.7275665885613
2020-06-01 00:00:00;Aragon;Frutas iv gama;306.5010001218215;90.39628120218305;522.6057190414599;679.7189641543351;96.26719198680951;1263.1707363218607;2.104684242146094;-715.8839769018927;720.0933453861848
2020-02-01 00:00:00;Asturias;Frutas iv gama;366.5;366.5;366.5;722.38;722.38;722.38;1.97;1.97;1.97
2020-03-01 00:00:00;Asturias;Frutas iv gama;364.27777326358085;175.59908018989918;552.9564663372626;696.8007166985175;-1288.6195575056277;2682.2209909026624;1.9831897447524445;-1957.9809005340644;1961.9472800235694
2020-04-01 00:00:00;Asturias;Frutas iv gama;362.10182720434653;170.32480325438766;553.8788511543054;704.7180252970584;-170.00460801743213;1579.4406586115488;1.984405972736381;-2456.587891578809;2460.556703524282
2020-05-01 00:00:00;Asturias;Frutas iv gama;359.9388787573746;165.14882704143253;554.7289304733167;695.0025822563089;-821.8033175725961;2211.8084820852137;1.9825618558882503;-2581.3056656716044;2585.2707893833813
2020-06-01 00:00:00;Asturias;Frutas iv gama;357.78885028382666;160.06675123759968;555.5109493300537;695.6530362864509;-444.02292376512275;1835.3289963380244;1.9799378770454823;-2610.365866242424;2614.325741996515
2020-02-01 00:00:00;Baleares;Frutas iv gama;483.89;483.89;483.89;778.8;778.8;778.8;1.61;1.61;1.61
2020-03-01 00:00:00;Baleares;Frutas iv gama;485.0696850470802;196.15700589616512;773.9823641979954;510.3131669591105;-1503.410421600354;2524.036755518575;1.4331563682042263;-1958.5308686941853;1961.3971814305937
2020-04-01 00:00:00;Baleares;Frutas iv gama;489.57026940625894;191.9010850274338;787.2394537850842;685.9584576723062;-250.156670265917;1622.0735856105293;1.3068246729487758;-3283.7901222135365;3286.4037715594336
2020-05-01 00:00:00;Baleares;Frutas iv gama;494.11261118751224;187.78091823416833;800.4443041408562;597.0453955390932;-1018.7357278707233;2212.82651894891;1.2153874884248568;-4171.566111771085;4173.996886747936
2020-06-01 00:00:00;Baleares;Frutas iv gama;498.6970978254839;183.7863015069458;813.6078941440221;671.1171139622228;-551.1750639156327;1893.4092918400784;1.148073537313734;-4757.988693187673;4760.284840262299
2020-02-01 00:00:00;Canarias;Frutas iv gama;592.37;592.37;592.37;957.38;957.38;957.38;1.62;1.62;1.62
2020-03-01 00:00:00;Canarias;Frutas iv gama;576.9238510868521;166.11132800169764;987.7363741720065;950.0110118815904;-1085.1083746446552;2985.1303984078363;1.7060663760942056;-1958.2579694344913;1961.6701021866797
2020-04-01 00:00:00;Canarias;Frutas iv gama;562.9283889880074;38.51485629135709;1087.3419216846578;923.634768375443;-1187.1887332822294;3034.4582700331152;1.6583970734488385;-749.1249229598952;752.4417171067928
2020-05-01 00:00:00;Canarias;Frutas iv gama;549.2724395631338;-64.04645749540418;1162.5913366216719;902.8463909706484;-1172.063233862324;2977.756015803621;1.6935231072099015;-1501.6498381011952;1505.0368843156152
2020-06-01 00:00:00;Canarias;Frutas iv gama;535.9477666528983;-151.41133720446123;1223.3068705102578;882.6736529904017;-1154.0467956342256;2919.3941016150293;1.6774096222959334;-1039.8971335985045;1043.2519528430964
2020-02-01 00:00:00;Cantabria;Frutas iv gama;137.9;137.9;137.9;288.36;288.36;288.36;2.09;2.09;2.09
2020-03-01 00:00:00;Cantabria;Frutas iv gama;135.65693759473646;4.0514729754522705;267.26240221402065;22.65290660339099;-1944.0895957134348;1989.3954089202166;2.0751978170367753;-1957.8888341615768;1962.0392297956503
2020-04-01 00:00:00;Cantabria;Frutas iv gama;133.53903308999134;-10.14968800321492;277.2277541831976;613.244113266521;-1896.9884807087994;3123.4767072418417;2.101217311953355;-1334.390800636781;1338.5932352606878
2020-05-01 00:00:00;Cantabria;Frutas iv gama;131.45419375368323;-23.04448953685207;285.95287704421855;-730.6116779254687;-8304.974395314775;6843.751039463838;2.114100343707354;-1552.6917136810305;1556.9199143684452
2020-06-01 00:00:00;Cantabria;Frutas iv gama;129.40190336548147;-34.8947026854496;293.69850941641255;2296.0579110331373;-12938.093029758038;17530.20885182431;2.1314274447722052;-1496.8556081796276;1501.118463069172
2020-02-01 00:00:00;Castilla la mancha;Frutas iv gama;342.09;342.09;342.09;629.09;629.09;629.09;1.84;1.84;1.84
2020-03-01 00:00:00;Castilla la mancha;Frutas iv gama;342.26705518801907;-3.779344779295343;688.3134551553335;815.4417356432913;-1192.8177601201037;2823.7012314066865;1.8023498984864932;-1958.1617220074477;1961.7664218044206
2020-04-01 00:00:00;Castilla la mancha;Frutas iv gama;336.95099122698616;-22.087135038428528;695.9891174924009;677.0995379644337;-217.12896305462448;1571.3280389834918;1.8208378522704378;-1768.1958908528443;1771.8375665573851
2020-05-01 00:00:00;Castilla la mancha;Frutas iv gama;331.7174959374319;-39.478272005589076;702.9132638804529;726.4527008320052;-766.7406645748646;2219.646066238875;1.833581618710562;-1802.3983608008582;1806.0655240382791
2020-06-01 00:00:00;Castilla la mancha;Frutas iv gama;326.5652868694913;-56.04493196856117;709.1755057075437;666.2259377855485;-437.28673681353416;1769.738612384631;1.8470311765477847;-1813.3438166508147;1817.0378790039101
2020-02-01 00:00:00;Castilla leon;Frutas iv gama;585.23;585.23;585.23;1177.65;1177.65;1177.65;2.01;2.01;2.01
2020-03-01 00:00:00;Castilla leon;Frutas iv gama;566.2585082723103;315.6722514091208;816.8447651354999;1075.191171287451;-919.5947101713612;3069.9770527462633;1.440923232259534;-1958.523089767845;1961.4049362323642
2020-04-01 00:00:00;Castilla leon;Frutas iv gama;547.5029760584952;253.83073740409623;841.1752147128941;1113.8776870331715;345.3969603496462;1882.3584137166968;2.1586090218782243;-405.5686125515778;409.8858305953343
2020-05-01 00:00:00;Castilla leon;Frutas iv gama;529.368661863455;200.48325304467767;858.2540706822324;1062.1720718236113;-485.7311602062632;2610.075303853486;1.313292370571181;-2480.669212260697;2483.295797001839
2020-06-01 00:00:00;Castilla leon;Frutas iv gama;511.8349897940374;153.1433663739515;870.5266132141234;1069.9989379269282;35.37839973140353;2104.619476122453;2.3669183266616103;-1012.6315205214711;1017.3653571747942
2020-02-01 00:00:00;Cataluña;Frutas iv gama;2178.47;2178.47;2178.47;4563.89;4563.89;4563.89;2.09;2.09;2.09
2020-03-01 00:00:00;Cataluña;Frutas iv gama;2130.2441720625534;1558.9798590874327;2701.5084850376743;4766.038062961736;2452.804301897199;7079.271824026273;2.0983887897899405;-1957.865612507206;1962.0623900867856
2020-04-01 00:00:00;Cataluña;Frutas iv gama;2082.8905912827536;1281.7069769764087;2884.0742055890987;4753.839673287466;1553.7672407009927;7953.91210587394;2.10885862414256;-1625.7841054935845;1630.0018227418698
2020-05-01 00:00:00;Cataluña;Frutas iv gama;2036.5896417656404;1065.2120416459697;3007.967241885311;4679.169085832353;995.2631974645137;8363.074974200192;2.1190236013987964;-1693.1870749998684;1697.425122202666
2020-06-01 00:00:00;Cataluña;Frutas iv gama;1991.3179243815823;881.3672020756153;3101.2686466875493;4587.354404927532;556.0388103708951;8618.66999948417;2.1292997981775446;-1691.0171519698229;1695.2757515661779
2020-02-01 00:00:00;Extremadura;Frutas iv gama;266.7;266.7;266.7;405.18;405.18;405.18;1.52;1.52;1.52
2020-03-01 00:00:00;Extremadura;Frutas iv gama;266.21710664611527;-268.43029458588757;800.864507878118;692.1554189176289;-1508.7023706111172;2893.0132084463753;1.5071900939997933;-1958.456845347936;1961.4712255359354
2020-04-01 00:00:00;Extremadura;Frutas iv gama;262.7662148948409;-279.6578128570642;805.190242646746;446.9330758424326;-570.2750969797429;1464.1412486646082;1.494327984332947;-2051.1272832316167;2054.1159392002824
2020-05-01 00:00:00;Extremadura;Frutas iv gama;259.36005600851666;-290.534538351659;809.2546503686924;676.2534063082676;-1397.4623262543919;2749.969138870927;1.4815666994302832;-2039.7162775273785;2042.679410926239
2020-06-01 00:00:00;Extremadura;Frutas iv gama;255.9980501285579;-301.07835189565367;813.0744521527695;468.31166314426076;-565.9618629446661;1502.5851892331877;1.4689138946499183;-2022.6375595466252;2025.575387335925
2020-02-01 00:00:00;Galicia;Frutas iv gama;599.96;599.96;599.96;1247.69;1247.69;1247.69;2.08;2.08;2.08
2020-03-01 00:00:00;Galicia;Frutas iv gama;568.9690346328335;125.37688775295709;1012.5611815127099;633.2877636204396;-1453.8937279987401;2720.469255239619;2.0435322888429788;-1957.920509359908;1962.0075739375939
2020-04-01 00:00:00;Galicia;Frutas iv gama;541.4717527873661;16.718149543095592;1066.2253560316367;1651.9217408575837;-207.94638847679607;3511.7898701919635;2.0670672992619936;-417.42416218707547;421.5582967855995
2020-05-01 00:00:00;Galicia;Frutas iv gama;515.3033666512706;-73.37803667743435;1103.9847699799757;-255.33349043917042;-5385.087581242848;4874.420600364507;2.0435318714355213;-1623.3815820782727;1627.4686458211438
2020-06-01 00:00:00;Galicia;Frutas iv gama;490.39965301091047;-150.7021608446663;1131.5014668664871;3086.3320544784556;-4315.212541898907;10487.876650855818;2.0569343819626615;-674.5060706112946;678.6199393752198
2020-02-01 00:00:00;La rioja;Frutas iv gama;52.36;52.36;52.36;71.33;71.33;71.33;1.36;1.36;1.36
2020-03-01 00:00:00;La rioja;Frutas iv gama;47.0035379570724;-12.263536674864035;106.27061258900883;50.33232917021983;-1911.1731262998412;2011.8377846402807;2.008764570998652;-1957.9556756897143;1961.9732048317117
2020-04-01 00:00:00;La rioja;Frutas iv gama;42.20090955402657;-20.497902731134353;104.89972183918749;63.80265099970221;-1043.9845085889385;1171.5898105883427;1.1213812830902916;-651.5233030808057;653.7660656469862
2020-05-01 00:00:00;La rioja;Frutas iv gama;37.88899399048673;-27.44501874245784;103.2230067234313;29.08484990458826;-3128.9994549948583;3187.169154804035;2.2708882427310066;-2795.105983765264;2799.647760250726
2020-06-01 00:00:00;La rioja;Frutas iv gama;34.01765224451578;-33.365587757608814;101.40089224664038;66.04752415347976;-3143.82957307349;3275.924621380449;0.7199849331975106;-1789.89797620796;1791.3379460743552
2020-02-01 00:00:00;Madrid;Frutas iv gama;1441.36;1441.36;1441.36;2947.37;2947.37;2947.37;2.04;2.04;2.04
2020-03-01 00:00:00;Madrid;Frutas iv gama;1449.1227207353572;613.7736043797586;2284.471837090956;2950.554029824253;347.17795658532395;5553.930103063182;1.9247994097899035;-1958.0393441420724;1961.8889429616524
2020-04-01 00:00:00;Madrid;Frutas iv gama;1445.008503398473;581.8678919946395;2308.1491148023065;2930.293009954943;1102.2386602149845;4758.347359694902;1.9877976361979455;-848.5628142139351;852.5384094863309
2020-05-01 00:00:00;Madrid;Frutas iv gama;1440.9059667729964;550.9915707514527;2330.82036279454;2927.721829482741;180.13891131844093;5675.304747647042;1.9500533803484044;-1474.4475867340034;1478.3476934947003
2020-06-01 00:00:00;Madrid;Frutas iv gama;1436.8150776961147;521.0545110638851;2352.5756443283444;2911.911442908086;458.4600438993821;5365.36284191679;1.9692649433573648;-1119.2539805815977;1123.1925104683123
2020-02-01 00:00:00;Murcia;Frutas iv gama;264.56;264.56;264.56;602.39;602.39;602.39;2.28;2.28;2.28
2020-03-01 00:00:00;Murcia;Frutas iv gama;246.23360188812023;28.304466943556065;464.1627368326844;627.7365009974184;-1349.0032983908295;2604.476300385666;2.306001022429337;-1957.6581011602138;1962.2701032050727
2020-04-01 00:00:00;Murcia;Frutas iv gama;229.185443024519;-63.4785862585878;521.8494723076258;644.034996244936;-2007.2459418298808;3295.3159343197526;2.3344014477746198;-1953.844719283695;1958.513522179244
2020-05-01 00:00:00;Murcia;Frutas iv gama;213.3176255863364;-131.22603000713102;557.8612811798038;657.6316900040454;-2260.1858659395184;3575.4492459476087;2.363121691716147;-1978.2804319621055;1983.0066753455376
2020-06-01 00:00:00;Murcia;Frutas iv gama;198.54842779401216;-185.3126046162014;582.4094602042258;670.5347790238674;-2386.2350999321784;3727.3046579799134;2.392195708507421;-2002.6140061285087;2007.3983975455235
2020-02-01 00:00:00;Navarra;Frutas iv gama;232.56;232.56;232.56;445.59;445.59;445.59;1.92;1.92;1.92
2020-03-01 00:00:00;Navarra;Frutas iv gama;228.85842884387225;54.35562602219409;403.3612316655504;416.5504033564754;-1576.740545316561;2409.8413520295117;1.5943670832067753;-1958.3697341797358;1961.5584683461495
2020-04-01 00:00:00;Navarra;Frutas iv gama;225.46702640944707;32.845212934955924;418.08883988393825;428.5463079194765;-974.2781656010845;1831.3707814400375;1.298392131454417;-3856.0799643890196;3858.6767486519284
2020-05-01 00:00:00;Navarra;Frutas iv gama;222.12588041753236;13.416964705729583;430.83479612933513;428.55095769689376;-1176.6257736117323;2033.7276890055196;1.0278611607158656;-5712.877918052231;5714.933640373662
2020-06-01 00:00:00;Navarra;Frutas iv gama;218.8342461290231;-4.382532587666134;442.0510248457123;432.486108885551;-1120.161337977747;1985.133555748849;0.7789922669703906;-7549.111380461001;7550.669364994943
2020-02-01 00:00:00;Pais vasco;Frutas iv gama;842.93;842.93;842.93;1486.31;1486.31;1486.31;1.76;1.76;1.76
2020-03-01 00:00:00;Pais vasco;Frutas iv gama;815.1333126986424;-148.84319677679844;1779.109822174083;1446.2408179734207;-1010.4140936304029;3902.8957295772443;1.7393041177765582;-1958.2247833010306;1961.7033915365837
2020-04-01 00:00:00;Pais vasco;Frutas iv gama;804.4949216718518;-215.30235640863293;1824.2921997523365;1418.530870618318;-1342.4463334978848;4179.508074734521;1.7335816753049527;-3502.9298108858575;3506.396974236467
2020-05-01 00:00:00;Pais vasco;Frutas iv gama;793.995373410871;-277.3825613253291;1865.3733081470712;1390.9868465747413;-1674.8478411730694;4456.821534322552;1.7395356856241018;-4732.133624749848;4735.612696121097
2020-06-01 00:00:00;Pais vasco;Frutas iv gama;783.6328558640874;-335.7052290973912;1902.9709408255662;1363.9893705699183;-1967.626856094117;4695.605597233954;1.7546577885947194;-5721.9758926345785;5725.485208211769
2020-02-01 00:00:00;Valencia;Frutas iv gama;1387.19;1387.19;1387.19;2550.11;2550.11;2550.11;1.84;1.84;1.84
2020-03-01 00:00:00;Valencia;Frutas iv gama;1355.5174165736562;595.3197889851698;2115.7150441621425;2446.8292804516846;295.1360169566133;4598.522543946756;1.8550910905644762;-1958.1089568117418;1961.8191389928706
2020-04-01 00:00:00;Valencia;Frutas iv gama;1324.334062747653;258.26563830540294;2390.402487189903;2401.2998700033604;304.4390476456697;4498.160692361051;1.866925212857786;-2404.269370209524;2408.00322063524
2020-05-01 00:00:00;Valencia;Frutas iv gama;1293.8680745150007;1.7001383740771416;2586.036010655924;2357.1011366975486;240.19690904194385;4474.005364353154;1.878086791975481;-2514.772575094253;2518.528748678204
2020-06-01 00:00:00;Valencia;Frutas iv gama;1264.1029490518722;-211.92013524515983;2740.1260333489045;2313.695246755278;180.62915636651178;4446.761337144044;1.8891492885260666;-2550.9022528263117;2554.6805514033636
2020-02-01 00:00:00;Nacional;Patatas fritas;4356.28;4356.28;4356.28;27297.32;27297.32;27297.32;6.27;6.27;6.27
2020-03-01 00:00:00;Nacional;Patatas fritas;4331.545647438922;3841.452898924502;4821.638395953342;26840.905462632025;23451.91863632516;30229.89228893889;6.2438338595279275;6.070859078240728;6.416808640815127
2020-04-01 00:00:00;Nacional;Patatas fritas;4339.152260929639;3849.0083075921566;4829.296214267121;26815.909572201348;23401.332381433345;30230.48676296935;6.246793187330831;6.073812859241125;6.4197735154205375
2020-05-01 00:00:00;Nacional;Patatas fritas;4346.772232370036;3856.5768995873195;4836.967565152753;26826.274182134985;23410.238143931503;30242.310220338466;6.249753917736886;6.076768037763612;6.422739797710159
2020-06-01 00:00:00;Nacional;Patatas fritas;4354.405585217967;3864.158697790165;4844.652472645769;26839.54280230548;23423.267679969606;30255.817924641357;6.25271605141087;6.079724614468472;6.425707488353267
2020-02-01 00:00:00;Andalucia;Patatas fritas;963.52;963.52;963.52;5750.59;5750.59;5750.59;5.97;5.97;5.97
2020-03-01 00:00:00;Andalucia;Patatas fritas;942.463077975696;837.3895215323323;1047.5366344190597;5594.897267384608;4900.411074827015;6289.383459942202;5.922930335375235;5.8242055443441965;6.021655126406274
2020-04-01 00:00:00;Andalucia;Patatas fritas;944.6639524504735;839.5756257944914;1049.7522791064557;5594.872165614894;4896.809969813159;6292.934361416628;5.9190988843218415;5.820377795211606;6.017819973432077
2020-05-01 00:00:00;Andalucia;Patatas fritas;946.8699664883458;841.7668026455581;1051.9731303311335;5603.726377118531;4905.431444431964;6302.021309805097;5.915269911774246;5.8165525199354855;6.013987303613006
2020-06-01 00:00:00;Andalucia;Patatas fritas;949.0811320914097;843.963063793163;1054.1992003896564;5613.101083292634;4914.710887607881;6311.491278977387;5.911443416129141;5.8127297169182;6.010157115340082
2020-02-01 00:00:00;Aragon;Patatas fritas;83.62;83.62;83.62;551.22;551.22;551.22;6.59;6.59;6.59
2020-03-01 00:00:00;Aragon;Patatas fritas;96.19641126840777;76.87954432269187;115.51327821412367;607.4280039982128;497.68509305399243;717.1709149424332;6.2932032080999045;5.78406540129177;6.802341014908039
2020-04-01 00:00:00;Aragon;Patatas fritas;96.230843786073;76.91347236246398;115.54821520968201;603.832553416462;494.24655178302004;713.418555049904;6.270834126710103;5.761799529116882;6.7798687243033235
2020-05-01 00:00:00;Aragon;Patatas fritas;96.26528862850436;76.9474123789806;115.58316487802813;602.1204365498154;492.54558004572584;711.695293053905;6.248544555831193;5.739612455754261;6.757476655908126
2020-06-01 00:00:00;Aragon;Patatas fritas;96.2997458001134;76.98136437642194;115.61812722380486;600.3545255530868;490.7968387788803;709.9122123272932;6.226334212844447;5.717503903355103;6.7351645223337915
2020-02-01 00:00:00;Asturias;Patatas fritas;83.3;83.3;83.3;514.6;514.6;514.6;6.18;6.18;6.18
2020-03-01 00:00:00;Asturias;Patatas fritas;64.58015915122625;46.00353150975201;83.1567867927005;446.1799739048705;336.3067210733283;556.0532267364127;6.848006473898618;6.013687842428463;7.682325105368773
2020-04-01 00:00:00;Asturias;Patatas fritas;64.4522499514393;45.87774463155657;83.02675527132203;441.13169503825065;330.36779912969104;551.8955909468102;6.871551782196514;6.037059187589225;7.706044376803803
2020-05-01 00:00:00;Asturias;Patatas fritas;64.32459409205295;45.75220293611912;82.89698524798678;441.18440567995236;330.3633029796255;552.0055083802793;6.8951780456665395;6.060510326233683;7.729845765099396
2020-06-01 00:00:00;Asturias;Patatas fritas;64.19719107129438;45.62690595212667;82.7674761904621;441.64818902824936;330.81411295467865;552.4822651018201;6.91888554265459;6.084041529188648;7.753729556120533
2020-02-01 00:00:00;Baleares;Patatas fritas;124.74;124.74;124.74;894.72;894.72;894.72;7.17;7.17;7.17
2020-03-01 00:00:00;Baleares;Patatas fritas;136.30919151162635;92.54396520709685;180.07441781615586;943.8889896652171;588.4754026685291;1299.302576661905;6.886353285792932;6.290043877685158;7.482662693900706
2020-04-01 00:00:00;Baleares;Patatas fritas;137.3881527397672;93.60108010111543;181.175225378419;955.446142999102;600.3829860612337;1310.5092999369704;6.9448081784982385;6.348179226669477;7.541437130327
2020-05-01 00:00:00;Baleares;Patatas fritas;138.4756545315995;94.66639949403812;182.2849095691609;971.6069270164198;615.4898055221365;1327.7240485107031;7.003759266263453;6.406805498235503;7.600713034291402
2020-06-01 00:00:00;Baleares;Patatas fritas;139.57176449031994;95.73998598766798;183.4035429929719;987.5263340503957;630.7518333884808;1344.3008347123105;7.063210761046309;6.465926820187414;7.660494701905205
2020-02-01 00:00:00;Canarias;Patatas fritas;139.9;139.9;139.9;824.41;824.41;824.41;5.89;5.89;5.89
2020-03-01 00:00:00;Canarias;Patatas fritas;130.9530478874814;90.31888603492125;171.58720974004154;733.6694095798701;446.84348857454574;1020.4953305851946;6.014565386617313;5.3147922132247265;6.7143385600099
2020-04-01 00:00:00;Canarias;Patatas fritas;130.5702645453456;83.85766498226607;177.28286410842512;763.5435524816601;453.7699913322472;1073.317113631073;6.023862014323708;5.324024219702887;6.723699808944529
2020-05-01 00:00:00;Canarias;Patatas fritas;130.18860010108486;78.131905490604;182.24529471156572;750.3388553335328;393.5008891034924;1107.1768215635732;6.033173011694601;5.333270401917062;6.733075621472141
2020-06-01 00:00:00;Canarias;Patatas fritas;129.80805128409594;72.93406171383927;186.6820408543526;752.5287234705355;363.4369172664165;1141.6205296746546;6.042498400940978;5.342530781513739;6.742466020368218
2020-02-01 00:00:00;Cantabria;Patatas fritas;36.4;36.4;36.4;270.43;270.43;270.43;7.43;7.43;7.43
2020-03-01 00:00:00;Cantabria;Patatas fritas;35.788051454398854;23.130308031950587;48.44579487684712;278.51728625496776;198.81352951759823;358.2210429923373;7.203410961248124;6.487436173590403;7.919385748905844
2020-04-01 00:00:00;Cantabria;Patatas fritas;35.905050847724326;19.061046154989103;52.74905554045955;285.4923478666724;190.10682295931284;380.87787277403197;7.276619003273494;6.560178529454452;7.993059477092535
2020-05-01 00:00:00;Cantabria;Patatas fritas;36.022432739047936;15.822646779599335;56.22221869849653;291.86220969414876;189.84568874278253;393.878730645515;7.350571056357794;6.633655694598669;8.06748641811692
2020-06-01 00:00:00;Cantabria;Patatas fritas;36.14019837884385;13.050019906741067;59.23037685094663;297.92289297508444;192.55014579701444;403.2956401531544;7.425274681862325;6.707875054625216;8.142674309099434
2020-02-01 00:00:00;Castilla la mancha;Patatas fritas;197.78;197.78;197.78;1208.48;1208.48;1208.48;6.11;6.11;6.11
2020-03-01 00:00:00;Castilla la mancha;Patatas fritas;213.55352362092012;165.2604740447943;261.8465731970459;1298.7916337425663;958.6859122551318;1638.8973552300008;6.077480128053711;5.694803301731948;6.460156954375474
2020-04-01 00:00:00;Castilla la mancha;Patatas fritas;214.57871729571917;166.27143303072395;262.8860015607144;1304.8344716096053;965.2174944186892;1644.4514488005216;6.095361273448472;5.712616566032241;6.4781059808647035
2020-05-01 00:00:00;Castilla la mancha;Patatas fritas;215.60883255669967;167.28718085754858;263.93048425585073;1314.5222018951245;974.7160047980512;1654.3283989921977;6.113295028700262;5.7304820523062165;6.496108005094307
2020-06-01 00:00:00;Castilla la mancha;Patatas fritas;216.64389303062708;168.3077399528608;264.98004610839337;1324.1281137673368;984.1713304469716;1664.0848970877018;6.131281548597657;5.748399913193606;6.514163184001707
2020-02-01 00:00:00;Castilla leon;Patatas fritas;180.78;180.78;180.78;1067.04;1067.04;1067.04;5.9;5.9;5.9
2020-03-01 00:00:00;Castilla leon;Patatas fritas;167.2837411982056;130.2162959029954;204.3511864934158;1027.264261195233;778.5055177969534;1276.0230045935127;6.133627990995793;5.84630710974763;6.420948872243955
2020-04-01 00:00:00;Castilla leon;Patatas fritas;168.33744630267628;131.25548319475018;205.41940941060238;1029.568018413804;779.5309024699237;1279.6051343576844;6.120404617366814;5.833118074808223;6.407691159925405
2020-05-01 00:00:00;Castilla leon;Patatas fritas;169.39778859997418;132.3011300002643;206.49444719968406;1033.7224967489599;783.3547219632411;1284.0902715346788;6.10720975176121;5.819957404069947;6.394462099452473
2020-06-01 00:00:00;Castilla leon;Patatas fritas;170.46480989717455;133.35327602140114;207.57634377294795;1037.974330881767;787.3068563458346;1288.6418054176993;6.094043332719066;5.806825036658731;6.3812616287794
2020-02-01 00:00:00;Cataluña;Patatas fritas;826.56;826.56;826.56;5533.87;5533.87;5533.87;6.7;6.7;6.7
2020-03-01 00:00:00;Cataluña;Patatas fritas;820.0947747325725;642.3560524850564;997.8334969800887;5456.2795889264125;4134.088130254413;6778.471047598412;6.62896556463049;6.389555929621785;6.868375199639194
2020-04-01 00:00:00;Cataluña;Patatas fritas;819.4103923372782;641.6803294247311;997.1404552498252;5451.6980721482005;4123.35297037465;6780.043173921751;6.631570478301234;6.392155003131271;6.870985953471197
2020-05-01 00:00:00;Cataluña;Patatas fritas;818.7265810701965;641.0051634668022;996.4479986735909;5451.1343929189825;4122.547357312926;6779.721428525039;6.6341764155970315;6.394755095817643;6.87359773537642
2020-06-01 00:00:00;Cataluña;Patatas fritas;818.0433404547119;640.3305541567115;995.7561267527124;5450.791841795458;4122.196597972852;6779.387085618064;6.636783376920126;6.397356208079861;6.87621054576039
2020-02-01 00:00:00;Extremadura;Patatas fritas;76.57;76.57;76.57;457.91;457.91;457.91;5.98;5.98;5.98
2020-03-01 00:00:00;Extremadura;Patatas fritas;92.67986109627135;65.61595632930361;119.74376586323909;407.7917503468885;288.3111834252651;527.2723172685119;5.955884529777884;5.509241932215257;6.402527127340511
2020-04-01 00:00:00;Extremadura;Patatas fritas;92.19065466959341;65.13477564846555;119.24653369072128;440.6354042712323;312.6951916707504;568.5756168717143;5.9876299491914775;5.5407355006240655;6.4345243977588895
2020-05-01 00:00:00;Extremadura;Patatas fritas;91.704030496763;64.65609506196554;118.75196593156045;400.53564748290495;232.7116654500759;568.359629515734;6.019544574648053;5.5723957272764695;6.466693422019637
2020-06-01 00:00:00;Extremadura;Patatas fritas;91.21997494747075;64.17990175747894;118.26004813746255;424.86514868717495;249.42111062398382;600.309186750366;6.051629308031584;5.604223489670535;6.499035126392633
2020-02-01 00:00:00;Galicia;Patatas fritas;175.82;175.82;175.82;1160.66;1160.66;1160.66;6.6;6.6;6.6
2020-03-01 00:00:00;Galicia;Patatas fritas;174.24875078286823;151.400997162964;197.09650440277247;1139.9060289971853;970.4942383032328;1309.3178196911379;6.4638430306119945;5.851780279926556;7.075905781297433
2020-04-01 00:00:00;Galicia;Patatas fritas;171.09018977031388;137.21630941972126;204.9640701209065;1115.3923524552458;875.3338555195792;1355.4508493909125;6.433547929815277;5.821647218352599;7.045448641277956
2020-05-01 00:00:00;Galicia;Patatas fritas;167.98888315772055;126.1512021627806;209.8265641526605;1092.7784430941772;801.372532024797;1384.1843541635574;6.403394817790245;5.791654672521944;7.015134963058546
2020-06-01 00:00:00;Galicia;Patatas fritas;164.94379310972525;116.6562962373651;213.2312899820854;1070.165235399264;736.6322459716887;1403.6982248268394;6.3733830290559865;5.761801989973929;6.984964068138044
2020-02-01 00:00:00;La rioja;Patatas fritas;15.18;15.18;15.18;102.77;102.77;102.77;6.77;6.77;6.77
2020-03-01 00:00:00;La rioja;Patatas fritas;17.69698369349086;11.92046087688816;23.47350651009356;119.54271549956547;80.12324058553816;158.9621904135928;6.649620192346435;5.321635054025294;7.9776053306675765
2020-04-01 00:00:00;La rioja;Patatas fritas;17.867215717493767;12.087158100456428;23.647273334531107;119.24680377959353;79.8774326117331;158.61617494745397;6.651194519704634;5.323190798082979;7.97919824132629
2020-05-01 00:00:00;La rioja;Patatas fritas;18.039085248910254;12.255426723390226;23.822743774430283;120.66822117885677;81.24972723260635;160.0867151251072;6.652769219791885;5.32474690632954;7.980791533254231
2020-06-01 00:00:00;La rioja;Patatas fritas;18.212608039362532;12.425281301852673;23.999934776872394;121.93309280789737;82.49381904152204;161.3723665742727;6.654344292696433;5.3263033788494125;7.982385206543454
2020-02-01 00:00:00;Madrid;Patatas fritas;579.89;579.89;579.89;3514.48;3514.48;3514.48;6.06;6.06;6.06
2020-03-01 00:00:00;Madrid;Patatas fritas;611.9396517515353;530.051573811132;693.8277296919385;3776.4109032414253;3200.7341684739654;4352.087638008885;6.151484007755433;5.789564550998624;6.513403464512241
2020-04-01 00:00:00;Madrid;Patatas fritas;618.7068152115132;536.7603380865362;700.6532923364903;3812.8856909816127;3237.901036493725;4387.8703454695005;6.156387547323139;5.7944506749393;6.518324419706978
2020-05-01 00:00:00;Madrid;Patatas fritas;625.5488136673326;543.5426815813256;707.5549457533397;3858.612510318572;3283.1454932076476;4434.079527429496;6.161294995655018;5.799340680707972;6.523249310602064
2020-06-01 00:00:00;Madrid;Patatas fritas;632.4664746853197;550.3994057693633;714.533543601276;3904.5436283378713;3328.6449375821967;4480.442319093546;6.166206355866866;5.804234571380035;6.528178140353696
2020-02-01 00:00:00;Murcia;Patatas fritas;138.89;138.89;138.89;861.54;861.54;861.54;6.2;6.2;6.2
2020-03-01 00:00:00;Murcia;Patatas fritas;132.4629278308999;109.83119501455326;155.09466064724654;841.4960303049085;689.7767484150613;993.2153121947556;6.230676303574635;5.63606933452019;6.825283272629079
2020-04-01 00:00:00;Murcia;Patatas fritas;132.05402245459294;109.42629137550398;154.6817535336819;867.5039115028318;680.5415988088519;1054.4662241968117;6.242429847434694;5.647755816539526;6.837103878329863
2020-05-01 00:00:00;Murcia;Patatas fritas;131.64637934546903;109.02262603681362;154.27013265412444;863.8074438008874;631.0216435574929;1096.5932440442818;6.254205563172499;5.659464224791783;6.848946901553214
2020-06-01 00:00:00;Murcia;Patatas fritas;131.23999460698258;108.62019524142248;153.85979397254266;879.4714516650861;616.8512199791235;1142.0916833510487;6.2660034926130646;5.671194600229282;6.860812384996847
2020-02-01 00:00:00;Navarra;Patatas fritas;25.75;25.75;25.75;197.63;197.63;197.63;7.67;7.67;7.67
2020-03-01 00:00:00;Navarra;Patatas fritas;25.28198088562542;8.408999500537181;42.15496227071365;259.7427575966558;143.9486216307028;375.5368935626088;7.395338026613096;6.4902017803836864;8.300474272842507
2020-04-01 00:00:00;Navarra;Patatas fritas;24.61908227942737;1.3003371771386902;47.93782738171605;280.86282192710576;158.17431475835957;403.55132909585194;7.441855813511535;6.5363667578426154;8.347344869180453
2020-05-01 00:00:00;Navarra;Patatas fritas;23.97356500755147;-4.123103992563696;52.07023400766664;290.70666079124686;166.61166630950942;414.8016552729843;7.488666204276105;6.58282002678422;8.39451238176799
2020-06-01 00:00:00;Navarra;Patatas fritas;23.34497332792798;-8.629519347347987;55.31946600320395;297.50443094536956;172.85473743783336;422.15412445290576;7.535771039429069;6.629563376695784;8.441978702162356
2020-02-01 00:00:00;Pais vasco;Patatas fritas;161.19;161.19;161.19;1015.16;1015.16;1015.16;6.3;6.3;6.3
2020-03-01 00:00:00;Pais vasco;Patatas fritas;148.42533686205692;110.3699926331465;186.48068109096735;959.2381800032422;744.4022796678914;1174.074080338593;6.565152245979092;5.802651503401895;7.327652988556288
2020-04-01 00:00:00;Pais vasco;Patatas fritas;147.09624761523094;109.05939509379058;185.1331001366713;964.719530405964;735.5447819760589;1193.894278835869;6.537989203700725;5.775667380609503;7.300311026791947
2020-05-01 00:00:00;Pais vasco;Patatas fritas;145.7790598285153;107.76037808066019;183.7977415763704;944.5376898799824;711.3280867357983;1177.7472930241665;6.510938547371407;5.748794207769192;7.273082886973622
2020-06-01 00:00:00;Pais vasco;Patatas fritas;144.47366692911734;106.4728404456107;182.47449341262399;935.4136292383473;702.2196296026157;1168.607628874079;6.483999811998984;5.722031531093188;7.24596809290478
2020-02-01 00:00:00;Valencia;Patatas fritas;546.38;546.38;546.38;3371.81;3371.81;3371.81;6.17;6.17;6.17
2020-03-01 00:00:00;Valencia;Patatas fritas;525.6089928389378;446.91975264267677;604.2982330351988;3159.3069719451787;2648.3478516882897;3670.2660922020677;6.007992622013453;5.767736276450256;6.24824896757665
2020-04-01 00:00:00;Valencia;Patatas fritas;525.5295442587145;446.840988380714;604.2181001367151;3167.361642860673;2656.587116856015;3678.1361688653305;6.0200322830790896;5.779747130013486;6.260317436144693
2020-05-01 00:00:00;Valencia;Patatas fritas;525.4501076875646;446.7622359269121;604.137979448217;3173.5564983333443;2662.7208177308185;3684.39217893587;6.032096070911801;5.791781998245142;6.27241014357846
2020-06-01 00:00:00;Valencia;Patatas fritas;525.3706831236726;446.683495279513;604.0578709678322;3179.7794208231517;2668.8845884123098;3690.6742532339936;6.044184033860198;5.803840929070774;6.284527138649621
2020-02-01 00:00:00;Nacional;Apio;1856.79;1856.79;1856.79;2821.45;2821.45;2821.45;1.52;1.52;1.52
2020-03-01 00:00:00;Nacional;Apio;1928.1103681433704;-180.1830295813154;4036.4037658680563;2821.45;607.2413725888659;5035.658627411134;1.5608719057131455;1.4839479561331157;1.6377958552931753
2020-04-01 00:00:00;Nacional;Apio;1914.843643456727;-803.6043377496785;4633.291624663132;2821.45;-309.913870808341;5952.813870808341;1.5589728156720304;1.4617803062276635;1.6561653251163972
2020-05-01 00:00:00;Nacional;Apio;1917.3114656019713;-1337.027889165249;5171.650820369192;2821.45;-1013.6718412334299;6656.57184123343;1.5684416005019661;1.4711476681161533;1.665735532887779
2020-06-01 00:00:00;Nacional;Apio;1916.8524113678325;-1790.318814511894;5624.023637247559;2821.45;-1606.967254822268;7249.867254822268;1.5779678962039672;1.480571412657363;1.6753643797505713
2020-02-01 00:00:00;Andalucia;Apio;324.8;324.8;324.8;499.66;499.66;499.66;1.54;1.54;1.54
2020-03-01 00:00:00;Andalucia;Apio;361.44269744858894;-1606.7184673740992;2329.603862271277;499.66;-1474.850576868365;2474.170576868365;1.6177606889908411;1.3477818578615883;1.887739520120094
2020-04-01 00:00:00;Andalucia;Apio;346.9974335829749;-1954.127311897452;2648.1221790634017;499.66;-2292.719636856366;3292.0396368563656;1.66193626219647;1.3704408088249946;1.9534317155679453
2020-05-01 00:00:00;Andalucia;Apio;352.6920374925255;-2393.1429049445933;3098.526979929644;499.66;-2920.2926392181416;3919.6126392181413;1.6763235901141593;1.384518209415793;1.9681289708125256
2020-06-01 00:00:00;Andalucia;Apio;350.447113897612;-2721.5703919035377;3422.4646196987615;499.66;-3449.36115373673;4448.68115373673;1.6908354686595228;1.3987151087918648;1.9829558285271809
2020-02-01 00:00:00;Aragon;Apio;118.15;118.15;118.15;147.4;147.4;147.4;1.25;1.25;1.25
2020-03-01 00:00:00;Aragon;Apio;111.97082194327128;-1860.791731463667;2084.7333753502094;147.4;-1828.5054027567417;2123.305402756742;1.3990881962574955;1.1213429698497173;1.6768334226652737
2020-04-01 00:00:00;Aragon;Apio;115.55937847116205;-2023.56548307577;2254.684240018094;147.4;-2646.952218544857;2941.752218544857;1.3823083328018302;1.1023798657859185;1.6622367998177419
2020-05-01 00:00:00;Aragon;Apio;113.47532492299726;-2494.8226894858603;2721.7733393318545;147.4;-3274.968548524522;3569.768548524522;1.3929581858487423;1.1129232183811695;1.6729931533163152
2020-06-01 00:00:00;Aragon;Apio;114.68563864046601;-2718.42626537006;2947.797542650992;147.4;-3804.4108055134834;4099.210805513483;1.4036900895982578;1.1235470157456784;1.6838331634508372
2020-02-01 00:00:00;Asturias;Apio;21.81;21.81;21.81;32.33;32.33;32.33;1.48;1.48;1.48
2020-03-01 00:00:00;Asturias;Apio;23.044464407440383;-1937.0340620135862;1983.1229908284668;32.33;-1927.9357416301275;1992.5957416301273;1.7373174167694918;0.6310481063208178;2.843586727218166
2020-04-01 00:00:00;Asturias;Apio;22.600178001248796;-2304.6373383729087;2349.8376943754065;32.33;-2739.90439766868;2804.5643976686797;1.5891213440999992;0.44510482598823997;2.733137862211758
2020-05-01 00:00:00;Asturias;Apio;22.760077638319675;-2750.630927980213;2796.1510832568524;32.33;-3362.949860840067;3427.6098608400666;1.5472019267316695;0.40399732957288514;2.690406523890454
2020-06-01 00:00:00;Asturias;Apio;22.70252941361803;-3091.784061166997;3137.189119994233;32.33;-3888.201483260255;3952.8614832602548;1.5063883012898183;0.36395388749649826;2.6488227150831385
2020-02-01 00:00:00;Baleares;Apio;43.88;43.88;43.88;64.93;64.93;64.93;1.48;1.48;1.48
2020-03-01 00:00:00;Baleares;Apio;47.676032026709635;-1912.6596525583018;2008.011716611721;64.93;-1896.2340332908395;2026.0940332908397;1.5665370893543435;1.0241378407624702;2.1089363379462167
2020-04-01 00:00:00;Baleares;Apio;46.56587338666301;-2354.844235980686;2447.975982754012;64.93;-2708.574773918225;2838.434773918225;1.5763510154425462;1.003290381009006;2.1494116498760865
2020-05-01 00:00:00;Baleares;Apio;46.890541934609494;-2813.8519646948916;2907.633048564111;64.93;-3331.905747636435;3461.7657476364348;1.5763629934777144;1.0033018792471258;2.149424107708303
2020-06-01 00:00:00;Baleares;Apio;46.795591841691916;-3185.983987459392;3279.575171142776;64.93;-3857.3980665816794;3987.258066581679;1.5763749716038986;1.0033133775693717;2.1494365656384256
2020-02-01 00:00:00;Canarias;Apio;65.13;65.13;65.13;89.82;89.82;89.82;1.38;1.38;1.38
2020-03-01 00:00:00;Canarias;Apio;49.338438514248594;-1911.415972903695;2010.0928499321922;89.82;-1873.222905100984;2052.862905100984;1.897619153078738;1.4268035940830157;2.3684347120744604
2020-04-01 00:00:00;Canarias;Apio;57.493226420012725;-2120.5046141148982;2235.491066954924;89.82;-2686.3418999140918;2865.981899914092;1.8165515695622103;1.3341554143627894;2.2989477247616312
2020-05-01 00:00:00;Canarias;Apio;53.28208074907956;-2574.985413903283;2681.549575401442;89.82;-3310.270049072514;3489.9100490725145;1.8215944489928078;1.3391485847858564;2.304040313199759
2020-06-01 00:00:00;Canarias;Apio;55.45672318818999;-2834.2460121685626;2945.159458544943;89.82;-3836.2658102019677;4015.905810201968;1.8266513278239054;1.344155483398735;2.3091471722490757
2020-02-01 00:00:00;Cantabria;Apio;1.16;1.16;1.16;2.48;2.48;2.48;2.15;2.15;2.15
2020-03-01 00:00:00;Cantabria;Apio;2.7286791145604155;-1957.256069590057;1962.713427819178;2.4800000000000004;-1957.5380123214024;1962.4980123214025;3.0795713506896427;2.0102780585266045;4.148864642852681
2020-04-01 00:00:00;Cantabria;Apio;2.2536300480627225;-2387.0318528618045;2391.5391129579302;2.4800000000000004;-2769.4040555204833;2774.3640555204834;2.908622021335026;1.5916880759247911;4.225555966745261
2020-05-01 00:00:00;Cantabria;Apio;2.3974909648593155;-2843.5406513556045;2848.3356332853227;2.4800000000000004;-3392.370781090831;3397.330781090831;3.0843925097669542;1.7627685859406699;4.406016433593239
2020-06-01 00:00:00;Cantabria;Apio;2.353925015905584;-3210.849725399941;3215.557575431752;2.4800000000000004;-3917.556024642805;3922.516024642805;3.2707849574555268;1.9439068908803283;4.597663024030725
2020-02-01 00:00:00;Castilla la mancha;Apio;67.12;67.12;67.12;107.87;107.87;107.87;1.61;1.61;1.61
2020-03-01 00:00:00;Castilla la mancha;Apio;64.8652951214672;-1895.6250764924152;2025.3556667353496;107.87;-1853.0658109806286;2068.8058109806284;1.670645130279426;1.159803914126209;2.181486346432643
2020-04-01 00:00:00;Castilla la mancha;Apio;65.40042081507558;-2400.1875252623013;2530.988366892452;107.87;-2665.312018831889;2881.0520188318887;1.6595344646027148;1.123810410119457;2.1952585190859724
2020-05-01 00:00:00;Castilla la mancha;Apio;65.2734154980222;-2877.0311978392288;3007.578028835273;107.87;-3288.570454999729;3504.310454999729;1.6550151835968867;1.119442953543699;2.1905874136500745
2020-06-01 00:00:00;Castilla la mancha;Apio;65.30355860412324;-3274.1140264144997;3404.7211436227462;107.87;-3814.001621961257;4029.741621961257;1.650508209597177;1.1150870208975259;2.185929398296828
2020-02-01 00:00:00;Castilla leon;Apio;83.03;83.03;83.03;153.31;153.31;153.31;1.85;1.85;1.85
2020-03-01 00:00:00;Castilla leon;Apio;70.14745062093051;-1890.176239191112;2030.4711404329732;153.31;-1807.8216509961778;2114.441650996178;1.8100769285487674;1.5205145765526042;2.0996392805449307
2020-04-01 00:00:00;Castilla leon;Apio;78.2351737449151;-2013.4673632385081;2169.9377107283385;153.31;-2620.148978437934;2926.768978437934;1.7751218009914214;1.382980764035699;2.1672628379471437
2020-05-01 00:00:00;Castilla leon;Apio;73.15766436338617;-2502.1117827366897;2648.427111463462;153.31;-3243.4696598568157;3550.0896598568156;1.785662016766124;1.3931973169833398;2.178126716548908
2020-06-01 00:00:00;Castilla leon;Apio;76.34534785901167;-2692.535490863193;2845.2261865812166;153.31;-3768.9533019923556;4075.5733019923555;1.7962648176257006;1.4034728714353886;2.1890567638160126
2020-02-01 00:00:00;Cataluña;Apio;445.71;445.71;445.71;658.02;658.02;658.02;1.48;1.48;1.48
2020-03-01 00:00:00;Cataluña;Apio;376.68426597919654;-1596.805777728996;2350.174309687389;658.02;-1324.6352871792649;2640.675287179265;1.370334375619194;1.1451656999481457;1.5955030512902422
2020-04-01 00:00:00;Cataluña;Apio;356.5151428487276;-2868.0573710307845;3581.0876567282394;658.02;-2145.8779966396396;3461.9179966396396;1.3898222025887372;1.164390504672178;1.6152539005052964
2020-05-01 00:00:00;Cataluña;Apio;350.6217824430357;-3867.0593638796972;4568.302928765769;658.02;-2776.03969128955;4092.07969128955;1.3906123685097413;1.1651669742179962;1.6160577628014865
2020-06-01 00:00:00;Cataluña;Apio;348.8997592967291;-4695.891769151416;5393.691287744874;658.02;-3307.2905743585297;4623.33057435853;1.3914029836696349;1.1659438782579319;1.6168620890813379
2020-02-01 00:00:00;Extremadura;Apio;31.9;31.9;31.9;49.9;49.9;49.9;1.56;1.56;1.56
2020-03-01 00:00:00;Extremadura;Apio;34.40825193276554;-1926.5657507342191;1995.3822545997502;49.9;-1912.4170539963366;2012.2170539963367;1.3896072692888068;0.9536767726202178;1.825537765957396
2020-04-01 00:00:00;Extremadura;Apio;32.6260061089066;-2008.8407890517449;2074.092801269558;49.9;-2725.2353914376363;2825.0353914376365;1.4438922438013482;0.9844156915780842;1.9033687960246122
2020-05-01 00:00:00;Extremadura;Apio;33.89238614640164;-2533.968280904354;2601.7530531971574;49.9;-3348.932838080535;3448.732838080535;1.4453858410978113;0.9858932967896314;1.9048783854059912
2020-06-01 00:00:00;Extremadura;Apio;32.992556068026964;-2673.2068323152084;2739.1919444512628;49.9;-3874.734107992673;3974.5341079926734;1.446880983407688;0.987372414470571;1.906389552344805
2020-02-01 00:00:00;Galicia;Apio;81.23;81.23;81.23;104.91;104.91;104.91;1.29;1.29;1.29
2020-03-01 00:00:00;Galicia;Apio;53.219683339731525;-1909.8175649080222;2016.2569315874853;104.91;-1867.8007393930704;2077.6207393930704;1.1721311123990084;0.7953106167460522;1.5489516080519645
2020-04-01 00:00:00;Galicia;Apio;76.64691055407948;-1912.4939852910002;2065.7878063991593;104.91;-2684.924282288737;2894.7442822887365;1.1348683505765595;0.6124470101288438;1.6572896910242751
2020-05-01 00:00:00;Galicia;Apio;57.05288091102348;-2555.9265187734954;2670.032280595542;104.91;-3311.9252292655647;3521.7452292655644;1.1017544845940925;0.5809596384912186;1.6225493306969665
2020-06-01 00:00:00;Galicia;Apio;73.44090643961965;-2595.9497868572644;2742.8315997365034;104.91;-3840.511478786141;4050.331478786141;1.0696068347544476;0.550349613816187;1.5888640556927083
2020-02-01 00:00:00;La rioja;Apio;18.24;18.24;18.24;20.0;20.0;20.0;1.1;1.1;1.1
2020-03-01 00:00:00;La rioja;Apio;18.4235595035487;-1942.060581834846;1978.9077008419433;20.0;-1940.9362872900413;1980.9362872900413;1.3508231965480495;0.5505750232123422;2.151071369883757
2020-04-01 00:00:00;La rioja;Apio;18.435901661549813;-2848.832821349432;2885.7046246725317;20.0;-2753.18269243512;2793.18269243512;1.4540987768030138;0.6116696933602538;2.296527860245774
2020-05-01 00:00:00;La rioja;Apio;18.436731522500512;-3536.2966556703855;3573.1701187153863;20.0;-3376.441279991832;3416.441279991832;1.4260263231855748;0.5851140537402142;2.266938592630935
2020-06-01 00:00:00;La rioja;Apio;18.43678732061924;-4111.155649144372;4148.02922378561;20.0;-3901.8725745800825;3941.8725745800825;1.3984958290723146;0.559044958068887;2.2379467000757423
2020-02-01 00:00:00;Madrid;Apio;246.69;246.69;246.69;417.8;417.8;417.8;1.69;1.69;1.69
2020-03-01 00:00:00;Madrid;Apio;242.9712027833035;-1719.248160349855;2205.190565916462;417.8;-1546.5980985107576;2382.1980985107575;1.63558260257983;1.2383901550462373;2.0327750501134223
2020-04-01 00:00:00;Madrid;Apio;243.5370560050265;-2329.01574067171;2816.0898526817627;417.8;-2360.2784328138323;3195.8784328138327;1.6996240519600705;1.2360243091875627;2.1632237947325783
2020-05-01 00:00:00;Madrid;Apio;243.45095562098385;-2845.07239749902;3331.9743087409875;417.8;-2984.6373129123244;3820.237312912325;1.6980392503664719;1.2344936277803207;2.161584872952623
2020-06-01 00:00:00;Madrid;Apio;243.46405667943452;-3283.0560419276876;3769.984155286557;417.8;-3510.996197021515;4346.596197021515;1.6964559265091337;1.2329643295302308;2.1599475234880363
2020-02-01 00:00:00;Murcia;Apio;57.13;57.13;57.13;104.08;104.08;104.08;1.82;1.82;1.82
2020-03-01 00:00:00;Murcia;Apio;63.7598329385457;-1897.7437720158337;2025.2634378929251;104.08;-1858.4260079881667;2066.586007988167;1.8559911555942403;1.4508511339507375;2.2611311772377434
2020-04-01 00:00:00;Murcia;Apio;61.675684773869285;-2316.604747863366;2439.9561174111045;104.08;-2671.3226127355474;2879.4826127355473;1.7911992817571043;1.2177894247333865;2.364609138780822
2020-05-01 00:00:00;Murcia;Apio;62.33085566770434;-2770.3173578058627;2894.9790691412713;104.08;-3295.080115994678;3503.240115994678;1.8122042018740736;1.2378197257123948;2.3865886780357526
2020-06-01 00:00:00;Murcia;Apio;62.1248967500977;-3132.834004215199;3257.0837977153947;104.08;-3820.9320159763333;4029.092015976333;1.8334554411324213;1.258075063358138;2.408835818906705
2020-02-01 00:00:00;Navarra;Apio;45.85;45.85;45.85;50.29;50.29;50.29;1.1;1.1;1.1
2020-03-01 00:00:00;Navarra;Apio;39.244907927555765;-1921.0275015322027;1999.517317387314;50.29;-1910.330664300713;2010.9106643007128;2.154757930289306;1.1734498507231585;3.136066009855454
2020-04-01 00:00:00;Navarra;Apio;41.320418930670215;-2335.6114965419083;2418.252334403249;50.29;-2722.4463341230153;2823.026334123015;1.8448535050047008;0.6036300532549523;3.0860769567544493
2020-05-01 00:00:00;Navarra;Apio;40.66823333252835;-2790.374595753893;2871.71106241895;50.29;-3345.6046049382785;3446.1846049382784;1.8949608446578408;0.6523367930877533;3.1375848962279282
2020-06-01 00:00:00;Navarra;Apio;40.87316891407208;-3152.3121584401574;3234.058496268302;50.29;-3870.9513286014258;3971.5313286014257;1.946429130033936;0.7023290725418581;3.190529187526014
2020-02-01 00:00:00;Pais vasco;Apio;55.53;55.53;55.53;78.08;78.08;78.08;1.41;1.41;1.41
2020-03-01 00:00:00;Pais vasco;Apio;56.784398132749054;-1903.6992765728598;2017.2680728383577;78.08;-1882.7694457007667;2038.9294457007666;1.5622966014876445;0.9672972886822939;2.157295914292995
2020-04-01 00:00:00;Pais vasco;Apio;56.73715962553067;-2664.10168493833;2777.5760041893914;78.08;-2694.9798798817906;2851.1398798817904;1.5543558786853653;0.9560255508918966;2.152686206478834
2020-05-01 00:00:00;Pais vasco;Apio;56.7389385476336;-3255.8024265394192;3369.2803036346863;78.08;-3318.2108659469986;3474.3708659469985;1.536778066485581;0.9389726772747004;2.1345834556964616
2020-06-01 00:00:00;Pais vasco;Apio;56.73887155644284;-3756.7242444274375;3870.2019875403234;78.08;-3843.6188914015333;3999.778891401533;1.5193990372581958;0.92210722687438;2.116690847642012
2020-02-01 00:00:00;Valencia;Apio;149.4;149.4;149.4;240.58;240.58;240.58;1.61;1.61;1.61
2020-03-01 00:00:00;Valencia;Apio;230.48692118042044;-1732.690549151273;2193.664391512114;240.58;-1725.795083731781;2206.955083731781;1.5031643912585058;1.2346700291873314;1.7716587533296801
2020-04-01 00:00:00;Valencia;Apio;178.9822307016509;-1910.7595873758498;2268.7240487791514;240.58;-2540.294312126015;3021.454312126015;1.5286731759214196;1.2508853675314784;1.8064609843113608
2020-05-01 00:00:00;Valencia;Apio;211.69691640801105;-2365.4836232596426;2788.8774560756647;240.58;-3165.2815517609497;3646.4415517609496;1.5271210584150556;1.2493398174792751;1.8049022993508361
2020-06-01 00:00:00;Valencia;Apio;190.9172427332981;-2575.346614209874;2957.1810996764707;240.58;-3692.170167463562;4173.330167463562;1.52557051683008;1.2477958301736827;1.8033452034864772
2020-02-01 00:00:00;Nacional;Coliflor;3044.3;3044.3;3044.3;4458.65;4458.65;4458.65;1.46;1.46;1.46
2020-03-01 00:00:00;Nacional;Coliflor;3301.0522411470874;1119.0992018386314;5483.0052804555435;4183.92;2223.426199426426;6144.413800573574;1.2308036014770114;-1958.7332288609693;1961.1948360639233
2020-04-01 00:00:00;Nacional;Coliflor;3554.1566449797106;267.27166399328917;6841.041625966132;3477.72;1517.226199426426;5438.213800573573;1.204982365417576;-4055.7695540218356;4058.1795187526704
2020-05-01 00:00:00;Nacional;Coliflor;3842.525048287957;-335.07716822667635;8020.12726480259;2916.65;956.1561994264264;4877.143800573574;1.2953853755566958;-5621.4162303736675;5624.007001124782
2020-06-01 00:00:00;Nacional;Coliflor;4154.29037647401;-868.0373292463946;9176.618082194414;2425.99;465.4961994264261;4386.483800573574;1.3813713840316355;-6567.45697882443;6570.219721592493
2020-02-01 00:00:00;Andalucia;Coliflor;620.68;620.68;620.68;852.3;852.3;852.3;1.37;1.37;1.37
2020-03-01 00:00:00;Andalucia;Coliflor;644.5687132208589;-1322.5836238099353;2611.7210502516527;726.17;-1234.265113106725;2686.6051131067247;1.046942661418814;-1958.917074299778;1961.0109596226157
2020-04-01 00:00:00;Andalucia;Coliflor;669.3768545195492;-2166.638270870205;3505.391979909303;564.4;-1396.035113106725;2524.8351131067247;1.2368681788246756;-5475.862220506073;5478.3359568637225
2020-05-01 00:00:00;Andalucia;Coliflor;695.1398108163496;-2846.5688803365356;4236.848501969234;430.19999999999993;-1530.2351131067248;2390.635113106725;2.179562890951999;-8365.831830240317;8370.19095602222
2020-06-01 00:00:00;Andalucia;Coliflor;721.8943310022648;-3449.1406947473643;4892.929356751894;407.13;-1553.305113106725;2367.5651131067248;3.3222676244584095;-8613.870597318724;8620.515132567642
2020-02-01 00:00:00;Aragon;Coliflor;73.57;73.57;73.57;89.46;89.46;89.46;1.22;1.22;1.22
2020-03-01 00:00:00;Aragon;Coliflor;79.59024973069451;-1880.6317222861765;2039.8122217475654;102.41999999999999;-1858.1342290250768;2062.974229025077;2.0202573882939965;-1957.9437969711316;1961.9843117477194
2020-04-01 00:00:00;Aragon;Coliflor;86.1046547903806;-2801.760256353678;2973.9695659344393;30.869999999999997;-1929.684229025077;1991.4242290250768;1.154688991896317;-2152.1646377952175;2154.47401577901
2020-05-01 00:00:00;Aragon;Coliflor;93.15161704528401;-3594.9926098392175;3781.295843929786;51.9;-1908.6542290250768;2012.454229025077;1.979320099934817;-3071.249765562507;3075.2084057623765
2020-06-01 00:00:00;Aragon;Coliflor;100.77531556540943;-4344.639218675384;4546.189849806202;66.43;-1894.1242290250768;2026.984229025077;1.2497369871973438;-3161.208825780813;3163.7082997552075
2020-02-01 00:00:00;Asturias;Coliflor;121.79;121.79;121.79;154.27;154.27;154.27;1.27;1.27;1.27
2020-03-01 00:00:00;Asturias;Coliflor;108.74217563286469;-1852.2782160071922;2069.7625672729214;66.09;-1894.7049331929227;2026.8849331929225;2.854031889744193;-1957.109982569854;1962.8180463493425
2020-04-01 00:00:00;Asturias;Coliflor;97.09221415033082;-2531.852971918812;2726.037400219473;34.21;-1926.5849331929226;1995.0049331929226;-2.0218965104969806;-4290.580543738222;4286.536750717229
2020-05-01 00:00:00;Asturias;Coliflor;86.69035720271766;-2971.9696440749412;3145.3503584803766;43.19;-1917.6049331929225;2003.9849331929227;13.033454578904166;-14678.635764172906;14704.702673330716
2020-06-01 00:00:00;Asturias;Coliflor;77.40289062003203;-3284.712640428441;3439.5184216685047;18.63;-1942.1649331929225;1979.4249331929227;-33.44622599015513;-43681.136215708604;43614.24376372829
2020-02-01 00:00:00;Baleares;Coliflor;106.87;106.87;106.87;164.11;164.11;164.11;1.54;1.54;1.54
2020-03-01 00:00:00;Baleares;Coliflor;108.4223262584038;-1851.834559297569;2068.6792118143767;234.24;-1725.7331925394715;2194.2131925394715;1.3559207548156287;-1958.6080747118365;1961.3199162214676
2020-04-01 00:00:00;Baleares;Coliflor;109.99246340928622;-2682.3895806568976;2902.37450747547;146.10000000000002;-1813.8731925394713;2106.0731925394716;1.8597715539819095;-4076.3151328489835;4080.034675956947
2020-05-01 00:00:00;Baleares;Coliflor;111.58670537228994;-3333.191290291073;3556.364701035653;166.69;-1793.2831925394714;2126.6631925394713;2.706336816407622;-4087.986609122561;4093.399282755376
2020-06-01 00:00:00;Baleares;Coliflor;113.20405444061545;-3893.5906833723648;4119.998792253596;183.78999999999996;-1776.1831925394715;2143.7631925394717;2.224651453655209;-7384.627777891464;7389.077080798775
2020-02-01 00:00:00;Canarias;Coliflor;97.53;97.53;97.53;189.75;189.75;189.75;1.95;1.95;1.95
2020-03-01 00:00:00;Canarias;Coliflor;100.08485777028218;-1860.1703186926436;2060.340034233208;324.88;-1638.5149370670724;2288.2749370670726;1.9260928354900295;-1958.037925374278;1961.890111045258
2020-04-01 00:00:00;Canarias;Coliflor;102.70515705927497;-2706.1645245998934;2911.574838718443;183.99;-1779.4049370670725;2147.3849370670723;1.9378240611721407;-2716.3769066830023;2720.252554805347
2020-05-01 00:00:00;Canarias;Coliflor;105.39406722273674;-3380.5179515419604;3591.306085987434;195.37;-1768.0249370670726;2158.7649370670724;1.934498068612703;-3446.3829355981734;3450.251931735399
2020-06-01 00:00:00;Canarias;Coliflor;108.15337538834552;-3971.0002808056656;4187.307031582357;168.95;-1794.4449370670725;2132.3449370670724;1.9360353760326106;-4037.195960195784;4041.0680309478494
2020-02-01 00:00:00;Cantabria;Coliflor;32.2;32.2;32.2;65.96;65.96;65.96;2.05;2.05;2.05
2020-03-01 00:00:00;Cantabria;Coliflor;46.43659082928444;-1913.5906225352353;2006.463804193804;81.65;-1879.3786537581163;2042.6786537581165;2.551339625916424;-1957.4127147184233;1962.5153939702561
2020-04-01 00:00:00;Cantabria;Coliflor;66.96760769709266;-3372.7206484578705;3506.655863852056;43.16;-1917.8686537581164;2004.1886537581165;1.8143103440438564;-2135.999328975902;2139.6279496639895
2020-05-01 00:00:00;Cantabria;Coliflor;96.5760061318612;-5237.095343112068;5430.247355375791;27.470000000000002;-1933.5586537581164;1988.4986537581165;2.897908015860305;-3916.773274058716;3922.5690900904365
2020-06-01 00:00:00;Cantabria;Coliflor;139.27517020719574;-7798.371607984396;8076.921948398787;13.05;-1947.9786537581165;1974.0786537581164;1.304780046164094;-4815.658140797254;4818.2677008895835
2020-02-01 00:00:00;Castilla la mancha;Coliflor;123.14;123.14;123.14;189.75;189.75;189.75;1.54;1.54;1.54
2020-03-01 00:00:00;Castilla la mancha;Coliflor;127.73795532146988;-1834.578151069553;2090.054061712493;147.10000000000002;-1814.4305789861642;2108.6305789861644;1.5424619954559282;-1958.421546944612;1961.5064709355236
2020-04-01 00:00:00;Castilla la mancha;Coliflor;132.57056506529028;-2694.1939999236106;2959.3351300541913;265.45;-1696.0805789861643;2226.9805789861643;1.8242267703078083;-4718.861948190531;4722.510401731147
2020-05-01 00:00:00;Castilla la mancha;Coliflor;137.5635970619242;-3391.2236329140674;3666.3508270379157;145.24;-1816.2905789861643;2106.7705789861643;2.1560378114358545;-6210.830925763692;6215.143001386563
2020-06-01 00:00:00;Castilla la mancha;Coliflor;142.7446826321937;-4011.3492878670604;4296.838653131448;72.3;-1889.2305789861643;2033.8305789861643;2.114802713951776;-6212.008784425073;6216.238389852976
2020-02-01 00:00:00;Castilla leon;Coliflor;256.57;256.57;256.57;364.31;364.31;364.31;1.42;1.42;1.42
2020-03-01 00:00:00;Castilla leon;Coliflor;292.5539631441283;-1668.4004592218703;2253.508385510127;213.67999999999995;-1747.5657905035619;2174.9257905035615;1.7611874022416185;-1958.2028265237614;1961.7252013282446
2020-04-01 00:00:00;Castilla leon;Coliflor;333.57330733723927;-2641.1929554464336;3308.3395701209124;229.43999999999997;-1731.8057905035616;2190.6857905035617;2.2341197362276426;-2006.0498653261795;2010.518104798635
2020-05-01 00:00:00;Castilla leon;Coliflor;380.3433120892758;-3538.1988025957266;4298.885426774278;183.87;-1777.3757905035618;2145.1157905035616;1.3195442769569348;-2519.808467033601;2522.447555587515
2020-06-01 00:00:00;Castilla leon;Coliflor;433.6708959292999;-4446.178578970309;5313.520370828909;181.33999999999997;-1779.9057905035618;2142.585790503562;1.2711508734803507;-3508.033454916533;3510.5757566634943
2020-02-01 00:00:00;Cataluña;Coliflor;475.86;475.86;475.86;710.68;710.68;710.68;1.49;1.49;1.49
2020-03-01 00:00:00;Cataluña;Coliflor;507.20184314727135;-1464.9956461588743;2479.3993324534167;674.0400000000001;-1286.7390738827862;2634.8190738827866;1.2257108471945521;-1958.7383121545267;1961.1897338489157
2020-04-01 00:00:00;Cataluña;Coliflor;541.014525682033;-2341.9072666478414;3423.936318011907;504.3600000000001;-1456.4190738827863;2465.1390738827868;1.0916403904459444;-4076.829799573685;4079.0130803545762
2020-05-01 00:00:00;Cataluña;Coliflor;577.0411202765172;-3073.077335513034;4227.159576066068;570.5000000000002;-1390.2790738827862;2531.2790738827866;1.0409849861699672;-6045.461867196088;6047.543837168428
2020-06-01 00:00:00;Cataluña;Coliflor;615.4667549271609;-3746.32645531219;4977.259965166511;386.25000000000006;-1574.5290738827864;2347.0290738827866;1.0295994992929387;-7738.183479638168;7740.242678636754
2020-02-01 00:00:00;Extremadura;Coliflor;48.16;48.16;48.16;68.56;68.56;68.56;1.42;1.42;1.42
2020-03-01 00:00:00;Extremadura;Coliflor;43.472896085760475;-1917.2977753498953;2004.2435675214165;119.95999999999998;-1840.0330358909098;2079.9530358909096;2.179947339946593;-1957.7840523709672;1962.1439470508606
2020-04-01 00:00:00;Extremadura;Coliflor;39.245091565377784;-2602.0556357080313;2680.5458188387865;67.1;-1892.89303589091;2027.0930358909097;2.2084768640567862;-2020.6484745577764;2025.06542828589
2020-05-01 00:00:00;Extremadura;Coliflor;35.430925416814055;-3051.385474112784;3122.2473249464124;81.77;-1878.2230358909098;2041.7630358909098;1.160580388016224;-2282.8479372356865;2285.1690980117187
2020-06-01 00:00:00;Extremadura;Coliflor;31.98745182695195;-3375.132072058412;3439.1069757123164;29.42;-1930.5730358909098;1989.41303589091;1.902346838348039;-3082.9470423281286;3086.7517360048246
2020-02-01 00:00:00;Galicia;Coliflor;159.28;159.28;159.28;225.06;225.06;225.06;1.41;1.41;1.41
2020-03-01 00:00:00;Galicia;Coliflor;182.82566833610187;-1778.649381315512;2144.300717987716;175.11;-1785.1405662921288;2135.360566292129;-0.8106070967232821;-1960.7746169458283;1959.1534027523817
2020-04-01 00:00:00;Galicia;Coliflor;209.87383193937205;-2775.174101269905;3194.921765148649;219.56;-1740.690566292129;2179.810566292129;-10.96042894930905;-12636.755866514612;12614.835008615994
2020-05-01 00:00:00;Galicia;Coliflor;240.92132454953716;-3706.832959112523;4188.675608211597;98.96;-1861.290566292129;2059.210566292129;-47.62687344057116;-54698.36741020561;54603.113663324475
2020-06-01 00:00:00;Galicia;Coliflor;276.5617994694584;-4661.0264917698205;5214.1500907087375;60.97;-1899.280566292129;2021.220566292129;-163.0530248368167;-195298.04090961383;194971.9348599402
2020-02-01 00:00:00;La rioja;Coliflor;10.61;10.61;10.61;12.15;12.15;12.15;1.14;1.14;1.14
2020-03-01 00:00:00;La rioja;Coliflor;9.432799279195155;-1950.556322134588;1969.4219206929786;10.73;-1949.714271755469;1971.1742717554691;0.7212231871990733;-1959.2430852864675;1960.6855316608655
2020-04-01 00:00:00;La rioja;Coliflor;8.386160064277137;-2614.19513550476;2630.9674556333143;9.89;-1950.554271755469;1970.3342717554692;0.4540419719590182;-3370.572195904959;3371.480279848877
2020-05-01 00:00:00;La rioja;Coliflor;7.455671764337363;-3038.5134952498597;3053.424838778534;15.83;-1944.6142717554692;1976.274271755469;0.19786858167138244;-5045.856313237733;5046.252050401075
2020-06-01 00:00:00;La rioja;Coliflor;6.628426005642769;-3336.2574646598805;3349.514316671166;4.64;-1955.804271755469;1965.0842717554692;0.00019970262832258445;-6720.291379800801;6720.291779206058
2020-02-01 00:00:00;Madrid;Coliflor;375.56;375.56;375.56;561.61;561.61;561.61;1.5;1.5;1.5
2020-03-01 00:00:00;Madrid;Coliflor;413.48626414530736;-1551.4200408415245;2378.392569132139;465.55;-1495.7133847845073;2426.8133847845074;1.1295866457454855;-1958.8344364382515;1961.0936097297426
2020-04-01 00:00:00;Madrid;Coliflor;455.32457733776766;-2467.65173586044;3378.300890535975;471.54999999999995;-1489.7133847845073;2432.8133847845074;0.7675793655146668;-4650.591412187446;4652.1265709184745
2020-05-01 00:00:00;Madrid;Coliflor;501.43452984505427;-3267.8313767118393;4270.700436401948;327.67;-1633.5933847845072;2288.9333847845073;0.4231917742058928;-7940.0265721775095;7940.872955725922
2020-06-01 00:00:00;Madrid;Coliflor;552.213959525428;-4038.6577766589294;5143.085695709786;276.77;-1684.4933847845073;2238.0333847845072;0.09745546299444241;-11666.078268872277;11666.273179798265
2020-02-01 00:00:00;Murcia;Coliflor;65.65;65.65;65.65;107.74;107.74;107.74;1.64;1.64;1.64
2020-03-01 00:00:00;Murcia;Coliflor;62.94627933228356;-1897.632267064299;2023.5248257288663;94.30000000000001;-1865.7625752189297;2054.3625752189296;1.8552007237441992;-1958.1088369709028;1961.8192384183913
2020-04-01 00:00:00;Murcia;Coliflor;60.375237842376414;-2655.733831532952;2776.484307217705;108.77000000000001;-1851.2925752189296;2068.83257521893;1.777480462439733;-2179.147224338912;2182.7021852637913
2020-05-01 00:00:00;Murcia;Coliflor;57.90300504654006;-3202.2873956418334;3318.093405734913;34.89;-1925.1725752189295;1994.9525752189297;1.6426684264476417;-2182.578148933699;2185.863485786594
2020-06-01 00:00:00;Murcia;Coliflor;55.53200472970057;-3634.9415854634267;3746.0055949228276;47.96000000000001;-1912.1025752189296;2008.0225752189297;1.7747444902702;-2512.497780578951;2516.0472695594913
2020-02-01 00:00:00;Navarra;Coliflor;22.28;22.28;22.28;36.51;36.51;36.51;1.64;1.64;1.64
2020-03-01 00:00:00;Navarra;Coliflor;11.863268651727944;-1948.169211327841;1971.895748631297;40.05;-1919.9141274214235;2000.0141274214234;1.7888792260436854;-1958.175537946939;1961.7532963990263
2020-04-01 00:00:00;Navarra;Coliflor;6.316747895110905;-2214.2508494688755;2226.8843452590972;26.910000000000004;-1933.0541274214233;1986.8741274214235;1.8267228398411768;-2919.5235856756835;2923.177031355366
2020-05-01 00:00:00;Navarra;Coliflor;3.363432553183917;-2285.6810607865646;2292.4079258929323;7.680000000000001;-1952.2841274214234;1967.6441274214235;1.7756938660585966;-3265.7835993798008;3269.334987111918
2020-06-01 00:00:00;Navarra;Coliflor;1.790902332602695;-2306.2983058767436;2309.8801105419493;15.170000000000002;-1944.7941274214234;1975.1341274214235;1.7563382219579178;-3519.9548830991585;3523.467559543074
2020-02-01 00:00:00;Pais vasco;Coliflor;133.24;133.24;133.24;196.42;196.42;196.42;1.47;1.47;1.47
2020-03-01 00:00:00;Pais vasco;Coliflor;141.5418261795413;-1819.7750599145365;2102.858712273619;177.62;-1782.4773800492903;2137.7173800492906;1.879983288652356;-1958.0840702240178;1961.8440368013223
2020-04-01 00:00:00;Pais vasco;Coliflor;150.33086253129625;-2711.014319086033;3011.6760441486254;137.54;-1822.5573800492905;2097.6373800492906;1.5741344321157016;-2033.8959948325323;2037.0442636967637
2020-05-01 00:00:00;Pais vasco;Coliflor;159.69483595340282;-3457.0350984442225;3776.4247703510277;166.84999999999997;-1793.2473800492905;2126.9473800492906;1.8021492326537387;-2588.651565321493;2592.2558637868005
2020-06-01 00:00:00;Pais vasco;Coliflor;169.642082808346;-4143.451539430103;4482.735705046796;95.63999999999999;-1864.4573800492904;2055.7373800492906;1.6321570123505478;-2714.6795025756455;2717.9438166003465
2020-02-01 00:00:00;Valencia;Coliflor;321.31;321.31;321.31;469.99;469.99;469.99;1.46;1.46;1.46
2020-03-01 00:00:00;Valencia;Coliflor;322.849505514778;-1643.0658243133776;2288.7648353429336;530.33;-1431.4782579089747;2492.1382579089745;1.7801758039168663;-1958.1838369855568;1961.7441885933904
2020-04-01 00:00:00;Valencia;Coliflor;324.4232490861917;-2462.41322100189;3111.259719174274;434.44000000000005;-1527.3682579089746;2396.2482579089747;1.7574837722153762;-2165.300319219467;2168.815286763898
2020-05-01 00:00:00;Valencia;Coliflor;326.0126754479183;-3094.8078902999387;3746.8332411957754;368.57;-1593.2382579089747;2330.378257908975;1.546170929617491;-2168.034570845264;2171.126912704499
2020-06-01 00:00:00;Valencia;Coliflor;327.6098887859682;-3631.711527726983;4286.931305298919;397.53;-1564.2782579089746;2359.338257908975;1.6736364554504952;-2507.2128355159543;2510.560108426855
2020-02-01 00:00:00;Nacional;Puerro;4370.07;4370.07;4370.07;11183.08;11183.08;11183.08;2.56;2.56;2.56
2020-03-01 00:00:00;Nacional;Puerro;5835.398624838299;4841.695044647359;6829.102205029239;11661.54;11625.13016068674;11697.949839313262;2.6715940823247735;2.536312709432177;2.80687545521737
2020-04-01 00:00:00;Nacional;Puerro;4218.065437052452;2683.2823842213493;5752.848489883554;9873.93;9837.520160686741;9910.33983931326;2.682518072308199;2.543356174366753;2.8216799702496447
2020-05-01 00:00:00;Nacional;Puerro;6097.937349302026;3703.3295386359;8492.545159968151;9659.86;9623.450160686742;9696.26983931326;2.6723438461160094;2.5328708706297287;2.81181682160229
2020-06-01 00:00:00;Nacional;Puerro;3993.1231521174236;1363.5394279203765;6622.706876314471;9179.96;9143.55016068674;9216.369839313258;2.6794392351759924;2.538307452762603;2.8205710175893817
2020-02-01 00:00:00;Andalucia;Puerro;559.25;559.25;559.25;1442.32;1442.32;1442.32;2.58;2.58;2.58
2020-03-01 00:00:00;Andalucia;Puerro;589.2098302010575;349.74523288214493;828.67442751997;1637.8999999999999;1274.8512287232497;2000.94877127675;2.5217686771944474;2.4567991020525106;2.586738252336384
2020-04-01 00:00:00;Andalucia;Puerro;612.9949181710283;369.24168103667273;856.7481553053839;1747.03;1383.9812287232494;2110.0787712767506;2.4996982666793186;2.389732899353215;2.6096636340054222
2020-05-01 00:00:00;Andalucia;Puerro;607.8840826565079;364.61408317160175;851.1540821414139;1605.5699999999997;1242.521228723249;1968.6187712767505;2.536060828640339;2.4209376766630943;2.6511839806175836
2020-06-01 00:00:00;Andalucia;Puerro;609.9354963646033;366.4718867121111;853.3991060170955;1466.5399999999997;1103.4912287232492;1829.5887712767503;2.52295543284513;2.405889943566461;2.640020922123799
2020-02-01 00:00:00;Aragon;Puerro;195.52;195.52;195.52;450.7;450.7;450.7;2.31;2.31;2.31
2020-03-01 00:00:00;Aragon;Puerro;163.5415579851668;110.62815102393887;216.45496494639474;318.94;141.088443723835;496.791556276165;3.0116924831615908;2.327494185600205;3.6958907807229764
2020-04-01 00:00:00;Aragon;Puerro;147.98599463566322;84.61083133471327;211.36115793661315;342.42;164.56844372383566;520.2715562761643;2.8687579200392546;2.1631353074992603;3.574380532579249
2020-05-01 00:00:00;Aragon;Puerro;162.02754847724395;98.8472177755224;225.20787917896553;339.76;161.90844372383563;517.6115562761644;3.101973242860966;2.3917741340902587;3.8121723516316735
2020-06-01 00:00:00;Aragon;Puerro;165.5807432819659;101.42716193883415;229.73432462509766;368.77000000000004;190.91844372383568;546.6215562761644;2.9095266206212935;2.201922971341423;3.617130269901164
2020-02-01 00:00:00;Asturias;Puerro;75.31;75.31;75.31;208.88;208.88;208.88;2.77;2.77;2.77
2020-03-01 00:00:00;Asturias;Puerro;72.39252605795238;35.1536776444284;109.63137447147636;301.22;171.82016182373673;430.61983817626333;2.9090965077849673;2.457801311554493;3.3603917040154414
2020-04-01 00:00:00;Asturias;Puerro;78.81520874405801;26.576695883413812;131.05372160470222;208.89000000000001;79.4901618237372;338.28983817626283;2.9279404533027305;2.3750502846392045;3.4808306219662564
2020-05-01 00:00:00;Asturias;Puerro;82.55879517000969;26.490420154431916;138.62717018558746;189.72999999999996;60.33016182373714;319.12983817626275;2.938647975311247;2.3403517925276938;3.5369441580948
2020-06-01 00:00:00;Asturias;Puerro;85.16629081244616;27.643075312691593;142.68950631220073;170.5;41.10016182373718;299.89983817626285;2.934995980989003;2.280868168728284;3.589123793249722
2020-02-01 00:00:00;Baleares;Puerro;115.33;115.33;115.33;314.5;314.5;314.5;2.73;2.73;2.73
2020-03-01 00:00:00;Baleares;Puerro;70.10546713805758;43.8520914612626;96.35884281485255;354.28;178.35891842813558;530.2010815718644;2.858742872865233;2.669483061901904;3.0480026838285617
2020-04-01 00:00:00;Baleares;Puerro;103.21038458628979;54.11967638799881;152.30109278458076;314.5299999999999;138.60891842813524;490.4510815718646;2.749488451532268;2.5164179331283054;2.9825589699362305
2020-05-01 00:00:00;Baleares;Puerro;54.13886901549402;-10.73995417637849;119.01769220736654;285.29;109.36891842813534;461.2110815718647;2.855187833986112;2.6013691119448334;3.1090065560273907
2020-06-01 00:00:00;Baleares;Puerro;96.29385538504722;22.484861290338827;170.1028494797556;221.4;45.47891842813533;397.3210815718647;2.7620191887063004;2.497953446558625;3.0260849308539757
2020-02-01 00:00:00;Canarias;Puerro;158.56;158.56;158.56;417.74;417.74;417.74;2.63;2.63;2.63
2020-03-01 00:00:00;Canarias;Puerro;105.42933043370053;44.98869522174181;165.86996564565925;596.73;591.2029934580924;602.2570065419077;2.307870209792894;1.876531352391563;2.739209067194225
2020-04-01 00:00:00;Canarias;Puerro;106.35828580012115;8.397150234493324;204.31942136574898;542.99;537.4629934580528;548.5170065419472;2.637850742419616;2.202642913042612;3.0730585717966195
2020-05-01 00:00:00;Canarias;Puerro;103.72189846345137;2.1709713966565545;205.27282553024617;431.24999999999994;425.7229934580527;436.7770065419472;2.28581391423129;1.8243470555223467;2.747280772940233
2020-06-01 00:00:00;Canarias;Puerro;100.04940617424592;-1.6852702816679113;201.78408263015973;373.62;368.0929934580528;379.14700654194723;2.660492052849585;2.1985334168110118;3.122450688888158
2020-02-01 00:00:00;Cantabria;Puerro;24.19;24.19;24.19;72.01;72.01;72.01;2.98;2.98;2.98
2020-03-01 00:00:00;Cantabria;Puerro;13.930651416627644;-19.54390626381758;47.40520909707287;152.6;-74.5347041507273;379.7347041507273;3.2453431868282476;2.4802777034990346;4.01040867015746
2020-04-01 00:00:00;Cantabria;Puerro;9.325072844677523;-36.475775147072305;55.12592083642735;70.69999999999999;-156.43470415072795;297.83470415072793;3.3377666281204936;2.5201870939575466;4.155346162283441
2020-05-01 00:00:00;Cantabria;Puerro;8.108745475344573;-49.50939914256507;65.72689009325423;137.89;-89.24470415072796;365.0247041507279;3.308184811539732;2.491791949203678;4.124577673875786
2020-06-01 00:00:00;Cantabria;Puerro;7.099324498448307;-58.216401427323525;72.41505042422014;126.57;-100.56470415072795;353.70470415072793;3.3347610399485443;2.5118154817725338;4.157706598124555
2020-02-01 00:00:00;Castilla la mancha;Puerro;116.81;116.81;116.81;276.22;276.22;276.22;2.36;2.36;2.36
2020-03-01 00:00:00;Castilla la mancha;Puerro;113.64579449629304;74.00358073049068;153.2880082620954;376.17;313.3351499408517;439.00485005914834;2.606147717148867;2.286313308379268;2.9259821259184657
2020-04-01 00:00:00;Castilla la mancha;Puerro;129.63462516661946;84.19175315180844;175.0774971814305;273.5799999999999;210.74514994085027;336.41485005914956;2.5593886138193884;2.1838870111822652;2.9348902164565116
2020-05-01 00:00:00;Castilla la mancha;Puerro;123.01857030937956;77.52126884524688;168.51587177351223;301.19;238.35514994085034;364.0248500591496;2.529633874892136;2.1446496527729977;2.9146180970112745
2020-06-01 00:00:00;Castilla la mancha;Puerro;125.95082923235421;80.05533203469358;171.84632643001484;302.48;239.64514994085036;365.31485005914965;2.549538218260099;2.1633291230141447;2.9357473135060532
2020-02-01 00:00:00;Castilla leon;Puerro;162.66;162.66;162.66;483.62;483.62;483.62;2.97;2.97;2.97
2020-03-01 00:00:00;Castilla leon;Puerro;180.57612941823137;77.98647029030862;283.16578854615415;702.72;161.9264128217635;1243.5135871782365;2.947044979222781;2.595770291199433;3.2983196672461292
2020-04-01 00:00:00;Castilla leon;Puerro;208.4548540696681;99.51342113124102;317.3962870080952;553.25;12.456412821764047;1094.043587178236;2.8970288270122473;2.5479434846557525;3.246114169368742
2020-05-01 00:00:00;Castilla leon;Puerro;200.37395315920338;91.85009355490138;308.8978127635054;586.6000000000001;45.806412821764184;1127.393587178236;2.9452088025833607;2.5956528140451596;3.294764791121562
2020-06-01 00:00:00;Castilla leon;Puerro;201.14161736214322;92.50584037016439;309.77739435412207;545.6900000000002;4.8964128217642156;1086.4835871782361;2.9070688075304996;2.554073277126559;3.2600643379344403
2020-02-01 00:00:00;Cataluña;Puerro;757.43;757.43;757.43;1738.15;1738.15;1738.15;2.29;2.29;2.29
2020-03-01 00:00:00;Cataluña;Puerro;1035.2817335884808;887.2834099851236;1183.280057191838;1692.1499999999999;1367.8612589767913;2016.4387410232084;2.461486753850696;2.1907110377384096;2.7322624699629823
2020-04-01 00:00:00;Cataluña;Puerro;791.6391451269667;609.6486621943743;973.6296280595591;1390.0;1065.7112589767914;1714.2887410232086;2.500443690914523;2.2244813483103507;2.7764060335186955
2020-05-01 00:00:00;Cataluña;Puerro;1043.121198985319;712.4270149213287;1373.8153830493095;1686.04;1361.7512589767914;2010.3287410232085;2.3563741440572987;2.037646548825935;2.6751017392886625
2020-06-01 00:00:00;Cataluña;Puerro;833.4153044549876;480.698844173587;1186.131764736388;1478.9899999999998;1154.7012589767912;1803.2787410232083;2.3753741460085145;1.9478700798811548;2.802878212135874
2020-02-01 00:00:00;Extremadura;Puerro;84.67;84.67;84.67;245.58;245.58;245.58;2.9;2.9;2.9
2020-03-01 00:00:00;Extremadura;Puerro;111.48382424229099;-39.03934636797642;262.0069948525584;195.13;169.9946991357058;220.2653008642942;2.8255603719188938;2.489169888062829;3.1619508557749585
2020-04-01 00:00:00;Extremadura;Puerro;108.03688965376088;-42.08199090784515;258.15577021536694;162.93;137.79469913570256;188.06530086429746;2.709874104177036;2.2762133861174827;3.1435348222365893
2020-05-01 00:00:00;Extremadura;Puerro;110.94500544968159;-39.8191357024121;261.7091466017753;241.01;215.87469913570254;266.14530086429744;2.7129016039786173;2.279012929881897;3.1467902780753376
2020-06-01 00:00:00;Extremadura;Puerro;110.46647962790618;-40.14961553278934;261.08257478860173;306.06000000000006;280.9246991357026;331.1953008642975;2.7155955563001246;2.280965816977512;3.1502252956227372
2020-02-01 00:00:00;Galicia;Puerro;300.35;300.35;300.35;758.1;758.1;758.1;2.52;2.52;2.52
2020-03-01 00:00:00;Galicia;Puerro;324.36511765642626;164.39542121494992;484.3348140979026;484.74000000000007;468.88220599119126;500.5977940088089;3.028415332145002;2.4188424155797885;3.6379882487102155
2020-04-01 00:00:00;Galicia;Puerro;338.9919463479288;179.3742242159892;498.60966847986833;431.85;415.992205991184;447.70779400881605;2.7070787319754333;2.070027530804569;3.3441299331462977
2020-05-01 00:00:00;Galicia;Puerro;355.9348173441821;194.9006559844222;516.968978703942;516.74;500.882205991184;532.597794008816;3.087416844585856;2.4333222147080207;3.7415114744636915
2020-06-01 00:00:00;Galicia;Puerro;373.3320019073871;211.73059934803308;534.9334044667412;304.2;288.34220599118396;320.057794008816;2.7292618134271613;2.08005810046791;3.3784655263864125
2020-02-01 00:00:00;La rioja;Puerro;65.79;65.79;65.79;206.11;206.11;206.11;3.13;3.13;3.13
2020-03-01 00:00:00;La rioja;Puerro;81.49923228844003;66.69020710242872;96.30825747445134;94.91000000000001;-182.35490951641214;372.1749095164122;3.4671331713242837;2.827520636982397;4.106745705666171
2020-04-01 00:00:00;La rioja;Puerro;116.60151378946476;99.96697799826339;133.23604958066613;53.78000000000001;-223.484909516412;331.044909516412;3.124407118978917;2.4304360812149137;3.8183781567429205
2020-05-01 00:00:00;La rioja;Puerro;167.73703017941304;147.0746201842686;188.39944017455747;55.34;-221.924909516412;332.604909516412;3.2899872311879834;2.0298961107002924;4.550078351675674
2020-06-01 00:00:00;La rioja;Puerro;242.07513085487938;214.13013066313266;270.0201310466261;44.05;-233.21490951641198;321.314909516412;3.1775670255716952;1.7123146464552554;4.642819404688135
2020-02-01 00:00:00;Madrid;Puerro;862.29;862.29;862.29;1923.15;1923.15;1923.15;2.23;2.23;2.23
2020-03-01 00:00:00;Madrid;Puerro;769.9498470951256;506.02113373232396;1033.8785604579273;2051.97;1905.265520127279;2198.6744798727204;2.486674204439942;2.3648269668012283;2.608521442078656
2020-04-01 00:00:00;Madrid;Puerro;780.0610641057815;499.5713410838954;1060.5507871276677;1600.21;1453.5055201272794;1746.9144798727207;2.3229473904374296;2.173793272843597;2.4721015080312623
2020-05-01 00:00:00;Madrid;Puerro;789.2804175793785;509.4858781178487;1069.0749570409084;1343.1699999999998;1196.4655201272792;1489.8744798727205;2.212317123502842;2.0631334540490416;2.361500792956642
2020-06-01 00:00:00;Madrid;Puerro;798.7988095578116;518.3549849684582;1079.242634147165;1657.8099999999997;1511.105520127279;1804.5144798727204;2.3701258504625398;2.1836977644226105;2.556553936502469
2020-02-01 00:00:00;Murcia;Puerro;107.1;107.1;107.1;277.3;277.3;277.3;2.59;2.59;2.59
2020-03-01 00:00:00;Murcia;Puerro;114.36065823793432;79.37059050377248;149.35072597209614;296.55;244.22306673696733;348.8769332630327;3.053583668128423;2.7111817693240967;3.3959855669327492
2020-04-01 00:00:00;Murcia;Puerro;92.85412254893275;34.99678801657391;150.7114570812916;195.1;142.77306673696648;247.4269332630335;2.6305044862175064;2.207858621221837;3.053150351213176
2020-05-01 00:00:00;Murcia;Puerro;106.58905197536052;32.94273201464813;180.2353719360729;189.95999999999998;137.63306673696644;242.28693326303352;2.3613226022339986;1.8874253020569807;2.8352199024110165
2020-06-01 00:00:00;Murcia;Puerro;86.54930367529143;1.2949628190068267;171.80364453157603;95.49999999999999;43.17306673696646;147.8269332630335;2.9820838932813527;2.399080521724236;3.5650872648384695
2020-02-01 00:00:00;Navarra;Puerro;63.68;63.68;63.68;225.56;225.56;225.56;3.54;3.54;3.54
2020-03-01 00:00:00;Navarra;Puerro;70.89529889383674;11.304188611173572;130.4864091764999;227.55;198.77772579014842;256.32227420985157;3.5257354557988076;2.7751691775363314;4.276301734061284
2020-04-01 00:00:00;Navarra;Puerro;74.17719401377488;14.591206760733144;133.76318126681662;155.59;126.8177257901491;184.3622742098509;3.461806315781823;2.678240532300605;4.245372099263041
2020-05-01 00:00:00;Navarra;Puerro;75.66471649415438;15.892571294605766;135.43686169370298;125.41;96.63772579014909;154.1822742098509;3.440631935097931;2.481945928255361;4.399317941940501
2020-06-01 00:00:00;Navarra;Puerro;78.89014917520598;19.05115312202868;138.7291452283833;141.96000000000004;113.18772579014913;170.73227420985094;3.470545199159917;2.5097101604236425;4.4313802378961915
2020-02-01 00:00:00;Pais vasco;Puerro;341.07;341.07;341.07;1122.96;1122.96;1122.96;3.29;3.29;3.29
2020-03-01 00:00:00;Pais vasco;Puerro;347.5060251080381;213.57456123121477;481.43748898486143;1135.69;645.7858195076711;1625.594180492329;3.5226575169188163;3.2487209212725787;3.796594112565054
2020-04-01 00:00:00;Pais vasco;Puerro;342.3580236871291;175.56357597360613;509.1524714006521;872.2;382.2958195076714;1362.1041804923286;3.3376280036746993;3.0151499763505285;3.66010603099887
2020-05-01 00:00:00;Pais vasco;Puerro;339.15466298833434;134.6285150141699;543.6808109624988;671.9300000000001;182.02581950767143;1161.8341804923286;3.2990340982635074;2.944828665252797;3.6532395312742176
2020-06-01 00:00:00;Pais vasco;Puerro;335.50601421780607;102.29154788643683;568.7204805491754;747.35;257.4458195076714;1237.2541804923287;3.3970891384725888;3.04283192623665;3.7513463507085274
2020-02-01 00:00:00;Valencia;Puerro;380.06;380.06;380.06;1020.17;1020.17;1020.17;2.68;2.68;2.68
2020-03-01 00:00:00;Valencia;Puerro;560.6632244753556;406.6386707221169;714.6877782285943;1042.28;1019.9553997636276;1064.6046002363723;2.9335754344536866;2.6703949058374032;3.19675596306997
2020-04-01 00:00:00;Valencia;Puerro;461.34718748122015;287.6350459568405;635.0593290055998;958.88;936.5553997636226;981.2046002363774;2.6475894167100047;2.350634080238722;2.9445447531812876
2020-05-01 00:00:00;Valencia;Puerro;536.2261576688988;247.17421176599976;825.2781035717979;952.98;930.6553997636227;975.3046002363774;2.8408644028672247;2.498283513689288;3.1834452920451617
2020-06-01 00:00:00;Valencia;Puerro;487.75156804043297;172.50582348683224;802.9973125940337;828.46;806.1353997636227;850.7846002363774;2.7897565326042404;2.4434387829159574;3.1360742822925234
2020-02-01 00:00:00;Nacional;Mango;3087.98;3087.98;3087.98;7368.97;7368.97;7368.97;2.39;2.39;2.39
2020-03-01 00:00:00;Nacional;Mango;2882.279018284967;9.566990390309911;5754.991046179624;7653.288617094131;3244.5009988189877;12062.076235369273;2.102148642009541;-1957.8618725883716;1962.0661698723907
2020-04-01 00:00:00;Nacional;Mango;2668.3032939464274;-1313.3012429782489;6649.907830871103;7818.28779263504;1831.9377914777087;13804.637793792372;1.8650413930700176;-4036.137263557641;4039.867346343781
2020-05-01 00:00:00;Nacional;Mango;2470.2127806911108;-2259.188624670394;7199.614186052615;7857.121341014356;1515.920574842783;14198.32210718593;1.6693721139455981;-6258.332688333199;6261.67143256109
2020-06-01 00:00:00;Nacional;Mango;2286.8281861860273;-2999.9491737687445;7573.6055461408;7830.375708166359;1483.0129979236099;14177.738418409108;1.507546879419531;-8517.509449345225;8520.524543104066
2020-02-01 00:00:00;Andalucia;Mango;557.67;557.67;557.67;1178.35;1178.35;1178.35;2.11;2.11;2.11
2020-03-01 00:00:00;Andalucia;Mango;493.1094715380937;-237.67358555516017;1223.8925286313477;1346.3713521671361;132.39979278065402;2560.3429115536183;2.216646037616756;-1957.7473938305786;1962.1806859058122
2020-04-01 00:00:00;Andalucia;Mango;413.1276110186869;-614.7213318418417;1440.9765538792153;1468.700344501212;-198.1735215900228;3135.5742105924464;2.1368314434524684;-2206.9679105585565;2211.2415734454617
2020-05-01 00:00:00;Andalucia;Mango;346.1187278630938;-846.8491111270308;1539.0865668532183;1502.1549318979478;-249.01096534514636;3253.320829141042;2.145073372564144;-2637.1285506367813;2641.4186973819096
2020-06-01 00:00:00;Andalucia;Mango;289.9786181857198;-1006.3863083871017;1586.3435447585414;1478.1527667170737;-265.3761498156182;3221.6816832497657;2.112129888785935;-2908.155681069817;2912.379940847389
2020-02-01 00:00:00;Aragon;Mango;42.55;42.55;42.55;103.89;103.89;103.89;2.44;2.44;2.44
2020-03-01 00:00:00;Aragon;Mango;35.41053952726631;-32.30740622883333;103.12848528336595;124.22249022360907;18.63096562462114;229.81401482259702;2.308237979033539;-1957.6558459149135;1962.2723218729805
2020-04-01 00:00:00;Aragon;Mango;28.934029931338582;-71.11253315576484;128.980593018442;177.33788664858628;-0.0961861440487155;354.77195944122127;2.1840901357513895;-3904.5067347765266;3908.8749150480294
2020-05-01 00:00:00;Aragon;Mango;23.64205965918608;-93.10728869369973;140.3914080120719;216.9905206780649;8.968837654129032;425.01220370200076;2.0670077200754204;-5870.390147089625;5874.524162529777
2020-06-01 00:00:00;Aragon;Mango;19.317979080512245;-107.36294515050166;145.99890331152613;221.01797331764854;7.196090125720843;434.83985650957624;1.9565036799595295;-7757.97699560701;7761.890002966929
2020-02-01 00:00:00;Asturias;Mango;68.84;68.84;68.84;181.17;181.17;181.17;2.63;2.63;2.63
2020-03-01 00:00:00;Asturias;Mango;72.3830109001967;47.43061313321029;97.3354086671831;174.32503957859348;121.66262947495574;226.98744968223122;2.506593383076449;-1957.4577070320363;1962.4708937981893
2020-04-01 00:00:00;Asturias;Mango;76.4937634897082;51.40030539031568;101.58722158910072;156.47293145438906;86.46972002417601;226.4761428846021;2.4975677088282477;-2127.689055861336;2132.6841912789923
2020-05-01 00:00:00;Asturias;Mango;80.83797261331547;55.58790858640794;106.08803664022301;173.2761095723737;102.15973130746957;244.39248783727786;2.4266048799209328;-2558.3610004827224;2563.214210242564
2020-06-01 00:00:00;Asturias;Mango;85.42889665914214;60.00507401765381;110.85271930063047;174.962065611006;93.57218687443859;256.3519443475734;2.39148515237063;-2768.688417945195;2773.471388249936
2020-02-01 00:00:00;Baleares;Mango;129.93;129.93;129.93;310.68;310.68;310.68;2.39;2.39;2.39
2020-03-01 00:00:00;Baleares;Mango;119.49799985956639;-35.93518803818867;274.9311877573215;432.6781600902838;146.1551238562625;719.2011963243051;3.5406299435102864;-1956.423543944218;1963.5048038312386
2020-04-01 00:00:00;Baleares;Mango;102.57247119455263;-113.98572342538674;319.130665814492;479.3206538641102;70.37574328946539;888.2655644387551;1.2536247829419258;-2651.236016013152;2653.7432655790362
2020-05-01 00:00:00;Baleares;Mango;88.04425060939683;-164.246128300851;340.3346295196447;443.1151561464557;11.347977370509398;874.882334922402;5.4969975458556375;-5926.106671659051;5937.100666750762
2020-06-01 00:00:00;Baleares;Mango;75.57378675870248;-200.09588997521112;351.2434634926161;393.9125005048547;-39.29788908388929;827.1228900935987;-2.66151402894217;-10114.846262408133;10109.52323435025
2020-02-01 00:00:00;Canarias;Mango;23.86;23.86;23.86;103.14;103.14;103.14;4.32;4.32;4.32
2020-03-01 00:00:00;Canarias;Mango;6.75166218134153;-334.7230451479435;348.22636951062657;-28.911057064251935;-828.8874583038208;771.0653441753169;4.452265043235961;-1955.512424318272;1964.4169544047438
2020-04-01 00:00:00;Canarias;Mango;5.598174141687291;-490.9200961287856;502.1164444121602;-152.12368421377857;-1413.0719439202717;1108.8245754927148;4.473766277616918;-2479.823767175324;2488.771299730558
2020-05-01 00:00:00;Canarias;Mango;4.641753819861466;-574.8872349452536;584.1707425849766;-201.76905147547672;-1944.9506826098352;1541.4125796588817;4.521316517830726;-2975.2584104523803;2984.3010434880416
2020-06-01 00:00:00;Canarias;Mango;3.848733172438358;-626.4397250776187;634.1371914224953;-239.88431597434678;-2401.1103977708267;1921.341765822133;4.563358680945445;-3395.2910846100976;3404.4178019719884
2020-02-01 00:00:00;Cantabria;Mango;15.52;15.52;15.52;48.1;48.1;48.1;3.1;3.1;3.1
2020-03-01 00:00:00;Cantabria;Mango;32.0557574026962;10.390563171990014;53.72095163340239;63.76703687908715;1.1828246263537707;126.35124913182054;-0.34478959432981426;-1960.3090946844302;1959.6195154957707
2020-04-01 00:00:00;Cantabria;Mango;33.88960701917015;12.100781008620153;55.678433029720146;63.220069613656186;-2.329566725080035;128.7697059523924;9.227179289822386;-4018.434475150106;4036.888833729751
2020-05-01 00:00:00;Cantabria;Mango;35.82836772458186;13.90218481023199;57.75455063893173;63.08090897170481;-5.543843736199271;131.70566167960888;-17.52243161451177;-12447.40745869948;12412.362595470455
2020-06-01 00:00:00;Cantabria;Mango;37.87804128509756;15.799347347682648;59.95673522251247;63.09108922333129;-8.593000022955913;134.77517846961848;57.07936588325747;-33231.898274676656;33346.05700644317
2020-02-01 00:00:00;Castilla la mancha;Mango;110.51;110.51;110.51;246.33;246.33;246.33;2.23;2.23;2.23
2020-03-01 00:00:00;Castilla la mancha;Mango;96.06121307215457;31.2032657379755;160.91916040633365;194.23614657903903;10.213849879968791;378.25844327810927;2.3020400580784144;-1957.6619817230307;1962.2660618391874
2020-04-01 00:00:00;Castilla la mancha;Mango;100.54968024919538;35.40466129995997;165.69469919843078;203.82387697938725;16.678800289152605;390.9689536696219;2.182374276770445;-2016.748177576592;2021.1129261301328
2020-05-01 00:00:00;Castilla la mancha;Mango;105.24787138198344;39.78977250564954;170.70597025831734;193.64376336122695;-5.60814687865539;392.89567360110925;2.2049232388299917;-2535.6819851683035;2540.0918316459633
2020-06-01 00:00:00;Castilla la mancha;Mango;110.16558583762549;44.366176289878894;175.96499538537208;195.3821878570787;-7.6311964195066935;398.3955721336641;2.1239148897868954;-2638.804273209287;2643.0521029888614
2020-02-01 00:00:00;Castilla leon;Mango;132.11;132.11;132.11;347.92;347.92;347.92;2.63;2.63;2.63
2020-03-01 00:00:00;Castilla leon;Mango;163.30328801395657;62.580495376671536;264.0260806512416;364.5846617817575;172.72154583592373;556.4477777275913;2.8289133788711847;-1957.1351608488494;1962.7929876065919
2020-04-01 00:00:00;Castilla leon;Mango;167.0696273964071;66.15244683528375;267.98680795753046;396.8824380073062;191.9948448729013;601.7700311417111;2.6328917158944836;-1963.0876346589723;1968.3534180907611
2020-05-01 00:00:00;Castilla leon;Mango;170.9228316088088;69.80259344665852;272.04306977095905;384.3518177961321;179.2941752064083;589.4094603858558;2.80057900360928;-2670.6299263665114;2676.2310843737296
2020-06-01 00:00:00;Castilla leon;Mango;174.86490405497534;73.53256968066832;276.1972384292824;369.84725196708837;155.61068604534594;584.0838178888308;2.633374851357774;-2685.115698769296;2690.382448472012
2020-02-01 00:00:00;Cataluña;Mango;504.69;504.69;504.69;1213.46;1213.46;1213.46;2.4;2.4;2.4
2020-03-01 00:00:00;Cataluña;Mango;646.1844517155967;289.46657785755673;1002.9023255736365;1691.66416914323;1016.4135202721111;2366.9148180143493;2.1921333950993804;-1957.7719288259077;1962.1561956161063
2020-04-01 00:00:00;Cataluña;Mango;664.686699642979;307.0932635568423;1022.2801357291156;1346.1914485673406;506.5769893760123;2185.8059077586686;2.107359348161292;-3258.004352961712;3262.219071658035
2020-05-01 00:00:00;Cataluña;Mango;683.7187238245831;325.2011957809105;1042.2362518682557;1421.9233212315082;549.6196857811942;2294.2269566818222;2.064521784224025;-4298.155279142236;4302.284322710684
2020-06-01 00:00:00;Cataluña;Mango;703.2956933836767;343.8029829593956;1062.7884038079578;1572.9618950141098;472.67820642705533;2673.245583601164;2.0360666427887106;-5157.973206326318;5162.0453396118955
2020-02-01 00:00:00;Extremadura;Mango;31.09;31.09;31.09;73.85;73.85;73.85;2.38;2.38;2.38
2020-03-01 00:00:00;Extremadura;Mango;29.086133121411088;2.3800919241015492;55.792174318720626;75.87860485104852;22.07782227915981;129.67938742293722;2.2339475380058946;-1957.7300587156221;1962.1979537916338
2020-04-01 00:00:00;Extremadura;Mango;27.43400498165445;-9.70887233614189;64.57688229945079;76.537966732851;-0.028135309167069522;153.10406877486906;2.3743704480612493;-1957.596873947278;1962.3456148434004
2020-05-01 00:00:00;Extremadura;Mango;25.875719752496554;-18.536232972233666;70.28767247722678;76.02607255174647;-15.488285014372892;167.5404301178658;2.227909249634778;-2769.852328866846;2774.3081473661155
2020-06-01 00:00:00;Extremadura;Mango;24.405947041180493;-25.592209925658846;74.40410400801983;76.25813654009988;-29.227698261780347;181.7439713419801;2.368756261051727;-2769.7319601160893;2774.4694726381927
2020-02-01 00:00:00;Galicia;Mango;150.22;150.22;150.22;391.14;391.14;391.14;2.6;2.6;2.6
2020-03-01 00:00:00;Galicia;Mango;173.6703800662343;97.83216178463442;249.50859834783415;340.7506914830706;172.2618352990891;509.23954766705214;2.7493587503620773;-1957.2146541150296;1962.7133716157537
2020-04-01 00:00:00;Galicia;Mango;180.83226599289478;104.70670808367697;256.9578239021126;395.2348693407426;150.60562620682387;639.8641124746613;2.820217135426705;-2445.8122557441916;2451.4526900150454
2020-05-01 00:00:00;Galicia;Mango;188.28949652585447;111.85363187479618;264.72536117691277;399.8635608624091;146.5329750893238;653.1941466354943;2.9170141034031785;-2962.708107224693;2968.5421354314994
2020-06-01 00:00:00;Galicia;Mango;196.05425119957727;119.28337605592462;272.8251263432299;362.9123319969318;84.17612573488475;641.6485382589789;3.0102505667122985;-3406.7332001063915;3412.753701239816
2020-02-01 00:00:00;La rioja;Mango;17.86;17.86;17.86;47.98;47.98;47.98;2.69;2.69;2.69
2020-03-01 00:00:00;La rioja;Mango;11.114290560220576;-2.470904493961969;24.699485614403123;36.78520311540599;12.89810632372685;60.67229990708513;2.8633327414040135;-1957.1007976599906;1962.8274631427987
2020-04-01 00:00:00;La rioja;Mango;5.911467668047064;-10.279842480447687;22.102777816541813;48.035360157693006;15.487477641948296;80.58324267343772;3.013372584395673;-2676.350008413853;2682.3767535826446
2020-05-01 00:00:00;La rioja;Mango;3.1441907876189497;-13.711418183851904;19.999799759089804;36.761607493660605;-3.6377851157373584;77.16100010305857;3.175420204040643;-3312.9073399753315;3319.2581803834128
2020-06-01 00:00:00;La rioja;Mango;1.672331858022972;-15.36650562741826;18.711169343464203;48.05906480854942;2.007904259192429;94.11022535790642;3.3456777159909117;-3897.9125038955212;3904.603859327503
2020-02-01 00:00:00;Madrid;Mango;781.8;781.8;781.8;1837.19;1837.19;1837.19;2.35;2.35;2.35
2020-03-01 00:00:00;Madrid;Mango;806.069436232265;318.25501796432263;1293.8838545002075;2187.8020570262815;1480.3007479091689;2895.303366143394;2.3877360279602566;-1957.576269724237;1962.3517417801575
2020-04-01 00:00:00;Madrid;Mango;706.2764528189535;-67.80810919246846;1480.3610148303756;1939.3821917142093;699.593865113193;3179.1705183152253;2.452045253496152;-3039.580324974325;3044.4844154813172
2020-05-01 00:00:00;Madrid;Mango;618.8380372516557;-317.40030560147125;1555.0763801047826;1572.3842390412808;159.49146780276806;2985.2770102797936;2.5222430381527485;-3898.896983893299;3903.9414699696044
2020-06-01 00:00:00;Madrid;Mango;542.2246697040166;-501.5468281710305;1585.9961675790637;1564.809285097802;121.81601549496872;3007.8025547006355;2.5951087393352776;-4642.561975868226;4647.752193346896
2020-02-01 00:00:00;Murcia;Mango;52.89;52.89;52.89;143.33;143.33;143.33;2.71;2.71;2.71
2020-03-01 00:00:00;Murcia;Mango;78.24715067007499;9.06049981619337;147.43380152395662;161.9787224969167;14.851768957348014;309.1056760364854;2.2893716349552578;-1957.6747538543523;1962.2534971242626
2020-04-01 00:00:00;Murcia;Mango;80.28443206147223;10.945828565563374;149.6230355573811;162.6905712996437;14.444203567502171;310.9369390317852;2.352089970546203;-2015.1854704343086;2019.8896503754008
2020-05-01 00:00:00;Murcia;Mango;82.374757115574;12.87654432407848;151.87296990706952;162.50624213171906;14.338019645125087;310.67446461831304;2.089085991648722;-2461.4386649608714;2465.6168369441684
2020-06-01 00:00:00;Murcia;Mango;84.51950690333346;14.853660402897589;154.18535340376934;162.48415760394553;14.329626521239135;310.6386886866519;2.06637071152418;-2548.804332437247;2552.937073860295
2020-02-01 00:00:00;Navarra;Mango;61.16;61.16;61.16;128.48;128.48;128.48;2.1;2.1;2.1
2020-03-01 00:00:00;Navarra;Mango;49.12302662173205;16.182607105348914;82.06344613811518;98.10095556241171;29.287692393532552;166.91421873129087;0.029212846976887974;-1959.9349021362643;1959.993327830218
2020-04-01 00:00:00;Navarra;Mango;53.65400298871005;20.358145345503004;86.94986063191709;102.4682023149899;30.33380292510671;174.60260170487308;-3.6347967130593135;-5789.8750946166865;5782.605501190567
2020-05-01 00:00:00;Navarra;Mango;58.60290447655245;24.887916731217715;92.31789222188719;102.10321367118118;24.545495686365527;179.66093165599682;-10.148047662440053;-13021.6530334481;13001.35693812322
2020-06-01 00:00:00;Navarra;Mango;64.00827937871816;29.799993620791476;98.21656513664485;102.11317495252408;19.685177845172362;184.5411720598758;-21.756421102407757;-26219.519395609397;26176.006553404583
2020-02-01 00:00:00;Pais vasco;Mango;101.16;101.16;101.16;235.94;235.94;235.94;2.33;2.33;2.33
2020-03-01 00:00:00;Pais vasco;Mango;94.57782819372751;-41.288171979591695;230.4438283670467;239.17490647913132;-36.44884614934267;514.7986591076053;2.8946405846841863;-1957.069527331594;1962.8588085009621
2020-04-01 00:00:00;Pais vasco;Mango;86.98186046384575;-81.44161813035205;255.40533905804355;228.66717588144533;-145.36507075590166;602.6994225187923;2.8674205782858317;-2354.39472784955;2360.1295690061215
2020-05-01 00:00:00;Pais vasco;Mango;79.99595882297608;-111.69633473391956;271.6882523798717;230.49230085188074;-235.6956568882205;696.680258591982;3.0753777654996854;-2880.098148502339;2886.248904033338
2020-06-01 00:00:00;Pais vasco;Mango;73.57112613919304;-135.7933140910674;282.93556636945345;229.38064963578623;-310.68598589076487;769.4472851623373;3.2034347084528547;-3310.7285757764985;3317.135445193404
2020-02-01 00:00:00;Valencia;Mango;306.13;306.13;306.13;777.99;777.99;777.99;2.54;2.54;2.54
2020-03-01 00:00:00;Valencia;Mango;321.19149577921405;66.38498691049267;575.9980046479354;428.84888293903913;-10.76227615439825;868.4600420324765;2.5724972082516473;-1957.3915304485;1962.5365248650032
2020-04-01 00:00:00;Valencia;Mango;333.64323099263913;77.94004402677615;589.3464179585021;823.751211977398;221.99829568452265;1425.5041282702734;2.5160851014759302;-5241.638887995639;5246.671058198592
2020-05-01 00:00:00;Valencia;Mango;346.57768667613493;89.9104640996797;603.2449092525901;381.09610594399214;-404.0882653270769;1166.2804772150612;2.326594557854637;-10489.022644758632;10493.675833874342
2020-06-01 00:00:00;Valencia;Mango;360.01357661121307;102.31016852609662;617.7169846963295;877.8025133091569;-6.774443541327514;1762.3794701596412;1.9422385011663312;-18420.38228641685;18424.266763419186
